1940 3081
124 147 179 180 253

648 150 797 181 CONTRA
815 151 1045 182 MANICH/EOS
1061 152 1178 183 LIBER
1198 151 1247 183 IV.

1699 150 1752 183 251

124 207 158 234 ικ
172 205 227 232 τῶν
238 205 467 242 προφητοκτόνων
480 205 584 241 φύντας
595 205 650 232 οὐδ’
662 207 702 238 είς
716 207 813 239 ποινὰς
825 207 914 242 ἄγειν,

969 212 1094 237 auctores
1110 208 1248 236 homicidii
1266 215 1360 244 pmnas
1382 206 1521 239 transfert,
1538 206 1585 234 sed
1607 212 1635 233 et
1655 214 1753 242 proge—

125 252 196 279 ἀλλά
214 253 276 283 ταῖς
294 251 418 287 πρώταις
434 251 590 284 δεξιοῦσθαι
607 254 711 287 τιμαῖς.
732 252 761 279 '0
771 253 800 279 δὲ
813 253 915 288 ἀγαθὸς

125 299 176 326 καὶ
192 298 382 333 φιλάνθρωπος
397 298 476 333 ἡμῶν
487 298 594 334 Σωτὴρ,
607 298 720 325 καὶτῶν
737 299 820 326 αὑτοῦ
835 298 917 334 θερα-

125 345 235 372 πόντων
249 344 395 379 ὲκδικητὴς
412 345 463 371 οὐκ
491 346 532 376 είς
554 345 618 377 τοὺς
648 346 816 381 αὐτουργοὺς
836 347 916 381 μόνον

125 391 181 418 τῶν
196 391 348 426 μιαιφόνων
362 391 409 417 καὶ
420 391 471 423 τὰς
482 391 532 427 τῆς
542 391 699 426 μιαιφονίας
713 392 830 424 εὐθύνας
838 400 917 428 περι-

125 436 238 472 γράφει,
254 436 322 463 ἀλλὰ
339 437 387 463 καὶ
411 437 475 469 τοὺς
505 437 617 464 ἐκείνων
642 439 741 469 παῖδας
758 438 837 473 ὄφεις
865 440 915 466 καὶ

125 483 286 518 γεννήματα
300 482 414 517 ἐχιδνῶν
431 483 591 518 ἀποφαίνων
606 483 727 517 ἄφυκτον
740 483 833 515 αὐτοῖς
850 490 923 519 ἀνα-γ

129 529 225 564 μένειν
239 528 288 564 τὴν
302 529 414 562 γέενναν
426 528 474 555 τοῦ
487 528 574 564 πυρὸς
589 528 781 564 προαγγέλλει.
795 529 917 565 Συνέχων

128 575 151 602 δ’
164 574 205 601 ἔτι
219 573 319 609 μᾶλλον
338 575 371 601 τά
387 574 436 602 νέα
456 575 514 606 τοῖς
542 574 668 604 παλαιοῖς
683 574 730 600 καὶ
761 574 795 601 τὰ
815 575 918 602 παλαιά

127 619 274 647 συνάπτων
286 620 343 651 τοῖς
356 619 438 652 νέοις,
449 619 496 646 καὶ
510 619 542 645 τὸ
561 620 591 646 ἐν
604 620 706 654 ἀμφοῖν
727 619 918 656 πλημμέλημα

126 666 162 693 δι’
179 667 238 693 ῐσου
252 666 361 697 δεικνὺς
381 666 422 697 είς
434 665 586 700 καταδίκην
603 664 680 699 ἄγον,
697 665 732 692 δι’
758 662 793 701 ἦς
816 665 863 692 καὶ
883 665 918 692 τὰ

127 711 177 745 τῆς
195 711 290 745 τιμῆς,
303 711 395 742 αὐτοῖς
414 710 605 745 συνεισάγεται
619 710 670 745 τῆς
687 711 748 746 ῐσης
763 711 811 737 καὶ
823 710 919 746 ὁμοίας

128 755 294 791 κληρουχίας
318 755 507 790 μετεσχηκότα
520 763 529 769 “
552 755 605 782 Διὰ
634 755 722 782 τοῦτο
735 755 804 790 ἐγὼ,
825 755 918 791 φησὶν,

127 800 287 829 ἀποστελῶ
302 801 378 835 πρὸς
389 801 466 836 ὑμᾶς
486 801 642 836 προφήτας
663 802 713 828 καὶ
732 802 850 836 σοφοὺς
868 801 934 828 καὶ.Δ

128 847 318 884 πιαμμοτεῒς,
342 847 392 874 καί
406 847 441 879 ἐξ
451 847 551 874 αὐτῶν
570 848 777 882 μαστιγώσετε
804 849 839 875 ἐν
853 848 919 881 ταῖς

128 893 316 928 συγαγωγαῐς
328 892 423 927 ὑμῶν,
442 892 494 920 καὶ
518 893 638 925 διώξετε
651 893 711 920 ἀπὸ
736 894 853 927 πόλεως
874 895 918 927 εις

127 938 229 965 πόλιν.
247 937 371 972 Πρόσχες
383 945 390 952 ·
408 938 510 970 ὀπως
526 937 564 963 ἂν
584 937 661 970 ἔλθῃ
683 937 729 971 ἐφ’
742 936 831 971 ὑμᾶς.
858 936 919 964 πᾶν

127 981 202 1017 αἷμα
221 982 339 1009 δίκαιον
350 983 559 1016 ἐκχυνόμενον
570 982 619 1009 ἐπὶ
632 981 687 1016 τῆς
702 982 769 1016 γῆς,
783 981 843 1010 ἀπὸ
866 982 920 1009 τοῦ

127 1028 252 1063 αἵματος
264 1028 354 1055 Ἀσελ
366 1027 420 1054 τοῦ
430 1027 551 1054 δικαίου
560 1027 615 1060 ἕως
625 1027 678 1055 τοῦ
689 1028 813 1062 αἵματος
823 1029 920 1061 Ζαχα-

124 1074 196 1108 ρίου
209 1073 277 1100 υίοῦ
287 1073 450 1107 Βαραχίου,
463 1073 500 1099 ὃν
518 1073 704 1107 ἐφονεύσατε
723 1073 837 1107 μεταξὺ
865 1072 919 1100 τοῦ

127 1119 205 1146 ναοῦ
219 1118 335 1145 καὶτοῦ
348 1118 577 1152 θυσιαστηρίου.
600 1118 693 1154 Ὁρᾷς.
707 1118 782 1149 ὅπως
803 1118 853 1153 τῆς
872 1119 922 1145 αὺ-

127 1164 180 1200 τῆς
194 1165 304 1199 ἐνόχους
322 1165 370 1190 καὶ
400 1165 557 1199 μιαιφονίας
582 1164 629 1190 καὶ
647 1163 782 1199 τιμωρίας
799 1163 917 1198 ἀποφαί-

127 1216 180 1241 νει,
195 1208 252 1235 ὅσοι
260 1217 290 1235 τε
304 1209 354 1240 τὰς
368 1209 557 1244 παλαμναίους
576 1200 670 1243 χεῖρας
681 1208 754 1234 κατὰ
780 1208 835 1234 τῶν
860 1208 915 1244 πρὸ

127 1253 179 1289 τῆς
205 1255 316 1289 χάριτος
343 1254 403 1289 Θεῷ
431 1255 676 1289 εὐαρεπησάντων
699 1254 918 1286 ἐπανετείναντο,

128 1299 176 1324 καὶ
190 1298 248 1325 ὅσοι
261 1299 320 1326 κατ’
333 1298 456 1329 ἐκείνων,
470 1295 508 1325 ὧν
521 1299 537 1333 ή
557 1298 638 1333 χάρις
649 1298 680 1324 τὺ
694 1298 857 1334 πολίτευμα,
869 1299 918 1326 καὶ

128 1342 178 1374 οὓς
193 1343 273 1375 αὐτὸς
286 1344 327 1375 εἰς
339 1343 389 1376 τὰς
404 1343 458 1370 τῶν
479 1343 615 1370 Ἰουδαίων
636 1344 798 1378 συναγωγὰς
810 1344 858 1370 καὶ
869 1345 919 1371 πό-

130 1389 188 1421 λεις
202 1389 253 1425 τὴν
266 1389 405 1424 βασιλείαν
422 1388 506 1416 αὑτοῦ
523 1389 672 1424 κηρύσσειν
686 1389 842 1421 ἀπέστειλε,
869 1390 920 1425 τὴν

967 257 1039 283 niem
1056 263 1150 284 eorum
1170 260 1311 290 serpentes
1336 259 1364 282 et
1388 258 1546 289 serpentum
1567 253 1638 280 fetus
1661 253 1754 287 appel—

966 303 1043 336 lans,
1068 302 1250 330 inevitabilem
1287 301 1356 336 ignis
1389 300 1540 335 gehennam
1569 307 1616 327 eos
1643 307 1753 326 manere

966 349 1142 384 praenuntiat.
1160 348 1257 375 Adhuc
1274 354 1338 374 vero
1356 346 1441 381 magis
1457 354 1526 373 nova
1541 354 1603 373 cum
1615 346 1753 372 veteribus

967 396 1146 431 coniungens,
1175 395 1204 422 et
1224 399 1315 421 vetera
1344 394 1421 420 novis
1449 393 1590 427 adaptans,
1611 398 1692 427 atque
1714 392 1752 424 id,

967 440 1040 475 quod
1061 439 1189 474 utrinque
1206 442 1345 473 peccatur,
1363 437 1492 471 aequalem
1513 444 1621 471 poenam
1645 444 1752 471 prome-

967 487 1020 514 reri
1034 490 1205 518 oslensurus,
1218 493 1272 520 quo
1287 486 1346 519 ipso
1366 483 1447 511 simul
1466 483 1652 514 subinnuitur,
1669 482 1753 509 utris-

967 538 1021 566 que
1044 531 1170 558 eumdcm
1185 530 1288 557 cultum
1304 529 1484 563 eumdemque
1508 528 1648 563 dignitatis
1663 528 1752 555 locum

968 576 1152 612 adjudicatum
1180 583 1240 603 esse
1259 584 1266 602 :
1287 574 1428 608 Propterea
1445 582 1500 609 ego,
1529 575 1627 608 inquit,
1650 575 1752 600 mittant

969 623 1004 650 ιιιί
1019 630 1063 649 vos
1077 622 1215 657 prophetas
1236 625 1262 647 et
1275 620 1415 655 sapientes.
1431 624 1455 646 et
1476 620 1584 651 scribas,
1600 624 1624 646 et
1645 627 1676 646 ex
1702 619 1754 646 illis

968 668 1107 695 nonnullos
1126 667 1229 694 credetis
1244 667 1271 693 in
1296 666 1434 701 aynagogis
1444 666 1545 698 vestris,
1571 671 1595 692 et
1617 674 1754 701 perseque-

969 714 1034 741 mini
1044 707 1083 740 ea:
1108 721 1161 739 una
1189 712 1253 739 urbe
1274 712 1303 738 in
1318 712 1454 745 aliam“;
1479 711 1589 740 attende
1609 713 1699 739 nuncl
1723 712 1754 739 Ut

968 760 1056 786 veniat
1068 767 1147 793 super
1161 766 1204 784 vos
1219 758 1303 784 omnis
1317 758 1425 792 sanguis
1437 757 1538 791 justus,
1554 757 1598 792 qui
1612 757 1706 792 eﬂitsus
1719 763 1754 783 est

969 813 1047 839 super
1061 810 1161 831 terram
1179 804 1238 830 inde
1256 812 1271 830 a
1285 805 1413 838 sanguine
1428 802 1515 829 Abelis
1530 803 1597 837 justi
1619 811 1699 837 usque
1721 802 1756 828 ad

969 850 1123 885 sanguinem
1136 849 1286 881 Zachariw,
1301 848 1350 882 ﬁlii
1366 848 1516 880 Barac/tiae,
1533 856 1609 882 quem
1626 847 1756 874 orcidistis

968 898 1040 922 intra
1055 894 1180 928 templum
1194 898 1218 920 et
1233 893 1319 920 altare
1329 893 1361 920 “.
1374 892 1504 925 Videsne,
1519 892 1656 927 quomodo
1667 892 1755 919 cidem

966 947 995 970 et
1010 941 1076 969 caedi
1092 946 1120 968 et
1133 948 1220 976 paenae
1235 939 1368 967 obnoxios
1380 939 1549 974 pronuntiet,
1563 943 1620 965 tum
1636 945 1694 970 eos,
1709 937 1756 972 qui

967 985 1068 1020 impias
1091 992 1189 1012 manus
1206 983 1359 1011 intulerunt
1380 983 1413 1010 iis
1428 982 1550 1017 quiante
1577 981 1670 1016 gratiae
1687 986 1757 1008 tem-

967 1040 1018 1067 pus
1041 1031 1099 1058 Deo
1112 1031 1282 1066 placuerunt,
1302 1033 1360 1056 tum
1375 1029 1436 1055 illos
1447 1028 1493 1062 qui
1514 1028 1540 1054 in
1557 1027 1684 1054 homines
1703 1026 1755 1054 sub

968 1077 1054 1113 gratia
1069 1077 1193 1104 viventes
1212 1083 1315 1110 eosque
1337 1082 1445 1106 omnes,
1476 1081 1546 1109 quos
1562 1074 1620 1109 ipse
1642 1081 1756 1109 regnum

969 1130 1049 1150 suum
1064 1122 1276 1149 annuntiaturos
1289 1120 1317 1148 in
1333 1121 1415 1148 urbes
1429 1125 1458 1147 el
1471 1127 1621 1155 synagogas
1633 1120 1754 1151 miserat,

969 1167 1175 1203 sanguinarium
1194 1167 1315 1194 furorem
1339 1166 1506 1193 effuderunt.
1533 1165 1571 1193 ita
1594 1170 1623 1193 et
1649 1170 1758 1200 tempus

966 1213 1070 1248 gratiae,
1084 1216 1112 1239 et
1126 1219 1157 1238 ea
1172 1219 1231 1245 quae
1249 1210 1315 1237 illud
1336 1214 1554 1241 antecesserunt,
1572 1209 1710 1237 aestimans
1729 1215 1757 1237 et

966 1255 1058 1292 magni
1078 1255 1183 1282 faciens
1194 1254 1284 1286 Jesus,
1306 1253 1449 1287 utriusque
1465 1257 1562 1280 auctor
1579 1257 1607 1279 et
1621 1253 1755 1284 conditor,

966 1305 996 1328 et
1021 1301 1121 1335 ubique
1145 1299 1288 1334 utriusque
1314 1298 1525 1326 consensionem
1548 1299 1701 1329 stabiliens,
1726 1306 1758 1326 ae

967 1345 1063 1372 eodem
1076 1344 1151 1371 cultu
1167 1342 1355 1378 prosequenda
1367 1343 1528 1374 ostendens,
1537 1349 1647 1370 omnem
1661 1342 1758 1377 impie-

969 1391 1032 1418 tatis
1051 1394 1213 1425 praetextum
1228 1388 1395 1424 praescindit.

130 1435 279 1471 αἰμοὸόρον
295 1435 397 1463 λύσσαν
421 1436 613 1470 ὲναπεχέαντο.
636 1435 730 1466 Οὕτως
757 1435 807 1470 τὴν
835 1436 915 1470 χάριν
934 1436 982 1463 καὶ
998 1437 1032 1463 τὰ
1049 1436 1102 1471 πρὸ
1131 1436 1181 1470 τῆς
1192 1436 1302 1471 χάριτος
1338 1433 1467 1470 τιμῶντέ
1488 1433 1535 1460 καὶ
1557 1433 1758 1468 ἀποδεχόμενος

129 1486 145 1511 ὸ
159 1484 294 1519 ἑκατέρας
308 1484 353 1510 καὶ
368 1482 536 1518 δημιουργὸς
554 1483 601 1508 καὶ
623 1481 775 1517 νομοθέτης
806 1482 853 1509 καὶ
875 1482 919 1510 διὰ
935 1483 1043 1509 πάντων
1076 1484 1127 1518 τὴν
1159 1481 1249 1509 αὐτῶν
1266 1481 1408 1517 παριστῶν
1434 1480 1606 1516 συμφωνίαν,
1634 1479 1758 1515 μετέχειν

129 1543 160 1561 τε
174 1533 281 1564 δεικνὺς
295 1531 428 1566 ὁμοτίμου
440 1530 667 1565 σεῦασμιότητος,
688 1527 857 1565 πανταχόθεν
870 1530 920 1564 τῆς
934 1530 1062 1561 ἀσεϐείας
1078 1530 1188 1557 ἃπασαν
1201 1529 1338 1565 πρόφασιν
1349 1528 1541 1565 προεκτέμνει.

166 1580 230 1606 AA’.
252 1578 325 1604 Ἔδει
340 1577 362 1604 δ’
378 1574 424 1603 οὖν
437 1577 501 1607 τοὺς
520 1576 689 1607 ἀποστάτας.
704 1576 728 1602 εί
744 1575 792 1602 καὶ
813 1576 851 1611 μὴ
867 1576 916 1611 τὴν

1004 1577 1102 1604 XXXI.
1119 1576 1238 1603 Decebat
1258 1575 1338 1610 igitur
1364 1578 1514 1609 apostatas,
1540 1572 1647 1600 etiamsi
1673 1580 1758 1599 unum

133 1625 198 1660 μίαν
213 1622 300 1658 ἀρχὴν
309 1623 348 1653 είς
364 1621 413 1649 δύο
426 1620 599 1655 διχάζοντας,
616 1620 689 1655 μηδ’,
703 1620 813 1647 ἐπειδὰν
823 1620 858 1647 τά
872 1620 920 1647 τοῦ

130 1670 216 1705 νόμου
230 1699 234 1703 1
246 1667 393 1702 διαγελῶσι
416 1667 555 1702 μυστήρια
584 1665 685 1700 (καίτοι
701 1665 760 1697 πῶς
779 1666 921 1701 ἀνειμένος

130 1713 209 1742 εἷπον
221 1714 282 1749 μηδ’
299 1714 381 1748 ἡνίκα
394 1712 443 1747 τὴν
460 1711 548 1738 κτίσιν
560 1711 641 1746 συλᾷν
655 1711 860 1746 ἐπιχειροῦντες
873 1712 920 1738 τοῦ

131 1761 253 1793 κτίστου,
267 1759 347 1787 κακοὶ
360 1758 445 1785 κακὸν
453 1757 575 1792 κακίστῳ
582 1757 668 1794 δῶρον
681 1757 872 1792 προσφέρωσιν
881 1757 902 1792 ;)
912 1765 920 1773 ·

131 1808 186 1835 ἔδει
200 1807 266 1842 γοῦν
278 1807 378 1838 αὐτοὺς
392 1806 416 1832 εί
431 1806 478 1832 καὶ
499 1805 536 1840 μὴ
553 1805 596 1831 ἐπ’
614 1804 702 1831 οὐδενὶ
722 1803 836 1836 τούτων,
859 1803 921 1838 μηδ’

131 1851 260 1889 ὲφ”ᾧτοῦ
272 1853 414 1888 προφήτου
428 1851 581 1886 ὑϐρίζουσι,
594 1850 682 1877 καίτοι
693 1850 861 1884 τηλικούτων
871 1849 921 1884 τὴν

132 1899 248 1925 ἀτοπίαν
262 1897 358 1929 ὄντων,
369 1896 426 1923 ἀλλ’
441 1894 499 1928 οὖν,
519 1895 628 1922 ἐπειδάν
642 1903 674 1929 γε
682 1895 713 1921 τὸ
721 1894 825 1921 ἑαυτῶν
842 1893 922 1929 σῶμα

132 1945 251 1980 πονηρὸν
265 1944 313 1971 καὶ
330 1944 452 1978 πονηρᾶς
468 1942 594 1973 πλάσεως
610 1941 737 1976 λέγωσιν,
758 1941 858 1968 αὐτίκα
872 1949 922 1967 κα-

131 1991 288 2018 ταδύεσθαι.
316 1989 396 2017 Ἀλλά
409 1989 461 2016 ποῦ
470 1989 538 2024 γῆς;
555 1989 651 2024 Ζητείν
665 1988 693 2014 δὲ
707 1987 755 2015 καὶ
783 1987 838 2014 τῶν
854 1987 921 2013 ὑπο-

132 2037 247 2072 χθονίων
265 2035 318 2062 εἴτι
329 2034 489 2070 βαθύτερον,
500 2034 550 2069 οὐχ
566 2034 608 2060 ὅτι
623 2033 737 2060 ἐκείνων
751 2033 819 2068 πρὸς
842 2031 922 2059 ἀθεό-

131 2091 204 2118 τητα
219 2081 299 2108 τοῦτο
315 2081 475 2117 βαρύτερον,
492 2080 550 2106 ἀλλ’
563 2080 605 2106 ὅτι
619 2080 677 2111 καὶ,
689 2079 722 2105 δι’
733 2075 764 2105 οὗ
775 2079 824 2113 τὴν
838 2077 920 2113 βλάσ-

133 2137 225 2165 φημον
241 2128 334 2164 φωνὴν
348 2129 480 2162 ἀφιεῖσιν,
498 2126 528 2159 ἐξ
551 2126 632 2153 ἀθέου
650 2125 809 2159 πλάσματος
827 2123 923 2158 ὁμολο-

131 2175 245 2210 γοῦντες
263 2174 414 2209 λαμϐάνειν
428 2173 458 2199 τδ
469 2172 595 2207 ὄργανον,
613 2171 664 2197 οὐκ
681 2170 781 2198 αὐτίκα
795 2169 922 2204 ῥίπτουσι

131 2223 232 2253 πάντα,
245 2221 294 2248 καὶ
305 2220 437 2255 φεύγουσι
448 2219 498 2254 τὴν
510 2219 651 2251 ἀσέϐειαν,
667 2217 775 2253 ὀργάνῳ
788 2216 922 2252 πονηρίας

971 1622 1136 1658 principium
1165 1622 1192 1649 in
1215 1621 1269 1648 duo
1294 1628 1349 1647 non
1364 1620 1574 1655 distinguerent,
1594 1619 1646 1645 hoc
1663 1618 1759 1645 saltem

971 1670 1093 1700 nomine,
1108 1668 1219 1703 quando
1232 1667 1299 1703 legis
1312 1667 1440 1702 mysteria
1452 1665 1543 1692 rident
1551 1664 1609 1699 (sed
1624 1664 1761 1698 quomodo

971 1715 1031 1743 haec
1055 1715 1159 1742 facilior
1183 1719 1211 1741 et
1233 1713 1374 1741 remissior
1397 1712 1459 1739 dico
1482 1712 1516 1739 de
1532 1711 1699 1741 hominibus,
1714 1710 1759 1744 qui

971 1766 1123 1790 creaturam
1140 1759 1281 1788 Conditori
1302 1759 1444 1793 subripere
1462 1757 1520 1784 ausi
1543 1756 1653 1791 pessimi
1671 1755 1761 1790 pessi-

971 1815 1017 1834 mo
1032 1807 1180 1842 pessimum
1197 1806 1299 1832 donum
1312 1802 1460 1837 offerunt?)
1474 1811 1481 1834 ;
1500 1802 1622 1832 decebat.
1637 1801 1759 1835 inquam,

971 1861 1029 1884 eos,
1045 1853 1066 1880 si
1088 1852 1130 1880 vel
1157 1851 1274 1878 maxime
1290 1850 1364 1876 nullo
1375 1849 1480 1877 ,hornm
1499 1851 1527 1874 ct
1543 1855 1578 1874 ne
1592 1854 1625 1874 eo
1637 1846 1759 1880 quidem,

971 1898 1042 1933 quod
1058 1897 1205 1933 prophetas
1226 1896 1441 1924 calumniantur,
1457 1893 1572 1921 crimine
1587 1895 1759 1924 tenerentur,

972 1946 1000 1972 in
1020 1944 1092 1971 omni
1113 1944 1164 1970 ista
1186 1951 1233 1970 sua
1263 1941 1419 1971 insolentia,
1444 1939 1539 1966 saltem
1563 1939 1615 1965 hoc
1633 1938 1757 1968 nomine,

971 1989 1043 2024 quod
1065 1995 1166 2022 corpus
1187 1995 1266 2014 suum
1293 1987 1395 2013 malum
1422 1989 1450 2012 et
1472 1993 1486 2011 a
1505 1983 1576 2010 mala
1598 1990 1680 2010 manu
1695 1990 1760 2016 pro-

971 2035 1073 2062 fectum
1099 2034 1206 2064 dicunt,
1224 2031 1367 2059 confestim
1392 2038 1421 2057 se
1444 2038 1500 2065 pra:
1517 2029 1620 2063 pudore
1643 2028 1761 2055 abscon-

971 2079 1047 2106 dere.
1075 2079 1109 2106 At
1132 2078 1179 2104 ubi
1196 2077 1352 2104 terrarum?
1370 2076 1427 2102 lmo
1442 2082 1506 2111 vero
1523 2074 1711 2105 subterranea,
1734 2077 1762 2099 et

972 2125 995 2153 si
1014 2124 1079 2160 quid
1101 2124 1144 2151 his
1162 2122 1324 2158 profundius
1349 2126 1407 2152 est,
1424 2127 1548 2155 quaerere
1574 2119 1632 2145 loca
1648 2119 1761 2149 debent.

973 2178 1026 2198 non
1046 2170 1120 2205 quod
1146 2169 1199 2196 hoc
1213 2167 1286 2203 quod
1306 2167 1339 2194 ad
1353 2166 1521 2201 impietatem
1539 2163 1676 2199 prioribus
1701 2170 1763 2198 gra-

974 2216 1034 2244 vius
1047 2216 1092 2248 sit,
1117 2214 1164 2242 sed
1185 2213 1258 2249 quod
1272 2213 1425 2240 membrum
1441 2210 1517 2240 illud.
1536 2217 1585 2244 per
1596 2209 1668 2243 quod
1680 2215 1762 2235 voces

132 2251 250 2304 βοιῖιντες
275 2251 324 2299 ὡς’,
342 2251 371 2293 ὲν
392 2263 434 2297 οἷς
450 2251 538 2292 ταῦτα
562 2251 740 2299 φθέγγονται,
761 2251 919 2298 κέχρηνται.

974 2263 1148 2298 blasphemas
1159 2261 1298 2293 emittunt,
1312 2259 1347 2287 ab
1360 2258 1443 2293 impia
1463 2256 1567 2291 origine
1579 2263 1608 2283 se
1622 2253 1762 2296 accepisse

137 2313 209 2340 Ἀλλ’
222 2313 261 2340 ἔτι
277 2312 397 2348 τολμῶσι
411 2312 481 2347 πρὸς
502 2311 537 2338 τὰ
560 2310 616 2337 τῶν
641 2309 793 2345 ἀνθρώπων
811 2308 920 2344 βλέπειν

132 2360 278 2394 πρόσωπα.
295 2358 451 2394 ΙἌνθρωπε,
463 2357 490 2384 τί
499 2357 606 2392 λέγεις;
618 2355 670 2382 Δύο
683 2355 781 2390 ἁρχαίς
792 2354 860 2381 ἀλλὰ
872 2354 918 2380 διά

129 2405 179 2433 τοῦ
194 2404 313 2440 πονηροῦ
327 2403 414 2430 ταῦτα
429 2403 535 2438 φθέγγῃ
549 2402 695 2437 στόματος.
717 2401 747 2428 '0
770 2401 852 2436 νόμος
867 2408 918 2426 πο-

130 2450 226 2485 λεμίας
243 2450 341 2486 ἀρχῆς,
356 2450 404 2477 καὶ
424 2449 582 2485 μαχομένης
596 2449 629 2483 τῇ
646 2447 753 2483 χάριτι;
781 2446 850 2473 ἀλλά
871 2446 919 2473 καὶ

131 2495 211 2523 τοῦτο
224 2495 255 2522 τὸ
269 2495 318 2530 τῆς
331 2495 467 2530 πονηρίας
481 2495 625 2529 ἀπήχησεν
644 2493 761 2526 ὄργανον
773 2500 780 2507 ”
796 2492 820 2518 oi
847 2499 916 2526 προ-

131 2541 217 2576 φῆται
232 2540 330 2576 μοίρας
346 2540 483 2576 χείρονος;
501 2540 533 2566 ὲκ
562 2538 610 2565 τοῦ
636 2537 720 2565 αὐτοῦ
737 2537 788 2572 τῆς
818 2537 918 2568 κακίας

132 2586 248 2617 σκεύους
262 2587 310 2612 καὶ
325 2585 405 2613 τοῦτο
421 2587 575 2621 προχεῖται.
591 2585 628 2611 Τδ
640 2584 721 2619 σῶμα
736 2583 856 2618 πονηρὸν
869 2583 918 2609 καὶ

131 2631 254 2665 πονηρᾶς
266 2630 463 2665 δημιουργίας;
479 2629 526 2656 καὶ
543 2629 569 2656 τί
590 2629 627 2665 μὴ
644 2629 723 2664 σιγᾷς
737 2628 787 2663 τὴν
803 2627 922 2662 ἐσχάτην

133 2675 231 2710 σιγήνς
242 2674 300 2701 ἀλλ’
317 2675 357 2701 ἔτι
374 2674 482 2711 φθέγγῃ
499 2677 547 2702 καὶ
561 2673 662 2710 χαρίζῃ
673 2674 712 2710 τῷ
734 2672 808 2700 οὕτω
825 2681 855 2699 σε
873 2681 922 2699 πο-

133 2719 224 2756 νηρῶς
238 2720 285 2746 καὶ
304 2720 509 2755 ὲόδελυγμὲνως
537 2721 734 2755 ὑποστήσαντι,
760 2719 831 2747 ὥστε
852 2719 920 2754 μηδὲ

133 2766 303 2801 φθέγγεσθαι
322 2766 455 2794 δύνασθαι
471 2767 557 2802 μηδὲν
581 2767 649 2798 ὅλως
676 2767 824 2803 σωτήριον,
852 2764 921 2801 μηδὲ

168 2862 191 2887 ‘9
207 2864 305 2892 Matth.
320 2872 396 2899 χχιιι,
412 2864 456 2892 δι.
495 2864 517 2881 δι
533 2864 599 2892 ibid.
615 2863 658 2891 35.

972 2309 1141 2345 proﬁtentes,
1158 2314 1213 2334 non
1228 2306 1320 2334 statim
1341 2305 1474 2340 abjieiunt
1507 2302 1597 2330 omnia
1617 2306 1643 2328 et
1663 2300 1763 2334 impie-

973 2361 1056 2384 tatem
1076 2355 1193 2390 fugiunt,
1219 2353 1369 2380 clamantes
1393 2358 1433 2381 se,
1452 2350 1516 2377 dum
1532 2348 1583 2375 ista
1598 2346 1708 2381 quidem
1723 2345 1763 2372 lo-

945 2401 948 2404 ’
972 2405 1131 2437 querentur,
1149 2399 1259 2427 malitiae
1286 2399 1466 2425 instrumento
1492 2402 1557 2422 usos
1579 2400 1649 2420 esse.
1664 2391 1698 2418 Et
1719 2390 1762 2418 vel

972 2447 1012 2474 sic
1028 2450 1119 2472 tamen
1136 2444 1262 2471 homines
1276 2442 1320 2469 isti
1339 2442 1366 2469 in
1383 2441 1498 2468 aliorum
1524 2441 1700 2471 conspectum
1718 2443 1763 2462 ve-

972 2490 1032 2518 nire
1047 2488 1169 2516 audent?
1183 2487 1253 2520 Quid
1273 2486 1322 2518 ais,
1340 2484 1442 2512 homo?
1458 2483 1553 2510 Duone
1581 2485 1645 2508 sunt
1659 2478 1763 2514 princi-

974 2537 1037 2571 pia?
1062 2536 1109 2563 sed
1138 2539 1166 2562 tu
1190 2533 1298 2569 quidem
1311 2539 1358 2559 ore
1374 2530 1458 2565 impio
1474 2529 1526 2556 ista
1547 2527 1666 2563 profers.
1692 2526 1761 2557 Lex,

973 2583 1075 2618 inquis,
1099 2586 1143 2609 est
1155 2588 1169 2608 ιι
1189 2579 1325 2615 principio
1345 2577 1448 2608 hostili,
1467 2581 1495 2603 et
1514 2575 1608 2611 gratiae
1623 2572 1762 2608 opposito,

971 2628 1020 2656 sed
1043 2627 1158 2655 ethunc
1181 2633 1279 2652 sonum
1313 2623 1423 2651 malitiae
1446 2622 1662 2649 instrumentum
1686 2618 1760 2650 edit;

971 2673 1113 2708 propheta:
1124 2671 1223 2699 malum
1234 2673 1386 2704 agnoscunt
1397 2665 1558 2694 auctorem?
1570 2664 1604 2691 At
1617 2671 1650 2691 ex
1664 2662 1761 2689 eodem

972 2707 1082 2746 malitia:
1111 2724 1175 2744 vase
1202 2720 1231 2743 el.
1244 2715 1309 2742 illud
1329 2714 1448 2749 proﬂuit.
1470 2712 1577 2747 Corpus
1597 2713 1640 2737 est
1661 2707 1761 2734 malum

972 2767 1000 2791 et
1019 2762 1082 2791 mali
1111 2760 1277 2789 conditoris?
1300 2761 1334 2788 Et
1367 2759 1412 2795 qui
1437 2766 1492 2786 non
1515 2757 1712 2786 adextremum
1735 2756 1762 2779 te
1793 2763 1796 2766 λ
