1940 3081
196 157 249 188 255

780 156 911 186 PHOTII
931 156 981 185 PA‘

1034 148 1185 183 IARCHE
1201 151 1258 182 ΟΡ.
1769 147 1823 178 256

1789 146 1825 164 lit!

197 213 335 241 silentium
352 213 502 248 componis,
522 213 569 240 scd
587 214 676 248 pergis
688 213 762 248 loqui
787 217 815 240 et
837 211 981 248 gratiﬁcari

1034 209 1082 244 τῆς
1101 208 1212 244 βαθείας
1238 206 1325 242 μέθης
1341 206 1388 233 καὶ
1417 202 1593 240 ψευδολογίας
1609 203 1762 239 ἐλεύθερον.
1792 203 1826 229 '0.

198 260 246 292 illi,
267 260 311 294 qui
332 259 399 286 adeo
412 259 512 285 malum
537 263 564 285 te
578 263 607 286 et
621 259 836 286 abominandum
853 257 981 289 reddidit,

199 310 228 331 ut
239 304 305 330 nihil
318 304 430 331 omnino
445 303 503 330 sani
519 304 642 338 proferre
657 304 755 338 possis,
769 303 864 337 quoda
877 310 983 330 summa

198 349 303 376 feritate
315 354 342 376 et
359 349 502 376 mendacio
515 354 649 376 remotum
665 349 720 376 sit?
737 348 859 383 Namque
873 348 984 376 malitiae

199 394 344 421 thesaurus
360 401 415 420 non
433 398 522 428 potest
537 394 588 421 nisi
612 394 741 421 malitiam
764 389 791 420 et
815 401 935 420 errorem
954 398 983 420 ut

199 438 330 471 recipere,
360 438 396 465 ita
425 443 452 466 et
475 439 622 473 proferre:
650 439 786 474 quomodo
806 439 879 466 enim
892 439 984 474 lingua

197 483 335 510 mendacis
354 491 416 510 vera
429 484 536 514 dixerit.
553 488 600 511 aut
622 485 758 519 quomodo
774 484 881 511 malitia
895 485 984 511 medi-

197 533 268 555 tetur
281 529 427 563 quidquam
441 529 526 556 boni?
546 529 717 557 Mendacium
734 530 878 557 veritatem
893 529 984 557 dicere

198 573 305 608 refugit.
340 574 373 601 Et
406 575 542 610 quomodo
568 580 595 602 tu
620 575 727 602 tibimet
752 575 804 610 ipsi
827 574 916 602 credis
943 574 984 601 Io-

196 620 299 654 quenti,
316 627 378 647 cum
401 621 535 648 mendacii
564 621 602 649 sis
625 621 859 648 instrumentum?
876 621 905 648 Si
920 628 985 648 vero

196 672 247 700 ego
260 665 358 700 largiar
374 671 402 693 et
415 667 511 701 opiner
533 671 558 694 te
588 667 668 702 longe
684 667 762 694 aliter
775 667 877 694 sentire
903 674 984 701 quam

197 709 326 744 loqueris,
339 712 424 738 multo
441 716 466 739 te
484 716 511 739 et
528 713 723 747 sapientiorem
739 716 768 739 et
779 712 985 748 prudentiorem

197 761 442 791 repraesentavero,
450 765 530 792 quam
541 758 563 785 si
573 758 633 792 quis
641 759 710 785 alius
721 759 754 785 iis
764 764 789 785 te
799 766 862 785 vere
870 758 986 785 delecta-

196 804 218 830 ri
233 804 314 833 dicat.
329 812 389 838 qua:
403 804 545 838 proponis.
560 803 589 830 Si
605 804 679 831 enim
691 805 749 831 haec
761 803 865 830 amalis
880 803 985 830 instru-

195 850 296 876 mentis
307 850 530 884 proﬁciscuntur,
552 857 584 877 ac
600 854 742 884 propterea
757 850 829 876 mala
854 853 901 876 aut
918 849 982 876 falsa

195 899 269 927 sunt,
284 881 387 926 nonne,
402 895 502 930 quippe
520 895 546 922 in
563 881 657 928 malis,
670 895 758 922 levius
772 899 913 929 peceatum
929 898 981 926 est,
999 881 1020 908 Β

194 948 226 967 ea
237 948 298 975 quae
318 941 408 968 verbis
420 941 556 968 contraria
578 945 652 973 sunt,
668 941 805 976 amplecti,
821 948 902 975 quam
921 948 983 967 cum

195 986 284 1021 lingua
309 991 428 1013 mentem
457 994 565 1020 quoque
593 987 679 1021 ipsam
703 993 888 1020 corrumpere.
905 985 983 1018 Quod

194 1030 216 1056 si
246 1030 327 1064 igitur
351 1031 486 1064 ejusmodi
510 1031 592 1058 homo
620 1031 654 1057 de
674 1031 815 1066 principiis
848 1030 982 1064 loquitur,

195 1083 280 1102 unum
305 1075 381 1102 illum
407 1076 519 1103 credere
542 1076 692 1107 convenit;
709 1076 731 1103 si
754 1076 788 1103 de
807 1076 866 1111 lege
891 1077 983 1111 gratias

193 1119 469 1154 adversa,utriusque
488 1121 697 1148 conversionem
720 1125 844 1148 astruere
865 1129 982 1148 censen-

193 1167 318 1198 dus‘est;
338 1167 360 1193 si
390 1168 506 1195 chorum
532 1169 728 1203 prophetarum
752 1169 851 1196 malum
873 1169 980 1202 dixerit,

193 1219 274 1238 nemo
289 1212 400 1240 aliuttde
412 1213 498 1248 magis
512 1214 688 1241 convincetur
715 1221 777 1241 eum
792 1215 894 1241 bonum
910 1221 980 1241 esse.

193 1257 222 1284 Si
237 1265 336 1292 corpus
362 1258 396 1284 ad
423 1259 525 1285 malum
549 1258 663 1289 referat,
702 1267 752 1293 pro
778 1259 982 1286 evidentissima

191 1303 427 1331 demonstratione
457 1304 528 1331 habe
559 1304 586 1331 id
620 1312 718 1331 manus
745 1312 806 1331 esse
840 1305 981 1332 benefica}.

193 1348 288 1376 Videte
305 1349 371 1376 mihi
385 1349 499 1377 insanire
516 1349 648 1384 abyssum
666 1354 694 1376 et
711 1350 860 1384 impietatis
875 1350 982 1385 magni-

154 1411 158 1414 ~
193 1393 327 1424 tudinem.
340 1394 368 1420 in
384 1394 416 1420 iis
432 1394 590 1421 hominibus
606 1394 653 1428 qui
669 1394 815 1428 nequidetn
848 1395 875 1421 in
899 1395 982 1422 rebus

192 1438 357 1474 imaginariis
371 1439 476 1466 ratione
509 1444 583 1466 certa
602 1439 643 1466 uti
673 1444 799 1474 possunt.
816 1440 909 1474 Itaque
930 1447 982 1466 nec

194 1483 358 1511 incantando
371 1492 452 1510 aures
466 1484 601 1511 fascinare
629 1484 669 1511 Ias
683 1488 737 1516 est,
757 1485 820 1519 quia
844 1484 898 1512 hoc
921 1484 981 1519 ipso

196 1527 341 1554 insanabili
357 1528 444 1562 culpae
458 1528 556 1563 subjici
569 1536 615 1556 eas
628 1529 728 1556 merito
741 1529 803 1563 quis
826 1528 979 1556 atlirmarit.
993 1543 1015 1574 Ο

192 1573 283 1607 Atqui.
299 1573 406 1607 inquam
418 1581 480 1608 ego.
496 1574 519 1601 si
534 1574 596 1608 quis
607 1574 773 1601 salutaribus
790 1575 981 1602 incantamen-

192 1617 227 1644 tis
255 1625 348 1644 aurent
379 1620 509 1653 pmbeat,
540 1619 647 1646 initium
671 1619 754 1646 faciet
778 1619 812 1646 ad
837 1619 981 1654 pristinam

193 1663 361 1690 nobilitatem
378 1665 511 1692 redeundi
527 1674 534 1690 :
550 1665 591 1691 sin
604 1665 707 1696 minus.
722 1665 765 1693 vel
777 1673 811 1692 ex
836 1666 900 1692 inde
916 1674 981 1693 sen-

192 1708 304 1734 tentiam
327 1716 383 1735 non
411 1709 592 1736 revocandam
619 1709 677 1743 ipse
696 1709 723 1735 in
749 1717 778 1736 se
801 1709 890 1743 ipsum
917 1708 981 1741 fert,

191 1753 262 1787 quod
278 1761 390 1788 pravam
412 1753 679 1781 transformationem
709 1754 787 1781 bonae
823 1753 980 1781 formationi

191 1798 304 1825 omnino
319 1799 438 1833 praefert.
462 1804 490 1826 et
516 1801 696 1827 mutationem
715 1800 741 1826 in
765 1801 896 1832 deterius,
916 1808 979 1828 eum

1035 255 1091 289 γὰρ
1106 252 1241 288 πονηρίας
1255 252 1392 287 θησαυρὸς
1409 251 1459 278 οὐκ
1476 250 1624 283 οἷδεν,ἁλλ“
1636 249 1653 285 ἢ
1666 250 1701 276 τὰ
1709 250 1760 284 τῆς
1771 257 1826 276 πος

1033 299 1184 335 νηρίαςκαὶ
1201 298 1307 332 πλάνης
1324 297 1419 332 ὥσπερ
1431 296 1621 332 θησαυρίζειν,
1641 295 1713 322 οὕτω
1727 295 1759 330 δὴ
1773 294 1825 321 καὶ

1034 344 1248 380 προϐάλλεσθαι·
1269 343 1285 379 ἠ
1299 343 1346 370 τοῦ
1362 342 1480 377 ψεύστου
1493 342 1605 376 γλῶσσα
1619 341 1679 373 πῶς
1705 341 1739 368 ἂν
1755 341 1825 375 ἀλή-

1035 391 1110 418 θειαν
1123 391 1209 423 εῖποι;
1224 391 1241 424 ἠ
1254 389 1371 424 πονηρία
1382 388 1442 420 πῶς
1449 388 1573 423 ὲννοήσοι
1583 387 1632 423 τὴν
1646 387 1800 423 ἁγαθότητα
1811 395 1819 417 ;

1033 438 1064 465 τὸ
1078 437 1176 473 ψεῦδος
1191 437 1282 470 λέγειν
1303 436 1400 471 φεύγει
1414 435 1463 470 τὴν
1480 434 1622 469 ἀλήθειαν.
1639 434 1694 461 Καὶ
1713 435 1771 466 πῶς
1789 436 1822 462 σὺ

1036 483 1127 518 σαυτῷ
1155 483 1294 513 πιστεύεις
1330 481 1446 514 λέγοντι,
1474 480 1522 506 τοῦ
1548 479 1662 514 ψεύδους
1690 480 1824 515 ὑπάρχων

1036 528 1228 564 ἐργαστήριον.
1250 525 1322 561 Ἐγὼ
1346 526 1374 552 δέ
1389 534 1419 552 σε
1434 526 1544 561 φρονεῖν
1563 525 1704 557 τάναντία,
1720 522 1758 552 ὧν
1779 525 1823 551 λέ·

1034 583 1104 609 γεις,
1120 573 1210 606 ἐξιὼν,
1227 573 1276 599 καὶ
1294 572 1423 607 νομίζων,
1450 571 1517 598 πολὺ
1542 571 1764 605 σωφρονέστερον
1788 571 1823 598 ἂν

1035 621 1082 647 καὶ
1113 618 1294 654 συνετώτερον
1330 617 1445 650 εἰσάγω,
1473 617 1490 652 ἦ
1519 617 1589 648 εἴτις
1620 625 1650 643 σε
1681 617 1820 652 στέργειν,

1034 665 1052 692 ἃ
1079 657 1180 699 λέγεις,
1207 664 1324 699 τίθησιν.
1351 664 1382 690 Et
1401 663 1456 697 γὰρ
1481 663 1514 690 ὲκ
1542 662 1669 698 πονηρῶν
1695 662 1821 696 ὀργάνων

1035 711 1131 743 ταῦτα,
1146 711 1196 737 καὶ
1209 709 1253 736 διὰ
1269 708 1350 736 τοῦτο
1363 708 1470 744 πονηρὰ
1492 708 1509 744 ἢ
1524 708 1622 743 ψευδῆ,
1640 708 1710 741 πῶς,
1727 708 1765 739 ὡς
1793 709 1823 734 ἐν

1035 757 1140 788 κακοῖς,
1154 756 1184 781 οὐ
1197 753 1288 789 πολλῷ
1306 753 1472 788 κουφότερον
1497 753 1532 779 τὰ
1559 753 1744 779 ἐναντιώτατα
1765 752 1822 779 τῶν

1036 801 1166 837 ῥημάτων
1192 799 1366 835 πρεσόεύειν,
1386 799 1403 834 ἢ
1420 800 1453 834 τῇ
1480 798 1589 834 γλώττῃ
1620 798 1667 824 καὶ
1691 797 1738 824 τὸν
1759 797 1822 824 νοῦν

1036 845 1301 881 συνδιαφθείρεσθαι.
1319 845 1365 871 Διὺ
1376 844 1433 880 (50)
1444 844 1519 878 λέγει
1534 843 1621 878 ἀρχάς
1631 851 1638 859 ·
1657 843 1720 878 μίαν
1732 851 1824 878 προσ-

1034 894 1082 928 ῆκε
1100 893 1220 927 φρονεῖν.
1247 890 1381 926 Πολέμιος
1399 890 1504 924 ὁνόμος
1516 891 1549 925 τῇ
1564 890 1673 925 χάριτιο
1684 889 1734 924 τὴν
1749 897 1822 924 συμ-

1034 938 1137 972 φωνίαν
1155 937 1301 972 κηρύττειν
1315 935 1416 963 αὐτῶν.
1440 935 1500 961 Τῶν
1514 934 1666 970 προφητῶν
1692 935 1794 969 φαῦλος
1807 935 1822 961 ό

1033 983 1114 1019 χορός
1127 991 1135 998 ·
1147 983 1195 1009 καὶ
1210 982 1292 1009 πόθεν
1308 981 1341 1008 ἄν
1352 989 1395 1012 τις
1415 980 1493 1015 γνοίη
1506 980 1617 1015 μᾶλλον,
1635 980 1676 1006 ὅτι
1693 979 1821 1014 χρηστός.

1033 1029 1070 1056 Τὸ
1084 1029 1164 1064 σῶμα
1181 1028 1293 1055 πλάττει
1310 1027 1358 1054 τοῦ
1373 1026 1510 1062 πονηροῦ·
1531 1027 1612 1061 ἀρκεῖ
1636 1025 1705 1061 πρὸς
1729 1026 1823 1052 τελευ-

1032 1075 1112 1102 ταίαν
1131 1074 1277 1106 ἀπόδειξιν,
1296 1074 1338 1100 ὃτι
1354 1072 1484 1107 παλάμης
1495 1073 1555 1098 ἐστὶ
1573 1072 1623 1106 τῆς
1633 1070 1821 1105 ἀγαθουργοῦ.

1039 1120 1134 1156 Ὁρᾶτε
1150 1120 1180 1146 τὸ
1198 1120 1249 1153 τῆς
1260 1119 1353 1150 ἀνοίας
1369 1118 1461 1153 βάθος,
1480 1118 1512 1144 τὸ
1527 1117 1642 1152 μέγεθος
1668 1116 1720 1152 τῆς
1743 1116 1822 1142 ἀθεό-

1032 1174 1123 1199 τητος,
1137 1165 1193 1191 τῶν
1209 1164 1246 1199 μὴ
1261 1164 1418 1204 δυναμένων
1439 1163 1514 1198 ἔχειν
1536 1163 1677 1197 λογισμῶν
1692 1161 1747 1188 οὐδ’
1775 1161 1821 1188 ἐπὶ

1033 1209 1194 1244 φαντασίαις
1220 1209 1423 1243 πλαττομέναις
1448 1209 1608 1236 ὑπόστασιν.
1636 1207 1742 1234 υὺκοῦν
1762 1208 1820 1242 (5i)

1032 1255 1086 1282 οὐδ’
1096 1255 1207 1291 ἐπᾴδειν
1220 1255 1289 1286 ὅλως
1306 1255 1347 1281 δεῖ
1359 1257 1419 1285 ταῖς
1435 1255 1542 1286 ἀκοαῖς,
1557 1254 1599 1281 ὄτι
1625 1254 1655 1280 τὸ
1677 1254 1745 1281 αὐτὸ
1771 1254 1821 1288 τῆς

1032 1300 1122 1332 αἰτίας
1150 1301 1261 1328 ἀνίατον
1287 1301 1360 1327 εἴποι
1383 1309 1427 1332 τις
1452 1299 1485 1327 ἂν
1517 1300 1620 1331 ταύτας
1650 1300 1818 1334 ἐπινέμεται.

1031 1347 1116 1381 Φαίην
1133 1347 1167 1373 ἂν
1194 1346 1302 1380 ἔγωγε·
1326 1347 1350 1373 εἰ
1381 1347 1430 1381 μὲν
1454 1346 1508 1382 γάρ
1535 1354 1576 1377 τις
1598 1346 1652 1372 τῶν
1680 1346 1822 1381 σωτηρίων

1032 1391 1144 1427 ἐπῳδῶν
1169 1392 1362 1427 παραδέξοιτο,
1397 1391 1484 1427 ἀρχὴν
1521 1391 1656 1426 λαμϐάνει
1681 1392 1750 1426 πρὸς
1773 1391 1822 1425 τὴν

1032 1438 1170 1473 προτέραν
1193 1438 1399 1472 ὲπαναδραμεῖν
1425 1437 1581 1471 εὐγένειαν·
1599 1438 1623 1464 εί
1640 1437 1669 1464 δὲ
1693 1437 1740 1472 μὴ,
1761 1437 1822 1464 καθ’

1032 1482 1130 1509 ἑαυτοῦ
1143 1491 1186 1517 γε,
1202 1483 1349 1509 κάντεῦθεν
1365 1483 1415 1517 τὴν
1425 1482 1516 1517 ψῆφον
1531 1483 1612 1514 αὐτὸς
1623 1482 1736 1517 ἀφίησιν
1750 1483 1822 1517 ἄφυ-

1032 1537 1106 1561 κτον,
1131 1528 1256 1564 πονηρὰν
1284 1528 1456 1562 μεταπλασιν
1483 1528 1534 1563 τῆς
1567 1528 1673 1563 ἀγαθῆς
1697 1528 1823 1560 πλάσεως

1032 1574 1148 1601 καθόλου
1161 1573 1260 1600 ἑαυτὸν
1272 1573 1464 1607 ἀνθελόμενυς,
1482 1573 1529 1599 καὶ
1542 1573 1591 1608 τὴν
1607 1573 1676 1608 πρὸς
1693 1573 1727 1600 τὰ
1738 1573 1823 1608 χείρω

1033 1620 1185 1655 μεταὸολὴν
1199 1619 1268 1654 (δέον
1279 1620 1309 1646 τδι
1322 1618 1433 1653 ἀγαθὸν)
1463 1619 1637 1654 συντηρήσας
1664 1619 1823 1654 ἀμετὰὃλη-

1031 1673 1087 1692 τον.
1117 1664 1222 1692 Οὐκοῦν
1246 1665 1276 1691 οὐ
1312 1666 1358 1692 τὸν
1385 1665 1521 1700 ἐπᾴδοντα
1538 1666 1630 1700 σιγᾷν,
1646 1665 1714 1691 ἀλλὰ
1743 1665 1823 1699 σιγῆς

1031 1711 1127 1738 ἑαυτὸν
1143 1712 1233 1742 πάσας
1246 1711 1400 1746 στηλιτευει
1415 1711 1462 1738 καὶ
1477 1711 1521 1738 διὰ
1536 1712 1644 1738 πάντων
1655 1711 1822 1742 ὑπεύθυνον,

1032 1756 1062 1788 ὃς
1074 1757 1124 1791 τὴν
1151 1756 1256 1782 οἰκείαν
1286 1756 1317 1788 ἐξ
1341 1757 1472 1788 ἀπονοίας
1500 1756 1629 1791 πώρωσιν
1654 1757 1735 1791 σιγῆς
1758 1758 1823 1791 ἡμῖν

1033 1801 1125 1827 αἰτίαν
1141 1801 1274 1828 ὲπέσειεν.
1292 1801 1338 1827 Διὸ
1349 1801 1381 1837 δὴ
1401 1801 1519 1834 σύναψαι
1534 1802 1582 1828 καὶ
1598 1802 1632 1828 τὰ
1645 1802 1786 1830 λείποντα.

191 1842 290 1870 bonam
309 1843 457 1875 decuisset,
481 1848 571 1871 servat
600 1849 767 1871 constanter.
791 1844 852 1871 Non
876 1845 977 1879 quippe
997 1845 1159 1872 incantatori
1176 1850 1266 1880 potest
1296 1846 1363 1873 vitio
1377 1847 1452 1879 dare,
1482 1847 1557 1881 quod
1576 1848 1651 1879 silet.
1675 1848 1722 1875 sed
1741 1848 1823 1875 silan-

192 1887 222 1916 tii
233 1896 342 1916 causam
360 1889 411 1916 sibi
429 1889 593 1924 exprobrare
607 1897 730 1922 omnem,
751 1890 891 1925 culpaeque
914 1890 1004 1918 onmis
1038 1899 1067 1919 se
1103 1899 1181 1918 reum
1211 1891 1302 1919 facere
1340 1893 1431 1924 debet,
1459 1893 1507 1928 qui
1534 1901 1611 1920 suam
1638 1894 1725 1928 ipsius
1751 1894 1823 1920 insa‘

191 1933 263 1960 niam
284 1938 311 1960 et
326 1935 477 1960 caecitatem
491 1941 542 1969 pro
555 1934 657 1961 silentii
665 1934 744 1968 culpa
758 1934 838 1962 nobis
848 1934 982 1962 venditat.
1003 1934 1150 1970 Propterea
1163 1940 1190 1963 et
1206 1936 1308 1970 reliqua
1320 1936 1363 1963 his
1374 1936 1468 1971 iunge.

226 1977 333 2005 XXXII.
349 1978 479 2006 Servator
495 1984 588 2007 noster
605 1980 748 2007 hominum
772 1981 979 2008 amantissimus

191 2028 220 2050 et
232 2023 362 2058 optimus,
376 2024 423 2058 qui
442 2025 528 2056 venit,
551 2030 582 2051 ut
605 2030 718 2060 peccata
741 2026 836 2053 mundi
861 2026 980 2060 tolleret,

195 2074 252 2096 tum
268 2069 371 2096 morbis
381 2069 441 2096 aliis
452 2074 480 2105 et
491 2070 619 2097 :erumnis
631 2071 759 2099 liberavit
769 2072 905 2104 homines,
923 2077 982 2099 tum

191 2114 284 2141 multis
297 2120 470 2149 peccatorum
493 2116 684 2144 remissionem
697 2117 812 2153 largitus
825 2122 877 2150 est.
888 2119 982 2146 factm-

1067 1982 1129 2008 AB’.
1149 1982 1178 2008 '0
1208 1982 1400 2017 φιλάνθρωπος
1427 1983 1507 2017 ἡμῶν
1532 1984 1626 2018 Σωτὴρ
1657 1984 1705 2011 καὶ
1730 1985 1816 2020 ὑπερ-

1034 2028 1148 2061 άγαθος,
1161 2029 1176 2054 ὁ
1187 2029 1236 2059 τὰς
1244 2029 1382 2063 ἁμαρτίας
1392 2029 1563 2064 ἐπιδημήσας
1573 2028 1638 2063 ἆραι
1647 2030 1694 2056 τοῦ
1705 2032 1819 2066 κόσμου,

1032 2072 1089 2100 τῶν
1102 2073 1190 2099 ἄλλων
1203 2074 1365 2109 νοσημάτων
1380 2074 1428 2100 καὶ
1444 2074 1538 2100 παθῶν
1558 2075 1589 2101 τὺ
1610 2075 1689 2108 γένος
1714 2076 1822 2103 ἐλευθε-

1036 2118 1102 2153 ρῶν,
1119 2118 1167 2144 καὶ
1177 2119 1226 2153 τὴν
1233 2118 1288 2145 τῶν
1306 2119 1515 2154 ἁμαρτημάτων
1531 2121 1638 2152 πολλοῖς
1647 2121 1744 2155 ἄφεσιν
1761 2123 1821 2157 ἐχα-

192 2167 245 2196 que
265 2161 436 2189 remissionis
461 2167 654 2197 argumentum
665 2170 681 2189 a
696 2163 842 2191 sanatione
857 2164 980 2199 corporis

1036 2164 1135 2199 ρίζετυ,
1145 2163 1253 2204 καιτὴν
1265 2164 1403 2197 ἀπόδειξιν
1413 2165 1464 2200 τῆς
1472 2166 1594 2199 ἀφέσεως
1606 2167 1660 2193 ἀπὸ
1672 2167 1719 2193 τοῦ
1732 2167 1822 2203 σώμα-

191 2204 271 2239 petiit
285 2209 314 2232 et
332 2205 392 2232 aliis
409 2207 563 2241 proposuit.
582 2206 642 2233 Jam
663 2215 728 2234 vero
748 2207 770 2235 si
798 2209 861 2235 mali
883 2208 980 2236 condi-

192 2250 261 2278 toris
279 2258 348 2286 opus
358 2257 432 2279 esset
456 2259 566 2287 corpus,
584 2252 656 2280 sicut
680 2253 807 2281 homines
825 2254 980 2288 blasphemi

188 2296 321 2323 audacter
336 2297 457 2328 tradunt.
482 2297 541 2324 ﬁeri
557 2302 634 2325 certe
649 2306 705 2326 non
720 2304 836 2334 poterat,
864 2305 894 2326 ut
914 2299 981 2327 illud

192 2342 276 2370 solius
291 2343 369 2370 bonae
380 2343 531 2370 divinitatis
551 2344 726 2376 beneﬁcium.
753 2346 860 2372 veniam
879 2354 980 2381 nempe

192 2391 376 2423 peccatorum,
398 2389 425 2415 in
444 2389 524 2416 [idem
539 2389 833 2425 conﬁrmationemque
850 2399 899 2426 per
923 2400 993 2426 pra»

192 2434 303 2461 vitalem
328 2442 406 2462 suam
426 2434 571 2469 reciperet.
599 2435 673 2463 Idem
704 2436 779 2463 enim
804 2436 857 2464 hoc
879 2442 931 2469 est,
949 2445 982 2465 ac

193 2479 217 2506 si
240 2480 314 2506 dicas
342 2480 454 2508 malitiae
482 2489 644 2516 compagem
669 2481 772 2508 fontem
795 2490 912 2516 esse,ex
928 2491 983 2518 quo

179 2524 300 2551 ‘bonitas
325 2525 466 2557 scaturiat,
489 2526 624 2561 siquidem
650 2528 776 2555 remissio
804 2533 980 2563 peccatorum

190 2577 226 2596 ex
240 2570 383 2597 sanatione
394 2579 553 2605 corporum,
578 2580 638 2607 qua:
660 2573 772 2610 malitia:
796 2578 860 2600 sunt
882 2581 980 2609 proge-

193 2614 263 2647 nies,
273 2615 441 2649 procederet.
452 2617 488 2644 At
498 2617 638 2645 enimvero
654 2617 784 2645 Servator
808 2623 902 2646 noster
923 2627 980 2647 non

1033 2219 1080 2242 τος
1093 2210 1242 2245 θεραπείας
1253 2210 1391 2245 ἐλάμϐανέ
1399 2220 1430 2238 τε
1445 2212 1491 2238 καὶ
1505 2212 1660 2247 παρείχετο.
1681 2213 1788 2247 Καίπερ
1797 2213 1822 2239 εἰ

1035 2257 1158 2291 πονηρᾶς
1181 2253 1216 2291 ἦν
1236 2255 1268 2282 τὸ
1282 2255 1364 2290 σῶμα
1390 2256 1575 2287 διαπλάσεως,
1598 2256 1637 2288 ὡς
1661 2256 1822 2291 βλασφημία

1035 2299 1209 2334 θρασύνεται,
1222 2299 1273 2326 οὐκ
1288 2299 1322 2326 ἂν
1338 2299 1382 2335 εἴη
1393 2300 1505 2326 δυνατὸν
1519 2300 1550 2327 τὸ
1570 2301 1654 2335 μόνης
1678 2301 1727 2336 τῆς
1754 2302 1823 2334 ἁγα-

1034 2345 1085 2380 θῆς
1098 2345 1226 2381 θεότητος
1241 2345 1454 2381 ἀγαθούργημα,
1470 2346 1519 2381 τὴν
1538 2346 1592 2372 τῶν
1614 2346 1821 2382 πλημμελημά-

1033 2399 1089 2417 των
1116 2391 1303 2425 συγχώρησιν,
1322 2391 1353 2417 τὺ
1384 2391 1480 2418 πιστὸν
1502 2392 1548 2418 καὶ
1572 2391 1680 2426 βέϐαιον
1701 2392 1746 2418 διὰ
1771 2392 1822 2426 τῆς

1034 2436 1134 2467 κακίας
1151 2436 1335 2471 ἐπιδέχεσθαι.
1361 2436 1444 2463 Οὐδὲν
1471 2437 1525 2471 γάρ
1546 2437 1619 2462 ἐστιν
1637 2436 1702 2463 ἄλλο
1720 2437 1820 2471 λέγειν,

1033 2482 1050 2515 ἤ
1064 2481 1113 2517 τὴν
1124 2481 1175 2516 τῆς
1192 2482 1293 2513 κακίας
1317 2480 1447 2509 σύστασιν
1465 2482 1598 2516 πηγάζειν
1620 2482 1670 2517 τῆς
1687 2482 1822 2516 ἀγαθότηε

1032 2537 1080 2561 τος
1090 2528 1139 2564 τὴν
1159 2528 1312 2563 ἐνέργειαν,
1326 2529 1407 2564 ειπερ
1423 2530 1440 2563 ἡ
1458 2529 1508 2564 μὲν
1523 2530 1620 2564 ἄφεσις
1646 2529 1701 2557 τῶν
1727 2530 1820 2564 ἁμαρ-

1034 2575 1164 2609 τημάτων
1179 2575 1213 2601 ἐκ
1237 2574 1286 2609 τῆς
1309 2575 1363 2601 τῶν
1388 2575 1523 2610 σωμάτων
1548 2574 1697 2610 θεραπείας
1712 2575 1819 2610 προείη.

1025 2620 1070 2646 -τὰ
1084 2620 1112 2646 δὲ
1125 2620 1174 2655 τῆς
1190 2619 1290 2652 κακίας
1307 2619 1424 2655 ὑπάρχει
1443 2620 1616 2655 γεννήματα.
1647 2621 1717 2647 Ἀλλ’
1733 2621 1746 2646 ὀ
1765 2621 1821 2646 Σω-

758 2675 875 2703 VARl/E
895 2676 1088 2706 LECTIONES
1106 2677 1150 2705 ET
1165 2676 1283 2706 ΝΟΤΕ.

232 2716 288 2757 (59)
307 2717 373 2757 Afd.
384 2716 512 2757 Fortasse
527 2719 730 2757 legendumrcst
743 2721 798 2748 δύο.
816 2722 882 2749 Bina
900 2723 975 2750 enim

193 2755 273 2791 erant
288 2753 432 2791 principia,
449 2761 518 2791 quae
535 2753 683 2782 Pauliciani
694 2757 880 2784 venditabant.
903 2758 971 2785 lntc<

194 2788 244 2826 ritu
263 2791 290 2814 et
302 2789 433 2826 particula
446 2788 486 2815 διὸ
502 2789 591 2816 locum
604 2791 673 2817 tueri
692 2795 793 2825 potest,
807 2793 908 2826 quippe
924 2799 976 2826 qua

194 2821 227 2847 ad
242 2821 506 2861 argumentationem
521 2832 591 2858 opus
608 2833 669 2861 esse
680 2821 798 2857 videtur,
816 2821 974 2861 'pr'aicipue,

194 2862 257 2883 cum
271 2857 371 2893 legenti
383 2863 500 2893 constet,
517 2857 572 2886 non
596 2860 675 2895 plura
697 2869 778 2896 quant
797 2857 851 2889 duo
871 2857 975 2896 princi-

1031 2723 1150 2760 piaistis
1166 2724 1324 2760 horninibus
1339 2728 1447 2760 recepta
1466 2724 1562 2752 fuisse.

1067 2759 1262 2794 (δυούκοῦν.
1278 2758 1425 2787 Obscurior
1438 2760 1466 2787 in
1478 2760 1521 2788 his
1537 2765 1580 2786 est
1593 2758 1705 2785 Phntius
1719 2758 1820 2785 ctsub-

1031 2793 1113 2820 tilior.
1145 2794 1261 2821 Mentem
1293 2799 1384 2822 tanton
1409 2795 1469 2830 ejus
1499 2798 1653 2822 assecutum
1685 2801 1727 2821 Inc
1757 2801 1819 2820 esse

1032 2837 1044 2855 s
1048 2837 1119 2864 pero.
