1940 3081
116 137 183 169 ’257

649 135 799 165 CONTRA
818 133 1048 164 MANICHEOS
1067 134 1183 165 LIBER
1202 134 1250 164 IV.

1709 129 1761 167 258

116 194 185 229 ττὴρ
199 192 230 220 οὐ
257 192 339 228 μόνον
365 192 438 226 λόγῳ
460 191 511 222 τὰς
532 190 588 217 τῶν
612 191 748 225 σωμάτων
772 190 923 226 θεραπείας

986 190 1064 216 ,οιιιιη
1078 190 1178 223 verbis,
1190 191 1236 218 sed
1251 195 1280 218 et
1295 198 1379 218 manu
1395 197 1455 223 sua,
1479 190 1650 219 sanationem
1663 199 1762 227 corpo-

134 239 295 275 ὲὸράσευεν,
313 238 383 265 ἀλλὰ
412 238 460 265 καὶ
484 237 569 273 χειρί.
582 237 669 264 Πάλιν
683 236 801 272 ἀλλαχοῦ
825 237 924 272 κρατεῖ

134 282 280 320 χειρδς,ἦς
294 285 333 319 μὴ
345 283 472 319 πλάστης
492 281 538 319 ἦν,
553 283 601 310 καὶ
618 283 648 310 τὸ
664 283 793 318 κοράσιον
812 282 924 317 ἐγείρει,

136 331 183 358 καὶ
193 330 239 357 τὸν
249 331 309 357 υἱὸν
317 330 417 357 ἀνίστα
426 329 476 364 τῆς
491 329 589 364 χήρας,
605 329 651 355 καὶ
665 327 757 364 καλῶς
769 328 926 354 ἀποσκευα-

137 377 201 404 σθὲν
219 377 270 412 τῆς
302 376 393 411 ψυχῆς
421 375 503 410 σῶμα
528 375 610 402 πάλιν
635 374 851 409 ὲπαναστρέιρει,
879 373 927 400 καὶ

138 423 269 450 συνάπτει
287 422 385 456 ταύτῃ,
403 421 418 447 ὃ
428 421 510 447 καλὸν
526 421 575 456 μὲν
590 418 625 456 ἧν
636 421 708 447 κατὰ
729 419 778 455 τὴν
793 419 928 454 θεομάχον

136 469 261 502 γλῶτταν
279 467 339 502 μηδ’
360 467 429 497 ὅλως
455 466 559 498 λαϐεῖν,
587 465 715 501 δεύτερον
742 465 771 491 δὲ
789 464 928 491 λαὸοὓσαν

137 513 409 544 θάττονὰποθέσθαι,
422 512 559 547 χείριστον
578 511 606 538 δὲ
634 512 681 538 καὶ
697 510 767 546 μετὰ
789 511 839 546 τὴν
858 510 927 537 ἀπό-

138 561 216 588 θεσιν
229 559 401 593 ωναφθῆναι
424 558 518 587 πάλιν.
541 557 598 584 Καὶ
619 558 633 584 ὁ
656 558 687 584 τδ
714 557 815 592 κράτος
842 555 929 583 ἐλθὼν

139 604 292 632 καταλῦσαι
312 604 360 631 τοῦ
394 603 505 639 ἐχθροῦ,
526 603 602 639 πασῃ
641 603 753 637 δυνάμει
783 601 928 638 κρατύνειν

139 650 224 677 αὑτοῦ
239 651 273 677 τὰ
294 649 363 684 ἔργα
385 649 544 683 φιλονεικεῖ.
565 648 620 674 Καὶ
632 647 659 674 τί
673 647 745 681 λέγω
769 647 927 682 κρατύνεινς

143 696 273 732 μενοῦνγε
297 696 349 730 τὴν
374 694 522 730 τυραννίδα
545 694 677 725 πολλάκις
698 693 830 728 λυομένη,
851 693 930 719 τοῦτο

142 743 193 778 μὲν
216 741 258 774 οἷς
295 742 425 768 ὑπέκειτο
451 741 486 768 τὰ
513 740 615 775 ταύτης
648 739 717 775 ἔργα
747 740 931 770 παντοδαποῖς

140 788 277 822 νοσήμασι
315 785 511 821 δαπανώμενα,
554 785 634 811 τοῦτο
669 785 698 811 δὲ
719 782 760 816 οἷς
799 784 931 810 διεσπᾶτο

140 832 180 867 τῷ
193 832 301 868 θανάτῳ
329 833 376 858 καὶ
398 833 432 867 τῇ
453 831 542 866 φθορᾷ
560 828 729 866 παρεδίδοτο,
749 830 832 862 αὐτὸς
848 831 863 857 ὁ
880 830 931 864 τῆς

141 878 296 914 τυραννίδος
307 878 473 913 καθαιρέτης
484 878 548 912 παρ’
558 877 618 903 ὅλον
630 878 679 911 τῆς
692 876 838 911 ἐπιδημίας
848 874 930 902 αὑτοῦ

140 925 188 951 τὸν
206 924 311 959 καιρὸν,
332 923 518 955 ἁνακαινίζων
542 924 646 958 ταύτην
664 923 743 958 ὤφθη
758 924 810 958 τῆς
825 922 932 957 φθορᾶς

141 968 272 1000 ἁνιστῶν,
292 969 348 994 τῶν
366 968 460 995 παθῶν
476 968 668 999 ἀπαλλάττων,
682 968 730 994 καὶ
755 967 931 997 τοσαυτάκις.

141 1013 235 1044 ὁσάκις
246 1013 360 1048 νεκρούς
374 1022 403 1039 τε
421 1014 460 1045 είς
471 1011 691 1048 ἀναϐίωσιν-ἦγε
700 1013 748 1040 καὶ
764 1013 820 1041 τῶν
837 1013 934 1048 σωμά-

143 1069 196 1087 των
209 1059 260 1091 τὰς
273 1059 367 1091 νόσους
380 1059 531 1095 ἀπήλαυνε.

178 1149 241 1175 AI".
267 1149 324 1176 Kal.
349 1149 379 1176 τὸ
415 1148 455 1175 ἔτι
483 1148 604 1184 μάλιστα
632 1148 932 1184 δυσανασχετούμενον,

142 1195 248 1229 ὅτιπερ
259 1195 289 1226 ἐξ
304 1195 408 1221 ἐκείνου
425 1194 506 1230 μέχρι
526 1195 573 1222 νῦν
597 1194 642 1222 διά
657 1203 687 1221 τε
701 1195 754 1221 τῶν
774 1193 857 1221 αὑτοῦ
874 1193 934 1221 θεο-

143 1240 234 1275 φόρων
250 1240 390 1275 μαθητῶν,
406 1241 452 1266 καὶ
481 1241 499 1267 Et
525 1241 574 1276 τὴν
597 1241 709 1268 ἐκείνων
727 1240 859 1276 μετῆλθον
877 1240 934 1267 δια-

144 1285 237 1320 δοχὴν,
255 1285 286 1310 οὐ
315 1285 395 1320 λήγει
408 1284 511 1320 ταύτην
528 1285 572 1312 διὰ
595 1285 648 1312 τῶν
678 1286 779 1321 ὁμοίων
806 1285 933 1320 πράξεων

136 1330 403 1367 ’συγκαταπράττων
427 1333 474 1359 καὶ
503 1331 843 1366 συγκατασκευαζόμενος.
860 1330 934 1367 ’Ἃρα

144 1375 204 1402 ἐστι
218 1385 244 1402 τι
258 1377 308 1411 τῆς
321 1376 450 1411 τοιαύτης
473 1376 637 1410 ἐμπληξίας.
655 1376 671 1411 ἢ
687 1376 752 1411 παρ’
775 1376 903 1410 ’Ἓλλησιν
916 1375 933 1410 ἢ

145 1421 222 1457 παρὰ
248 1422 404 1457 Βαρϐάροις
432 1422 655 1457 ἐμπληκτότερον
679 1422 695 1457 ἢ
728 1421 881 1456 ἀθεώτερόν
907 1429 934 1447 τι

145 1467 256 1501 λαῦεῖν;
291 1467 361 1502 Ἐγὼ
389 1468 439 1503 μὲν
458 1468 509 1502 οὺχ
531 1468 597 1503 ὁρῶ,
618 1466 696 1502 οἶμαι
712 1467 741 1493 δὲ
768 1467 822 1494 οὐδ’
847 1466 935 1498 ἄλλως

123 1507 125 1509 ’
145 1513 212 1549 ὁρᾷν
227 1513 277 1539 οὐκ
288 1513 408 1544 ἀνάξιος.
422 1513 640 1548 Πυνθανομένοις
656 1512 706 1547 μέν
720 1520 762 1538 τοι
775 1513 832 1543 τοῖς
849 1513 933 1546 Φαρι-

146 1558 235 1589 σαίοις
250 1559 273 1584 εἰ
288 1557 392 1590 ἔξεστιν
406 1558 544 1593 ἀνθρώπῳ
556 1558 627 1584 κατὰ
644 1558 735 1584 πᾶσαν
754 1557 845 1583 αἰτίαν
863 1557 934 1582 ἁπο-

145 1602 221 1629 λύειν
233 1603 284 1639 τὴν
302 1605 420 1637 γυναῖκα
441 1603 536 1636 αὑτοῦ,
553 1604 615 1639 ὅρα,
634 1603 692 1634 πῶς
708 1603 758 1630 οὐκ
775 1602 933 1637 ἀλλαχόθεν,

145 1650 201 1676 οὐδ’
216 1650 249 1676 ὲκ
273 1650 323 1684 τῆς
349 1649 416 1681 ιδίας
443 1649 567 1681 ἐξουσίας
592 1649 639 1676 καὶ
667 1648 722 1675 τῶν
750 1648 801 1683 τῆς
825 1649 936 1684 χάριτος

145 1695 290 1730 δογμάτων
307 1694 321 1721 ὁ
334 1694 527 1730 φιλάνθρωπος
542 1695 621 1730 ὴμῶν
649 1695 801 1729 Δεσπότης,
817 1694 887 1721 ἀλλὰ
902 1695 936 1721 δι’

146 1742 235 1776 αὐτῆς
245 1741 294 1776 τῆς
310 1741 505 1776 ἀρχαιογονίας
536 1741 584 1768 καὶ
607 1741 657 1776 τὴν
674 1741 752 1767 λύσιν
779 1741 870 1780 αὺτῷν
885 1741 935 1775 τῆς

146 1787 264 1823 ἀπορίας
278 1788 326 1813 καὶ
341 1787 390 1821 τὴν
404 1787 565 1822 ἐπιτίμησιν
576 1787 687 1821 ἐπάγει.
704 1789 764 1814 οὐκ
788 1786 937 1821 ἀνέγνωτε

147 1834 214 1868 γὰρ,
243 1832 321 1866 φησὶ,
354 1831 430 1858 ὅτιό
460 1831 592 1864 ποιήσας
622 1830 734 1863 αὐτοὺς
761 1831 812 1858 ἀπ’
828 1830 935 1864 ἀρχῆς,

147 1878 243 1911 ἄρσεν
257 1877 306 1904 καὶ
324 1876 402 1910 θῆλυ
411 1877 558 1910 ἐποίησεν
579 1876 712 1909 αὺτούς-ς
732 1876 879 1907 διδάσκων,
898 1875 936 1911 μὴ

147 1923 204 1949 δεῖν
219 1923 317 1958 ῥᾳδίως
342 1922 499 1949 διαλύεσθαι
520 1922 556 1949 τὰ
584 1922 741 1948 συνοικέσια
768 1921 831 1957 μηδ’
850 1922 937 1953 οὕτως

149 1969 308 2005 προπετῶς,
324 1969 391 2004 πρὸς
402 1969 419 1995 ἃ
431 1969 548 1996 συνωθεῖ
565 1969 597 1995 τὸ
609 1969 659 2003 τῆς
673 1969 760 2004 ὁρμῆς
775 1968 936 2001 ἀκόλαστον,

128 2008 130 2010 ’
148 2015 363 2051 καταφέρεσθαι.
377 2016 432 2041 Καὶ
451 2015 492 2042 ὅτι
506 2015 555 2050 τὴν
568 2015 749 2050 δημιουργίαν
769 2014 938 2049 αὐτὴνδιδά-

149 2060 250 2087 σκαλον
260 2060 367 2094 ἔχοντες
374 2060 420 2086 τοῦ
432 2061 500 2095 μήτε
507 2061 563 2096 (5'2)
570 2060 675 2087 πλείοσι
686 2060 750 2095 μιᾶς
758 2059 865 2094 γυναιξὶ
873 2068 937 2095 συν-

149 2105 294 2136 άπτεσθαι,
313 2105 381 2140 μήτε
395 2104 512 2140 διασπᾷν
523 2105 572 2140 τὴν
590 2106 748 2139 συνάφειαι),
766 2106 816 2133 οὐκ
837 2105 937 2141 ἠθέλη-

149 2159 200 2177 σαν
213 2150 275 2177 οὔτε
291 2150 341 2186 τὴν
352 2151 467 2186 ἐντολὴν
482 2151 514 2177 ἐκ
525 2150 572 2176 τοῦ
585 2151 733 2177 Μωσαῖκοῦ
747 2151 936 2178 διδασκαλείου

976 244 1035 264 rum
1050 236 1253 264 condecoravit.
1265 236 1335 264 Alibi
1349 237 1422 264 enim
1443 237 1625 272 apprehendit
1640 245 1762 269 manum,

976 284 1056 318 cujus
1070 288 1160 310 tamen
1175 291 1230 310 non
1240 287 1300 310 erat
1312 283 1449 315 conditor,
1471 288 1502 310 et
1515 284 1635 318 puellam
1652 284 1763 315 excitat,

976 334 1003 357 et
1020 329 1105 356 lilium
1126 328 1214 356 viduae
1233 328 1260 355 in
1281 329 1365 355 vitam
1390 333 1510 361 revocat,
1547 336 1702 364 corpusque
1731 329 1765 355 ab

977 375 1068 402 anima
1083 374 1186 409 optimo
1201 374 1315 402 consilio
1331 379 1498 408 separatum,
1527 375 1644 409 reducit,
1659 380 1686 402 et
1703 382 1765 402 cutn

978 421 1073 448 eadem
1080 421 1232 456 conjungit.
1245 421 1332 455 Atque
1341 420 1367 447 id
1378 424 1468 448 tamen
1481 421 1631 448 secundum
1654 421 1766 456 impiam

979 467 1120 494 hominum
1131 467 1238 494 illorum
1255 467 1376 501 linguam
1398 466 1436 494 ita
1448 472 1636 502 comparatum
1664 472 1716 500 est,
1733 473 1764 495 ιιι

979 513 1156 548 praestitisset
1170 520 1311 548 nunquam
1326 513 1392 540 illud
1405 513 1555 548 accepisse,
1566 513 1610 541 vel
1624 520 1766 549 acceptum

979 567 1061 594 quam
1090 559 1220 587 citissime
1261 559 1420 594 deponere;
1451 559 1601 593 pessimum
1626 566 1692 586 vero
1720 560 1766 592 sit,

979 604 1136 639 depositum
1149 604 1248 631 iterum
1261 604 1388 639 junctum
1405 602 1510 630 viderc.
1528 602 1579 635 Qui
1608 611 1672 631 vero
1692 604 1769 631 venit

980 650 1013 678 ad
1031 649 1178 684 potentiam
1204 649 1290 676 hostis
1309 648 1500 683 frangendam,
1528 648 1551 675 is
1575 655 1625 683 pro
1658 648 1765 675 viribus

980 704 1063 731 opera
1079 696 1140 731 eius
1157 696 1280 723 stabilire
1299 694 1445 722 annititur.
1469 693 1551 727 Quid,
1570 695 1692 728 inquam,
1715 698 1770 721 sta-

981 742 1079 770 bilire?
1094 742 1149 769 imo
1175 748 1239 768 vero
1267 740 1424 768 destructor
1450 739 1602 774 tyrannidis
1624 739 1697 766 illius
1721 746 1770 774 per

982 793 1068 816 totam
1082 795 1159 815 suam
1175 787 1259 815 vitam
1276 788 1350 815 visus
1362 791 1404 814 est
1414 786 1503 821 ipsum
1520 786 1572 813 hoc
1595 785 1768 821 tyrannicum

981 833 1142 865 dominium,
1155 833 1254 868 saepius
1268 839 1342 860 nunc
1354 832 1464 867 quidem
1476 831 1558 858 variis
1571 830 1684 862 morbis,
1705 830 1768 864 qui-

982 880 1034 908 bus
1046 888 1129 915 opera
1141 879 1200 914 ejus
1212 879 1334 913 subjecta
1349 882 1446 911 erant;
1464 885 1539 905 nunc
1562 881 1652 903 autem
1679 879 1766 902 morte

982 931 1010 954 et
1025 925 1212 960 corruptione,
1225 925 1268 952 cui
1280 924 1383 952 morbis
1400 927 1562 958 consumpta
1584 922 1770 953 tradebantur,

983 971 1152 999 destructum
1178 970 1277 998 iterum
1304 970 1468 1000 instaurare,
1490 968 1571 996 modo
1597 967 1632 994 ab
1658 966 1771 994 interim

983 1017 1115 1049 excitans,
1143 1017 1224 1044 modo
1243 1025 1258 1043 a
1284 1015 1362 1043 malis
1397 1015 1527 1047 liberans,
1563 1014 1644 1049 idque
1675 1012 1764 1044 toties,

983 1062 1091 1096 quoties
1109 1066 1230 1089 mortuos
1247 1061 1274 1088 in
1288 1061 1372 1088 vitam
1394 1060 1543 1093 revocavit,
1570 1064 1597 1087 et
1622 1058 1733 1086 morbos
1755 1065 1770 1084 a

984 1106 1145 1140 corporibus
1161 1105 1339 1140 propulsavil.

1021 1150 1141 1178 XXXIII.
1160 1151 1204 1183 Et,
1223 1151 1295 1185 quod
1312 1150 1401 1177 adhuc
1414 1150 1506 1178 minus
1524 1149 1589 1177 ferri
1607 1156 1687 1184 posse
1699 1148 1774 1176 vide-

985 1201 1039 1227 tur,
1060 1196 1124 1223 inde
1141 1195 1175 1222 ab
1191 1203 1224 1222 eo
1238 1200 1360 1229 tempore
1385 1202 1470 1229 usque
1496 1194 1529 1221 ad
1555 1201 1687 1229 prmsens,
1716 1201 1771 1220 non

984 1241 1091 1268 desistit
1104 1245 1160 1266 tum
1172 1247 1221 1274 per
1229 1239 1378 1274 discipulos
1389 1246 1454 1265 suos
1462 1238 1555 1266 divino
1569 1237 1672 1272 Spiritu
1685 1241 1771 1268 actos,

985 1291 1043 1313 tum
1068 1293 1117 1321 per
1131 1293 1179 1313 eos
1201 1285 1248 1320 qui
1264 1285 1314 1312 hos
1342 1285 1371 1312 in
1387 1284 1476 1311 oiiicio
1499 1286 1678 1318 exceperunt,
1696 1281 1774 1310 simi-

985 1333 1057 1360 libus
1071 1332 1224 1360 actionibus
1239 1331 1311 1359 idem
1327 1331 1479 1358 dominium
1495 1330 1657 1357 conﬁrmare
1668 1333 1696 1356 et
1709 1336 1774 1363 per-

985 1379 1077 1405 licere.
1099 1376 1227 1411 Nunquid
1252 1383 1317 1404 vero
1341 1376 1384 1403 vel
1409 1375 1482 1410 apud
1498 1375 1607 1402 Graecos
1633 1375 1677 1402 vel
1702 1374 1774 1409 apud

986 1423 1120 1450 Barbaros
1135 1423 1283 1458 quidquam
1307 1427 1350 1450 est
1370 1422 1456 1457 magis
1478 1422 1623 1449 barbarum
1649 1424 1697 1447 aut
1722 1420 1775 1447 im-

985 1470 1070 1504 pium,
1086 1477 1166 1503 quam
1179 1469 1292 1503 quidem
1304 1468 1370 1496 hoc?
1383 1468 1439 1504 Ego
1449 1468 1558 1503 quidem
1572 1467 1695 1502 talequid
1711 1474 1777 1494 nus-

947 1525 969 1555 c
985 1523 1067 1549 quam
1083 1514 1173 1546 rideo,
1188 1522 1277 1549 neque
1288 1518 1381 1549 putem
1393 1522 1447 1545 me,
1461 1518 1491 1542 ut
1505 1514 1636 1546 viderem,
1650 1512 1770 1547 alioquin

986 1561 1127 1596 indignum
1161 1568 1231 1588 esse.
1264 1560 1332 1587 Cum
1364 1559 1494 1587 Pharisaei
1521 1559 1668 1599 aliquando
1696 1566 1771 1593 quae--

987 1611 1087 1638 rercnt,
1118 1614 1183 1634 num
1209 1607 1290 1634 liceat
1317 1607 1421 1634 homini
1441 1614 1605 1641 quacunque
1629 1606 1663 1632 de
1690 1613 1773 1632 causa

987 1660 1098 1679 uxorem
1114 1659 1191 1679 suam
1212 1652 1360 1684 dimittere,
1385 1652 1449 1679 vide
1466 1652 1544 1685 mihi,
1561 1651 1697 1686 quomodo
1719 1658 1775 1678 non

987 1697 1107 1729 aliunde,
1133 1704 1185 1724 nec
1203 1705 1236 1724 ex
1256 1698 1366 1732 propria
1383 1701 1528 1732 potestate,
1552 1701 1600 1724 aut
1627 1704 1661 1724 cx
1680 1696 1773 1731 gratia:

987 1742 1110 1769 doctrina
1129 1741 1261 1770 Dominus
1273 1747 1378 1773 noster,
1396 1743 1539 1770 hominum
1557 1742 1774 1773 amantissimus,

990 1788 1036 1814 sed
1054 1795 1086 1814 ex
1099 1787 1157 1822 ipsa
1175 1788 1322 1815 creationis
1341 1788 1454 1816 historia
1475 1792 1503 1815 et
1525 1788 1708 1823 objectionem
1727 1795 1775 1814 eo-

990 1841 1051 1860 rum
1081 1834 1178 1866 solvat,
1206 1837 1235 1860 et
1265 1833 1507 1868 reprehensionem
1543 1833 1654 1860 formet.
1681 1833 1776 1859 Nonne

988 1880 1058 1906 enim
1075 1879 1184 1914 legistis,
1205 1879 1305 1913 inquit,
1316 1879 1384 1914 quod
1414 1880 1459 1914 qui
1486 1881 1545 1915 fecit
1577 1888 1620 1906 eos
1636 1880 1668 1906 ab
1688 1879 1775 1909 initio,

989 1933 1090 1952 marem
1104 1930 1128 1952 et
1143 1926 1271 1960 feminam
1285 1926 1345 1960 fecit
1355 1924 1426 1952 eos"
1439 1926 1449 1952 ?
1461 1926 1533 1953 clare
1548 1934 1596 1960 per
1609 1926 1694 1961 ipsam
1706 1925 1778 1952 hanc

989 1970 1182 1997 formationem
1194 1970 1330 1997 diversam
1345 1970 1456 2003 docens,
1474 1978 1529 1998 non
1544 1975 1599 1998 tam
1619 1971 1697 1998 facile
1720 1971 1776 1998 sol-

989 2023 1054 2043 vere
1070 2016 1152 2042 licere
1167 2016 1315 2047 connubia,
1330 2023 1420 2051 neque
1434 2020 1488 2043 tam
1504 2021 1607 2044 temere
1619 2024 1652 2044 eo
1676 2016 1775 2051 abripi,

989 2069 1044 2096 quo
1058 2061 1175 2097 impetus
1196 2061 1342 2090 difﬁculter
1361 2063 1529 2090 coercendus
1554 2063 1677 2097 impellit.
1695 2063 1777 2089 Cum-

989 2115 1042 2142 que
1063 2107 1230 2135 creationem
1251 2107 1338 2142 ipsum
1359 2108 1514 2144 magistram
1549 2109 1691 2141 haberent,
1705 2108 1776 2142 quod

989 2161 1041 2181 nec
1055 2153 1148 2188 plures
1178 2161 1232 2180 una
1258 2155 1387 2189 conjuges
1404 2155 1514 2187 ducere,
1544 2162 1595 2181 nec
1620 2154 1778 2188 coniugium

151 2197 258 2231 μαθεῖν,
275 2195 338 2223 οὔτε
357 2197 387 2223 τὸ
407 2196 510 2232 ἄπορον
520 2196 576 2230 (55)
601 2196 780 2230 ὲπιλυόμενον
803 2197 933 2230 συνιδείν;

993 2199 1122 2227 dirimere
1134 2199 1231 2232 liceat;
1246 2199 1284 2226 illi
1298 2204 1388 2227 tamen
1406 2207 1457 2227 nec
1478 2204 1644 2234 pneccptum
1670 2199 1723 2225 hoc
1745 2206 1778 2225 ex

155 2242 226 2268 Ἀλλ’
242 2243 325 2273 αὐτος
346 2241 453 2268 ἐκεῖθεν
477 2241 544 2278 πρὸς
561 2241 691 2277 ἑκάτερον
711 2242 941 2277 παραταξάμενος

151 2287 233 2322 μόνον
258 2287 352 2313 λοιπὸν
379 2287 446 2314 ἴδιον
471 2287 517 2313 τὸν
545 2287 660 2313 παλαιὸν
687 2289 816 2320 ποιεῖται,
842 2288 890 2314 καὶ
907 2288 941 2314 δι’

149 2333 257 2359 ἐκείνου
269 2333 364 2359 πλέκει
379 2333 425 2359 τὸν
437 2333 486 2368 τῆς
502 2333 626 2368 χάριτος.
646 2333 675 2360 '0
689 2334 744 2369 γὰρ
755 2334 788 2361 ἐκ
806 2335 842 2370 μὴ
855 2335 940 2362 ὄντων

151 2378 261 2405 ἅπαντα
271 2378 454 2413 παραγαγὼν,
470 2378 503 2405 δι’
517 2376 554 2405 ὧν
567 2380 608 2410 εἰς
625 2380 708 2414 ὰρσεν
731 2380 778 2406 καὶ
804 2380 871 2415 θῆλυ
891 2380 941 2415 τὴν

150 2422 325 2458 ἀνθρωπίνην
339 2422 420 2457 φύσιν
437 2423 587 2458 μορφώσας
602 2423 768 2459 διήρθρωσε,
791 2426 837 2452 καὶ
849 2426 889 2457 εὶς
911 2425 940 2451 ἒν

151 2467 277 2503 ἀλλήλοις
291 2469 470 2504 συνήρμοσεν,
490 2469 594 2501 ἐκεῖνός
610 2471 679 2501 ἐστι,
691 2471 771 2505 φησὶν
782 2490 790 2503 ,
805 2473 819 2497 ὁ
837 2472 885 2498 καὶ
906 2472 940 2498 τὰ

153 2514 300 2549 σπέρματα
315 2515 361 2542 τοῦ
381 2515 465 2550 νόμου
488 2515 663 2547 καταϐαλὼν,
690 2516 718 2549 ὃς
743 2517 781 2553 μὴ
798 2517 855 2544 δεῖν
871 2526 940 2554 μοχ-

153 2559 238 2595 θηρίᾳ
265 2560 379 2597 γνώμης
420 2561 467 2588 ἀπ’
499 2561 624 2597 ἀλλήλων
647 2563 713 2594 τοὺς
755 2564 941 2599 συναφθέντας

187 2633 211 2649 ⁸¹
224 2632 320 2660 Matth.
340 2641 396 2666 xix,
414 2633 442 2660 4.

992 2245 1136 2280 disciplina
1150 2245 1267 2273 Mosaica
1276 2246 1392 2279 discere,
1406 2254 1495 2280 neque
1505 2245 1690 2273 difﬁcultatem
1704 2245 1779 2272 solu-

991 2296 1045 2318 tam
1056 2291 1149 2319 videre
1167 2292 1305 2319 volebant.
1316 2293 1351 2319 At
1366 2292 1410 2319 ille
1435 2292 1498 2319 inde
1515 2296 1610 2319 contra
1623 2295 1779 2326 lutrumquc

991 2337 1147 2370 decertans,
1169 2343 1289 2366 veterem
1319 2343 1425 2366 tantum
1440 2332 1537 2373 hegcm
1563 2338 1700 2373 propriam
1727 2337 1778 2364 sibi

991 2383 1066 2415 fecit,
1082 2388 1164 2418 atque
1181 2384 1245 2411 hinc
1259 2392 1329 2417 eain,
1347 2392 1408 2418 quae
1424 2385 1516 2419 gratim
1531 2387 1583 2416 est,
1606 2383 1701 2410 ncclit.
1728 2382 1780 2416 Qui

994 2430 1068 2457 enim
1081 2437 1113 2457 ex
1129 2438 1185 2457 non
1198 2430 1393 2458 exsistr-ntibus
1409 2430 1499 2458 omnia
1516 2429 1655 2464 produxit,
1673 2437 1704 2456 ex
1717 2429 1780 2464 qui-

993 2475 1046 2503 bus
1063 2475 1209 2504 humanam
1239 2483 1364 2504 naturam
1383 2476 1409 2503 in
1427 2477 1577 2503 masculum
1604 2481 1632 2504 et
1651 2477 1780 2504 feminam

994 2519 1137 2549 formando
1148 2521 1239 2554 ﬁnxit,
1256 2527 1283 2549 et
1295 2526 1440 2555 utrumque
1456 2521 1482 2548 in
1502 2528 1588 2548 unum
1612 2522 1755 2556 conjunxit
1772 2531 1779 2555 ;

994 2565 1029 2599 is,
1045 2567 1144 2602 inquit,
1162 2567 1234 2595 idem
1248 2571 1300 2599 est,
1312 2567 1358 2602 qui
1373 2572 1401 2595 et
1413 2567 1496 2603 hujus
1507 2567 1574 2603 legis
1588 2569 1692 2596 semina
1707 2575 1782 2602 spar-

712 2705 830 2734 V'ARIAE
848 2705 1043 2736 LECTIONES
1060 2707 1104 2736 ET
1115 2707 1231 2737 NOTAE.

187 2767 246 2801 (5‘2)
257 2766 349 2798 Μήτε.
361 2766 400 2795 ita
419 2767 515 2803 scripsi
543 2775 592 2803 pro
608 2768 668 2803 ἦτε,
681 2768 753 2803 quod
764 2775 818 2796 non
841 2768 942 2796 admit-

153 2803 188 2831 tit
199 2809 317 2836 scquens
328 2802 410 2837 μήτε.

187 2837 245 2873 (55)
261 2837 398 2871 ’Δπορσν-
412 2837 486 2865 Ilanc
503 2845 598 2865 vocem
611 2838 720 2872 reposui
742 2846 792 2874 pro
809 2839 940 2874 ἄσπορον,

995 2770 1069 2805 quod
1086 2774 1146 2798 erat
1160 2769 1188 2797 in
1206 2777 1258 2806 ms.
1279 2769 1400 2806 Ἀπορον
1419 2770 1494 2797 enim
1517 2776 1594 2806 mque
1610 2774 1655 2806 ‘ac
1679 2765 1781 2801 ἀπορία

996 2802 1077 2840 paulo
1095 2810 1158 2832 ante
1177 2805 1278 2833 nodutn
1297 2802 1405 2833 vindice
1417 2805 1529 2840 dignum
1548 2802 1691 2838 significat.
