1940 3081
193 166 246 198 259

755 161 889 193 PHOTII
905 157 1158 191 PATRIARCH/E
1175 157 1231 187 (ΞΡ.

1769 148 1823 181 260

194 224 241 257 sit;
267 228 295 251 et
320 221 450 258 praecepit
467 220 540 256 quod
561 228 617 248 non
633 220 715 248 liceat
731 228 765 248 ex
785 220 878 255 iniqua
897 219 982 246 animi

1041 216 1140 244 ιελεύει
1156 214 1324 248 διίστασθαι,
1342 213 1403 249 μηδ’
1420 210 1582 247 ὑπερορίους
1597 208 1705 258 ᾖδονὰς,
1717 209 1765 235 καὶ
1773 208 1825 243 τὴν

193 269 330 297 sententia
341 268 425 296 semel
435 268 596 303 conjunctos
614 275 630 294 a
654 275 684 294 se
703 267 821 295 invicem
841 272 978 301 separare,

192 324 282 350 neque
289 315 448 342 immodicas
454 313 550 341 sectari
559 314 731 348 cupiditates,
740 317 767 340 et
775 313 981 346 introduclopo-

193 361 322 396 lygamias
330 360 395 387 vitio
408 359 549 386 hominum
563 359 767 394 generationem
782 357 979 385 contaminare.

197 406 289 439 Vides,
299 405 440 440 quomodo
452 405 517 433 inde
527 407 561 432 ab
576 405 727 440 originibus
746 404 840 431 mundi
856 402 981 430 Mosaicis

194 453 281 487 legem
290 459 366 478 suam
378 455 494 486 repetat,
505 456 586 486 atque
598 451 661 478 inde
670 450 777 478 initium
787 458 866 477 suum
881 449 982 476 habere

192 497 332 525 ostendat.
350 496 449 524 Postea
462 505 517 524 non
534 497 644 524 Judaeos
658 497 745 532 magis
757 504 806 531 per
820 496 979 523 Creatorem

193 548 221 570 et
241 542 409 570 creationem
437 542 470 569 ad
497 543 636 570 silentium
668 543 804 577 redigens,
832 548 913 576 quam
935 548 983 567 eos

193 597 290 617 omnes
304 588 351 623 qui
363 595 397 615 eo
413 589 536 622 provecti
550 593 623 620 sunt,
647 592 677 615 ut
694 588 841 615 humanam
855 591 982 613 naturam

192 634 404 665 ealumnientur,
429 637 456 660 et
484 634 689 669 generationem
719 633 860 660 hominum
891 640 925 659 ex
953 639 984 659 se

194 679 312 706 invicem
332 678 535 710 couvicientur,
550 684 613 713 post
629 686 714 714 pauca
730 678 870 712 subjungit
888 685 895 704 :
909 676 984 708 Quod

195 725 277 760 igitur
293 724 360 750 Deus
383 724 530 758 conjunxit,
558 725 634 751 [tanta
652 733 683 751 ne
699 728 801 758 separet
812 723 846 751 “.
862 723 920 750 Non
936 722 984 750 de-

196 777 250 803 cet,
280 771 379 805 inquit,
403 779 472 806 quas
502 770 576 798 Deus
603 771 728 798 condidit
747 771 832 806 leges,
856 769 985 797 humanis

196 815 323 843 consiliis
345 821 481 848 evertere,
501 823 592 850 neque
609 819 741 843 creaturae
756 815 900 847 convenit,
919 822 984 841 con-

197 866 239 889 tra
251 861 410 889 Creatorem
424 862 498 896 leges
515 862 599 888 ferre.
629 861 722 896 Neque
749 861 837 888 solum
870 860 898 887 in
925 867 985 887 eam

1032 263 1089 290 τῶν
1105 261 1259 297 ἀνθρώπων
1283 260 1391 294 γένεσιν
1417 258 1540 294 ὑϐρίζειν
1563 254 1738 289 πολυγαμίας
1758 262 1824 289 μια-

1035 308 1095 344 σμῷ
1118 308 1174 343 (54)
1220 307 1301 342 Ὁρᾷς
1333 306 1406 337 ὅπως
1438 304 1490 330 ἀπὸ
1521 303 1570 338 τῆς
1600 300 1750 335 Μωσαῖκῆς
1778 308 1826 326 κο-

1035 354 1197 389 σμογενείας
1227 353 1274 379 τὸν
1294 350 1392 378 ἑαυτοῦ
1412 349 1552 376 διαπλέκει
1580 347 1663 381 νόμον
1691 346 1739 372 καὶ
1777 345 1825 380 τὴν

1035 400 1122 435 ἀρχὴν
1135 399 1239 425 ἐκεῖθεν
1251 398 1322 433 ἔχειν
1341 396 1508 423 ἐπιδείκνυσι
1522 395 1572 429 τῆς
1590 393 1702 425 θέσεως,
1719 390 1778 418 εἶτα
1793 391 1825 418 οὗ

1034 446 1098 476 τοὺς
1120 445 1264 475 Ἰουδαίους
1288 443 1389 478 μᾶλλον
1398 440 1585 476 ἐπιστομίζων
1593 439 1637 466 διὰ
1647 439 1694 466 τοῦ
1703 438 1825 465 πλάστου

1035 492 1083 518 καὶ
1089 491 1139 526 τῆς
1149 490 1285 521 πλάσεως,
1292 489 1361 516 ἀλλὰ
1371 488 1420 515 καὶ
1426 487 1541 519 πάντας,
1553 487 1610 513 ὅσοι
1620 485 1774 520 δυσφημεῖν
1780 483 1827 510 τὸν

1035 536 1181 571 ἄνθρωπον
1198 534 1423 570 παρηνέχθησαν,
1439 533 1487 559 καὶ
1501 532 1552 568 τὴν
1566 532 1596 565 ἐξ
1616 531 1740 566 ἀλλήλων
1758 538 1827 564 προ-

1036 580 1218 617 πηλακίζουσι
1241 580 1380 614 γέννησιν,
1401 578 1459 614 μετ’
1475 577 1565 612 ὀλίγον
1577 577 1676 610 ἐπάγει
1690 584 1697 591 ·
1709 581 1712 585 ’
1722 577 1757 602 Ὃ
1770 573 1828 602 οὖν

1037 626 1136 660 dem
1150 625 1285 658 ἔζευξεν,
1306 624 1462 658 ἄνθρωπος
1480 623 1523 658 μὴ
1543 622 1694 658 χωριζέτω.
1713 621 1750 648 Οὐ
1774 621 1826 651 δεῖ,

1038 674 1131 709 φησὶν,
1145 672 1191 704 οὓς
1207 672 1222 698 ό
1236 672 1302 703 Θεὸς
1326 671 1410 705 ἔπηξε
1422 670 1521 705 νόμους
1538 668 1722 704 ἀνθρωπίνοις
1733 675 1826 702 παρα-

1038 719 1173 746 κινείσθαι
1216 718 1434 751 σπουδάσμασιν,
1468 715 1524 742 οὐδ’
1553 713 1773 748 ἀντινομοθετεῖν
1797 712 1829 739 τὸ

1038 765 1153 800 πλάσμα
1166 764 1205 800 τῷ
1221 765 1370 791 Πλάσαντι.
1386 762 1442 789 Καὶ
1456 761 1487 788 οὑ
1501 761 1582 797 μέχρι
1594 759 1729 794 τοσαύτης
1745 758 1829 793 τιμῆς

1038 811 1087 847 τὴν
1102 810 1252 846 Μωσαῖκὴν
1263 808 1437 845 φυσιολογίαν
1451 808 1558 843 ἀνάγει,
1578 807 1636 834 ἀλλ’
1650 806 1701 842 ἤδη
1716 805 1763 832 καὶ
1775 804 1830 831 τῶν

1045 857 1181 885 Ἰουδαίων
1204 857 1252 883 ἐπὶ
1283 857 1412 883 συστάσει
1434 855 1485 889 τῆς
1511 854 1580 886 ιδίας
1598 853 1713 888 γνώμης
1735 860 1765 878 τε
1781 851 1830 878 καὶ

198 907 361 942 dignitatem
377 907 522 935 Mosaicam
545 907 740 942 physiologiam
767 906 867 938 evehit,
886 906 933 933 sed
958 910 985 932 et

1041 903 1118 939 δόξης
1141 901 1433 937 ἀντιπροϐαλλομένων
1451 909 1482 927 τε
1506 901 1554 927 καὶ
1585 898 1832 935 ἀνθυποφερόντων

198 961 261 980 cum
278 953 365 981 Judaei
381 953 681 988 procommendatione
710 952 853 979 sententiae
877 958 934 978 suae
960 956 988 977 et

198 999 338 1033 opinionis
352 999 444 1026 lllosen
467 998 624 1033 proferrent
647 1003 675 1025 et
706 997 869 1031 objicerent,
885 997 988 1031 quippe

197 1045 244 1080 qui
259 1045 326 1079 ipsis
341 1044 502 1080 permiserit
513 1044 655 1071 dimittere
668 1051 778 1077 uxores,
794 1043 863 1070 nihil
877 1043 929 1078 ipsi
942 1050 987 1069 re-

198 1090 392 1125 prehensionis
409 1090 532 1124 impegit,
548 1097 639 1124 neque
654 1089 764 1116 crimini
781 1095 845 1115 eum
861 1088 926 1115 fecit
938 1088 988 1114 oli-

200 1137 323 1163 noxium.
342 1135 406 1166 Sed.
420 1135 545 1170 quamvis
561 1143 593 1162 ex
608 1136 667 1170 ipsa
690 1134 832 1162 creatione
857 1134 989 1169 prima-.va

198 1186 228 1209 et
256 1189 289 1208 ex
313 1182 472 1209 Judzeorum
502 1181 670 1216 exceptione
692 1180 865 1207 occasionem
892 1184 990 1207 nactus

198 1232 283 1260 esset,
299 1234 408 1254 causam
425 1227 507 1261 huius
526 1227 565 1254 rei
583 1227 609 1253 in
634 1226 726 1253 Mosen
742 1225 891 1256 referendi,
920 1225 990 1252 adeo

199 1277 290 1299 tamen
308 1280 336 1299 se
354 1279 368 1298 a
384 1272 458 1299 Mose
473 1272 628 1299 accusando
644 1271 786 1302 abstinuit.
809 1275 839 1298 ut
858 1278 921 1297 eum
942 1278 991 1304 po-

200 1315 255 1342 tius
269 1315 409 1350 sapienter
434 1320 563 1350 tanquam
581 1316 786 1350 dispensantem
804 1315 894 1349 egisse
908 1314 991 1349 proli-

200 1364 300 1387 teatur.
319 1360 405 1388 Moses
416 1362 496 1392 enim,
513 1361 603 1396 inquit
617 1361 647 1388 ob
663 1362 789 1388 duritiem
807 1361 893 1387 cordis
912 1361 991 1387 vestri

199 1406 320 1439 permisit
348 1405 419 1432 vobis
448 1406 579 1433 dimittere
610 1414 703 1433 uxores
719 1406 753 1434 “.
787 1406 845 1434 Hoc
861 1409 915 1439 est,
934 1413 991 1433 non

201 1450 261 1485 ipse
283 1451 446 1486 p'tenitentia
462 1452 573 1484 ductus,
600 1456 720 1479 veterem
749 1451 835 1485 illam,
850 1460 990 1487 quamque

200 1495 260 1530 ipse
274 1496 394 1530 scripsit,
410 1496 498 1531 legem
521 1496 663 1531 negligens
685 1497 719 1523 ad
741 1497 860 1524 alterum
878 1497 944 1524 illud
960 1505 991 1524 se

200 1541 349 1572 convertit,
364 1549 453 1576 neque
463 1549 544 1576 quam
561 1546 705 1576 acceperat
718 1542 861 1574 latentem,
875 1542 990 1578 gratiam

200 1587 320 1615 divinam
338 1588 524 1627 _creationem
556 1589 723 1623 exponendi,
752 1589 810 1617 suis
838 1590 991 1617 ratiociniis

201 1633 366 1668 postposuit,
389 1638 472 1668 atque
486 1634 555 1661 adeo
570 1641 622 1662 nec
639 1635 784 1662 divisionis
807 1635 891 1670 hujus
909 1643 993 1663 causa

200 1678 317 1711 exstitit,
344 1678 392 1705 sed
405 1678 522 1705 durities
547 1678 640 1706 cordis
664 1678 749 1706 vestri
764 1686 875 1706 omnem
895 1678 923 1705 in
943 1687 993 1706 vos

201 1731 312 1751 causam
328 1724 422 1751 refert.
442 1724 511 1751 Cum
528 1725 604 1752 enim
625 1725 670 1752 illa
699 1724 850 1759 perfectam
864 1725 932 1761 legis
947 1733 994 1752 ra-

202 1769 305 1796 tionem
333 1770 456 1805 recipere
474 1770 568 1803 nollet,
597 1775 625 1798 et
649 1771 749 1806 prioris
763 1771 836 1799 illius
861 1771 993 1806 praecepti

203 1815 384 1843 mutationem
414 1815 492 1844 vobis
523 1810 640 1851 peperit.
670 1821 698 1844 et
719 1816 863 1844 atlectibus
892 1817 993 1844 vestris

203 1861 310 1888 frenum
322 1861 388 1889 boni
403 1862 510 1889 ordinis
521 1863 648 1889 nonnihil
671 1863 764 1890 laxare
780 1863 879 1897 coegit.
899 1862 994 1898 Neque

202 1908 275 1934 enim
292 1908 343 1940 vir,
359 1908 405 1943 qui
422 1908 508 1936 Deum
529 1909 609 1940 vidit,
621 1909 749 1944 neglecto
763 1909 911 1936 crcationis
921 1917 993 1944 prae-

202 1957 292 1987 cepto,
306 1953 338 1979 ad
352 1953 425 1980 aliud
443 1953 583 1989 digressus
601 1958 653 1986 est,
666 1954 714 1981 sed
726 1958 818 1981 vestra
836 1962 990 1989 repugnan<

204 1999 239 2024 tia
255 2006 270 2025 a
288 1998 376 2034 rigore
390 2000 452 2033 ejus
466 2000 607 2027 remittere
623 1999 726 2035 aliquid
742 2008 792 2035 per
810 2000 993 2035 dispensatio—

203 2049 267 2068 nem
286 2043 395 2070 suasit:
416 2051 464 2076 _ne
497 2043 579 2075 forte,
604 2051 667 2071 cum
694 2044 863 2072 connubium
891 2052 992 2072 nexum

201 2089 313 2122 juberet
337 2096 397 2116 esse
424 2089 654 2122 indissolubilem,
671 2090 788 2117 durities
814 2094 842 2117 et
869 2090 993 2126 rigidilas

204 2133 306 2161 mentis
329 2134 416 2161 multo
436 2134 529 2169 pejora
558 2134 688 2166 elliceret,
710 2135 860 2162 homicidio
888 2136 994 2163 scilicet

204 2180 367 2207 solutionem
383 2188 546 2216 procurans,
566 2189 646 2216 quam
666 2181 692 2208 vi
714 2181 781 2216 legis
809 2185 836 2208 et
862 2182 994 2209 doctrina:

1039 950 1083 976 τὸν
1096 950 1211 982 Μωσέα,
1238 948 1275 980 ὡς
1295 948 1377 980 αὐτὸς
1406 948 1499 979 αὐτοῖς
1523 946 1674 981 ἐπέτρεψεν
1703 943 1831 971 ἀπολύειν

1038 996 1088 1026 τὰς
1111 996 1255 1030 γυναῖκας,
1274 993 1352 1020 οὐδὲν
1384 994 1424 1025 είς
1439 993 1521 1020 αὑτὸν
1551 992 1677 1026 οὐδαμῶς
1693 989 1830 1025 ἀπέρριψε

1041 1040 1182 1076 μέμψεως,
1212 1040 1267 1067 οὐδ’
1294 1039 1421 1066 ὑπαίτιον
1445 1039 1604 1074 ἐποιήσατο.
1629 1037 1711 1064 Ἀλλὰ
1740 1036 1830 1062 καίτοι

1040 1086 1111 1121 ἔχων
1121 1087 1169 1112 καὶ
1186 1086 1237 1121 τὴν
1251 1085 1299 1112 ἀπ’
1321 1085 1409 1120 ἀρχῆς
1427 1086 1459 1111 ὲκ
1483 1084 1533 1119 τῆς
1548 1083 1729 1118 δημιουργίας
1745 1083 1832 1117 ἀφορ-

1042 1132 1094 1168 μὴν
1111 1133 1328 1169 παροξύνουσαν,
1342 1133 1389 1159 καὶ
1402 1132 1453 1167 τὴν
1474 1130 1623 1166 ’ῐουδαῖκὴν
1649 1129 1769 1164 ἀπορίαν
1784 1130 1825 1161 είς

1040 1178 1087 1205 τὸν
1101 1178 1253 1214 νομοθέτην
1264 1178 1314 1214 τὴν
1326 1178 1418 1205 αἰτίαν
1427 1178 1559 1211 ἐνεγκεῖν,
1574 1176 1702 1204 τοσοῦτον
1714 1176 1833 1210 ἀπέχετο

1040 1223 1072 1250 τὸ
1087 1224 1239 1251 ὑπεύθυνον
1254 1223 1396 1260 ἀποφῆναι
1411 1224 1456 1250 τὸν
1467 1223 1581 1257 Μωσῆν,
1597 1222 1667 1249 ὥστε
1679 1222 1726 1248 καὶ
1733 1221 1780 1248 τοῦ
1796 1223 1830 1256 τῇ

1041 1270 1247 1304 οὶκονομοῦντος
1258 1270 1433 1305 ἐπεκόσμησε
1448 1269 1539 1304 σοφίᾳ.
1552 1268 1663 1302 Μωσῆς
1672 1269 1738 1303 γὰρ,
1752 1267 1830 1301 φησὶ,

1042 1315 1117 1349 πρὸς
1132 1315 1190 1349 τὴν
1209 1315 1456 1349 σκληροκαρδίαν
1477 1314 1562 1349 ὑμῶν
1580 1314 1746 1348 ἐπέτρεψεν
1759 1314 1833 1347 ἀπρ-

1041 1362 1136 1388 λῦσαι
1148 1363 1201 1394 τὰς
1215 1360 1370 1396 γυναῖκας,
1387 1361 1536 1393 τουτέστιν,
1549 1361 1599 1387 οὐκ
1610 1361 1690 1392 αὐτὸς
1702 1360 1734 1386 ὲκ
1750 1368 1834 1395 μετα-

1044 1407 1165 1442 μελείας,
1175 1406 1221 1433 τὸν
1228 1407 1351 1442 ἀρχαῖον,
1366 1406 1413 1433 καὶ
1423 1406 1453 1433 ὃν
1466 1406 1596 1441 ἔγραψεν,
1606 1405 1741 1441 ὑπεριδὼν
1750 1406 1832 1441 νόμον

1042 1453 1110 1488 πρδς
1136 1452 1266 1487 δευτέραν
1281 1453 1419 1487 ἀπόφασιν
1435 1452 1611 1488 ἐπεστράφη,
1631 1451 1686 1478 οὐδ’
1704 1451 1736 1487 ἣν
1752 1451 1832 1487 χάριν

1043 1498 1123 1525 ἔλαϐε
1146 1498 1330 1525 λανθάνουσαν
1353 1497 1532 1532 καταγγεῖλαι
1556 1497 1633 1524 θείαν
1651 1497 1832 1532 δημιουργίαν

1044 1544 1183 1579 λογισμῶν
1193 1544 1286 1578 ,ὀπίσω
1297 1543 1421 1579 θέμενος,
1431 1544 1517 1575 οὐδεὶς
1526 1543 1607 1570 αὑτὸν
1615 1543 1667 1578 ὁρᾷ
1680 1542 1725 1569 τοῦ
1734 1541 1833 1568 διεσὶου

1048 1589 1106 1626 (sic)
1127 1589 1158 1616 τὸ
1178 1589 1312 1622 ὑπαίτιον,
1333 1588 1401 1616 ἀλλὰ
1418 1589 1449 1616 τὸ
1465 1589 1598 1624 ὑμέτερον
1621 1587 1833 1623 σκληροκάρδιον

1045 1637 1086 1667 είς
1098 1635 1172 1670 ὑμᾶς
1185 1636 1276 1662 πᾶσαν
1292 1636 1398 1670 ἀναρτᾷ
1413 1635 1464 1670 τὴν
1491 1635 1592 1662 αἰτίαν,
1610 1634 1656 1669 Μὴ
1672 1633 1834 1669 βουλόμενον

1044 1681 1100 1717 γὰρ
1116 1681 1318 1716 παραδέχεσθαι
1342 1681 1392 1716 τὴν
1412 1680 1571 1715 τελειότητα
1594 1680 1644 1714 τῆς
1659 1679 1833 1715 νομοθεσίας,

1045 1726 1093 1753 καὶ
1112 1726 1159 1753 τοῦ
1189 1726 1324 1761 προτέρου
1345 1726 1428 1761 νόμου
1441 1725 1491 1760 τὴν
1518 1725 1671 1761 μεταϐολὴν
1693 1726 1757 1760 ὑμῖν
1770 1734 1835 1752 κατ-

1045 1772 1183 1807 επράξατο
1195 1773 1242 1798 καὶ
1261 1773 1321 1802 ταῖς
1343 1773 1443 1808 ὁρμαῖς
1458 1773 1620 1807 καθυφεῖναι
1635 1772 1681 1798 τὸν
1692 1772 1743 1807 τῆς
1755 1771 1836 1798 εὐτα-

1045 1818 1104 1851 ξίας
1119 1818 1226 1853 χαλινὸν
1241 1818 1380 1845 ἐϐιάσατο.
1412 1819 1451 1845 Οὐ
1476 1819 1531 1854 γὰρ
1553 1818 1696 1855 ὑπερορῶν
1714 1819 1796 1845 ποθεν
1821 1819 1835 1845 ὁ

1045 1864 1162 1900 θεόπτης
1187 1865 1218 1891 τὸ
1245 1865 1296 1900 τῆς
1310 1865 1493 1900 δημιουργίας
1513 1866 1678 1902 πρόσταγμα
1693 1866 1761 1901 πρὸς
1778 1866 1835 1898 ἓτε-

1046 1919 1091 1946 ρον
1106 1910 1308 1946 ηὐτομόληκεν,
1323 1911 1392 1938 ἀλλὰ
1405 1911 1437 1937 τὸ
1452 1911 1529 1947 ὑμῶν
1556 1911 1747 1946 ἀπαράδεκτον
1762 1912 1833 1938 οἰκο-

1043 1957 1126 1992 νομίᾳ
1144 1956 1224 1984 λῦσαι
1252 1956 1302 1992 τὴν
1327 1957 1473 1992 ἀκρίϐειαν
1504 1957 1723 1989 συνεϐούλευσεν,
1747 1957 1784 1988 ὡς
1800 1955 1833 1983 ἂν

1045 2002 1094 2037 μὴ,
1110 2002 1160 2037 τῆς
1185 2002 1332 2037 συναφείας
1358 2002 1474 2037 ἐχούσης
1492 2002 1521 2028 τὸ
1536 2003 1690 2034 ἀδιάλυτον,
1704 2003 1734 2028 τὸ
1750 2002 1834 2037 σκλη-

1046 2047 1090 2082 ρὸν
1107 2048 1157 2083 τῆς
1170 2047 1283 2083 γνώμης
1303 2048 1349 2074 καὶ
1368 2048 1399 2074 τὸ
1413 2048 1561 2083 ἀνήμερον,
1576 2048 1610 2075 τὰ
1629 2048 1719 2082 πολλῷ
1735 2056 1835 2082 κατερ-

1043 2093 1155 2127 γὰσοιτο
1176 2093 1298 2129 χείρονα.
1329 2093 1402 2129 φόνῳ
1430 2094 1481 2128 τὴν
1513 2094 1602 2127 λύσιν,
1618 2094 1660 2120 ὃτι
1685 2094 1723 2129 μὴ
1746 2093 1835 2126 ἔξεστι

1043 2139 1170 2174 δόγματι,
1217 2139 1474 2174 ὲπιμηχανώμενον.
1516 2139 1657 2171 Τοιούτοις
1692 2139 1835 2175 λογισμοῖς

1043 2185 1058 2211 δ
1074 2185 1170 2220 Σωτὴρ
1195 2185 1243 2211 καὶ
1277 2185 1468 2220 ἐνθυμήμασιν
1497 2185 1684 2221 ἀπορραπίζει
1714 2186 1764 2221 μὲν
1779 2186 1835 2213 τῶν

204 2234 258 2253 non
274 2226 369 2254 liceret
393 2226 510 2254 ellicere.
529 2227 576 2254 llis
603 2227 756 2254 ratiociniis
772 2232 799 2255 et
824 2228 988 2263 argumentis

1062 2228 1189 2256 1ουδαίων
1203 2230 1234 2256 τὸ
1251 2229 1447 2265 κακούργημα,
1465 2230 1523 2256 λύει
1540 2231 1568 2257 δὲ
1583 2231 1614 2257 τὸ
1635 2231 1835 2265 σεσοφισμένον

205 2272 335 2300 Servator
349 2272 480 2308 ﬂagitium
495 2273 653 2300 Judteorum
671 2273 788 2309 castigat
801 2274 929 2308 quidem,
945 2274 992 2301 sed

204 2324 232 2345 et
257 2318 339 2346 simul
358 2318 541 2352 quaestionem
567 2319 717 2353 sophistice
743 2320 876 2354 prolatam
901 2319 991 2352 solvit.

203 2372 355 2398 omnesque
372 2364 454 2391 docet
467 2368 497 2391 ut
511 2360 574 2391 éum
596 2365 686 2392 sciant
699 2369 826 2392 nostrum
848 2372 910 2392 esse
924 2373 992 2392 con-

203 2401 332 2442 ditorém,
358 2410 437 2444 cujus
452 2410 535 2438 etiam
555 2410 613 2438 haec
639 2411 683 2437 lex
703 2415 754 2443 est,
776 2415 806 2437 ut
830 2410 945 2438 maritus
958 2411 993 2438 ab

205 2462 288 2481 uxore
303 2462 358 2482 non
379 2455 500 2482 recedat.
521 2455 588 2488 Qua:
610 2455 720 2490 quidem
743 2454 822 2482 initio
840 2455 898 2490 ipsa
911 2464 990 2484 crea-

204 2500 280 2527 tione
294 2504 322 2527 et
335 2501 531 2535 conjunctione
564 2501 591 2527 in
623 2505 795 2528 antecessum
817 2501 990 2535 adumbrata,

203 2545 303 2572 deinde
320 2553 384 2573 vero
402 2547 517 2574 consilio
539 2551 567 2573 et
586 2546 677 2574 verbis
692 2546 758 2581 ipsis
783 2547 952 2583 promulgata
966 2552 993 2576 et

203 2591 306 2618 diserte
321 2592 462 2627 proposita
475 2597 528 2620 est.
542 2592 662 2628 Namque
675 2592 817 2620 Trinitatis
832 2593 945 2622 inliuita:
964 2599 993 2622 et

203 2638 401 2673 omnipotentis
410 2639 555 2666 ntbonitas
570 2643 598 2666 et
610 2646 724 2674 regnum
735 2644 763 2666 et
774 2639 939 2674 potentiam.
952 2641 992 2669 ita

247 2707 270 2723 “
285 2707 382 2735 Matth.
400 2707 427 2735 ϐ.
466 2708 488 2724 ¹⁸
503 2708 559 2736 ibid
588 2717 644 2736 xu.
663 2708 690 2737 8.

1045 2274 1095 2310 τῆς
1109 2275 1279 2311 ἐρωτήσεως.
1298 2277 1352 2302 Καὶ
1366 2276 1488 2303 παιδεύει
1505 2277 1621 2308 πάντας,
1636 2277 1740 2303 ἐκεῖνον
1755 2276 1835 2312 ἡμῶν

1043 2320 1142 2347 εἰδέναι
1154 2320 1334 2357 δημιουργὸν,
1353 2318 1384 2348 οὗ
1401 2322 1448 2348 καὶ
1472 2322 1520 2348 τὸν
1535 2322 1620 2358 ἄνδρα
1632 2322 1683 2357 τῆς
1704 2322 1835 2356 γυναικὸς

1043 2366 1126 2402 νόμος
1153 2368 1212 2394 ἐστὶ
1241 2368 1279 2404 μὴ
1295 2369 1460 2396 διΐστασθαι.
1479 2369 1629 2404 Καταρχὰς
1653 2376 1703 2404 μεν
1727 2370 1760 2404 τῇ
1777 2369 1835 2395 δια-

1044 2412 1143 2440 πλάσει
1155 2414 1204 2440 καὶ
1219 2415 1351 2449 συναφειᾳ
1373 2414 1458 2441 οἱονεὶ
1470 2416 1644 2449 τυπούμενος
1666 2414 1835 2450 προῦουλεύ-

1046 2465 1123 2492 ματι,
1140 2457 1255 2492 ὕστερον
1268 2458 1296 2485 δὲ
1309 2459 1357 2485 καὶ
1370 2459 1489 2494 ῥήμασιν
1509 2459 1601 2490 αὐτοῖς
1616 2458 1836 2494 ὲμφανιζόμενός

1044 2512 1074 2530 τε
1101 2505 1149 2531 καὶ
1174 2504 1324 2541 διαρρήδην
1350 2506 1561 2541 κηρυττόμενος.
1591 2506 1647 2533 Καὶ
1671 2505 1726 2542 γὰρ
1744 2506 1834 2533 κοινόν

1044 2549 1103 2576 ἐστι
1117 2551 1165 2577 καὶ
1177 2551 1326 2586 ἀμέριστον
1353 2551 1404 2586 τῆς
1425 2552 1589 2586 ὑπερουσίου
1605 2552 1653 2578 καὶ
1678 2560 1833 2587 παντοκρα-

1045 2596 1159 2632 τορικῆς
1182 2597 1310 2633 Τριάδος,
1330 2594 1426 2632 ὥσπερ
1437 2597 1467 2624 τὸ
1482 2597 1585 2632 ἀγαθὸν
1606 2599 1654 2625 καὶ
1674 2599 1691 2634 ἡ
1710 2597 1835 2633 βασιλεία

1045 2643 1092 2669 καὶ
1106 2643 1123 2678 ἠ
1140 2642 1257 2678 δύναμις
1279 2644 1351 2671 οὕτω
1381 2644 1430 2671 καὶ
1447 2644 1495 2679 τῆς
1511 2644 1693 2680 δημιουργίας
1712 2645 1759 2671 καὶ
1785 2644 1836 2679 τῆς

767 2791 883 2820 VARUS
900 2791 1094 2820 LECTIONES
1113 2792 1157 2819 ET
1169 2791 1287 2820 NOT/E.
1304 2804 1305 2807 η

243 2870 300 2907 (δι)
312 2871 448 2907 Μιασμιῐ).
463 2871 509 2900 Sic
524 2871 619 2907 scripsi
635 2880 685 2908 pro
700 2872 819 2908 μίασμα,
843 2873 916 2908 quod
938 2880 988 2901 ms.

1041 2871 1171 2900 :hibebat.
1187 2871 1270 2901 Forte
1285 2872 1369 2900 etiam
1384 2876 1457 2900 recte
1469 2871 1566 2909 legeris
1584 2871 1731 2907 μιάσματι.
