1940 3081
129 156 179 187 261

646 156 796 187 CONTRA
813 155 1043 186 MANICHIEOS
1061 157 1177 187 LIBER
1197 158 1244 188 IV.

1702 162 1758 194 262

129 212 290 246 νομοθεσίας
297 213 328 239 τὺ
333 212 452 247 ἀξίωμα.
462 211 508 238 Διό
515 212 562 239 καὶ
568 211 616 239 τοῦ
626 213 760 248 παρόντος
767 212 796 238 νό
800 212 912 247 μουξ(55]

971 217 999 240 et
1013 213 1161 240 creationis
1186 213 1305 248 dignitas
1315 214 1472 242 communia
1489 221 1556 243 sunt
1574 221 1602 244 et
1627 217 1754 246 indivisa.

129 258 201 284 κατὰ
234 258 284 293 μὲν
318 258 368 293 τὴν
399 258 590 293 ἀρχαιογονίαν
616 259 629 284 ό
649 258 697 284 τοῦ
725 257 830 293 Πατρδς
855 258 920 289 Υἱὸς

129 301 272 335 όμοούσιος
297 301 330 328 τὰ
358 302 505 337 σπέρματα
538 303 751 334 καταϐάλλεται,
782 303 873 338 σάρκα
890 303 919 329 δὲ

129 347 220 372 λαϐὼν
236 347 285 382 τὴν
313 347 382 383 ἐμὴν
402 348 449 375 καὶ
474 349 530 379 τοῖς
554 348 708 384 ἀνθρώποις
722 349 760 380 ὡς
775 348 917 383 ἄνθρωπος

130 392 398 427 ὲμπολιτευσὰμενος
426 394 472 420 καὶ
510 394 630 429 ῥήμασιν
652 394 744 425 αὐτοῖς
771 393 917 428 ἀπαρτίζει

128 438 223 465 τοῦτον
241 442 287 465 καὶ
311 439 446 474 ἐκτίθησι.
473 440 529 466 Καὶ
550 440 609 472 πῶς
633 440 683 466 οὐκ
708 440 740 466 ἄν
752 448 792 471 τις
813 440 917 475 φρίξειε

127 486 179 519 τῆς
195 485 320 516 ἐναντίας
337 485 435 520 μοίρας
450 485 466 520 ἢ
481 486 531 520 τὴν
549 486 647 512 πλάσιν
659 486 748 521 ἡμῶν,
761 487 777 521 ἢ
793 487 838 513 τὸν
850 487 917 513 Μω-

129 531 188 562 σέα,
204 531 220 566 ἢ
242 531 290 566 τὴν
316 532 514 566 κοσμογὲνειαν
531 531 568 567 μὴ
586 532 627 558 ὅτι
653 532 829 566 φθέγξασθαι,
848 531 918 558 ἀλλά

127 576 174 602 καὶ
188 576 329 610 λογισμοῖς
346 577 395 610 τῆς
410 576 541 611 τοιαύτης
569 576 755 611 βλασφημίας,
771 577 818 603 τοῦ
831 585 917 612 πονη-

127 622 177 657 ροῦ
198 622 425 656 προσϐάλλοντος,
448 622 499 649 κᾶν
525 622 662 658 ἐπίσραχυ
674 622 766 649 δοῦναι
777 623 809 658 τῇ
820 623 916 649 δυσσε-

126 666 190 701 656;
205 667 386 702 κυμαίνεσθαι
398 668 448 702 τὴν
463 667 595 700 διάνοιαν,
612 667 681 694 ἁλλὰ
697 668 735 703 μὴ
758 668 855 694 θᾶττον
869 668 916 694 καὶ

126 712 212 747 αὐτὴν
227 713 372 739 ἀποσοϐεῖν
390 713 440 748 τὴν
455 715 554 748 πεῖραν
579 713 628 740 καὶ
645 714 714 749 μετὰ
735 714 916 749 σφοδρότητος

125 758 342 793 ἀποτρέπεσθαι.

161 805 220 831 AA’.
250 804 344 839 Χωρὶς
360 804 387 830 δὲ
405 805 460 831 τῶν
496 804 652 840 εἰρημένων
668 805 682 831 ό
697 804 835 840 Δεσπότης
853 804 915 832 ίδὼν

126 849 210 875 αὑτοῦ
227 850 273 875 τὸν
292 851 394 883 κόσμον
409 851 458 877 καὶ
473 851 614 884 γινώσκει,
642 851 690 878 καὶ
707 851 838 882 πολλάκις
855 852 915 878 ἐπι-

123 896 272 922 δείκνυται.
296 896 351 922 Καὶ
377 897 436 928 πῶς
457 897 482 922 οἱ
513 896 718 932 ἀλλοτριοῦν-τες
748 897 830 924 αὑτὸν
864 897 915 932 τῆς

123 942 230 968 ἐκείνου
251 942 385 976 κραταιᾶς
410 942 501 977 χειρὸς
520 942 571 968 οὐκ
594 942 732 978 ἀλλότριοι
756 942 914 978 περιφανῶς

124 987 173 1014 καὶ
191 987 278 1022 αὐτῆς
304 988 354 1023 τῆς
369 988 612 1024 τῶν.Χριστιανῶν
638 988 915 1024 ἐξελέγχονταινκλὴ-

123 1041 206 1064 σεως.
227 1033 282 1059 Καὶ
309 1033 364 1068 γὰρ
382 1033 431 1068 τὴν
457 1033 616 1068 παραδολὴν
630 1033 678 1060 τοῦ
704 1033 914 1068 σπείροντος,τὸ

122 1078 206 1104 καλὸν
222 1078 334 1114 σπέρμα
349 1079 378 1104 ὲν
390 1078 430 1114 τῷ
444 1079 522 1113 ἀγρῷ
537 1079 632 1111 αὑτοῦ,
644 1079 690 1105 καὶ
704 1079 753 1114 τὴν
767 1078 821 1105 τῶν
836 1078 913 1111 ζιζα-

123 1126 188 1151 νίων
199 1125 364 1159 ὲπισπορὰν,
380 1125 397 1160 ἢ
414 1125 592 1152 καθεύδουσιν
606 1126 767 1161 ἐπιθέμενος
786 1126 914 1161 ἔσπειρεν

122 1171 137 1197 ό
161 1171 271 1205 ἐχθρὸς,
293 1171 397 1206 ταύτην
423 1171 456 1206 δὴ
483 1172 539 1202 τοῖς
567 1172 703 1206 μαθηταῖς
732 1170 914 1197 ἀναπτύσσων

123 1216 231 1244 αἰτοῦσι
247 1216 354 1252 μαθεῖν.
377 1217 409 1243 Ὀ
421 1217 564 1251 σπείρων,
584 1217 661 1252 φησὶ,
681 1217 778 1243 καλὸν
792 1217 914 1251 σπέρμα

122 1265 210 1291 ἐστὶν
225 1266 242 1292 ὀ
255 1265 320 1298 υἱὸς
348 1265 401 1292 τοῦ
418 1264 586 1299 ἀνθρώπου,
604 1266 621 1291 ό
643 1264 677 1291 δὲ
690 1265 780 1299 ἀγρός
796 1264 881 1291 ἐστιν
897 1265 923 1291 όν

123 1311 248 1345 κόσμος.
265 1312 314 1338 Ὃν
329 1312 357 1337 ὲν
369 1313 401 1346 τῇ
415 1311 590 1338 ἀποτυπώσει
604 1311 653 1346 τῆς
663 1311 822 1346 παρασολῆς
830 1310 913 1345 ἀγρὸν

123 1355 208 1383 αὐτοῦ
221 1355 292 1388 εἷπε,
311 1357 407 1383 τοῦτον
420 1357 449 1383 ἐν
472 1357 506 1392 τῇ
523 1356 673 1387 ἀναπτύξει
697 1356 799 1390 κόσμον
813 1355 914 1390 ὀνομά-

122 1402 178 1434 ζων
195 1403 243 1429 καὶ
266 1402 366 1438 δηλῶν,
387 1402 438 1429 οὐκ
457 1402 540 1430 ἀλλου
560 1402 644 1434 τινὸς,
662 1402 720 1429 ἀλλ’
737 1402 821 1429 αὑτοῦ
844 1400 914 1429 εἶναι

121 1448 168 1475 τὸν
179 1449 320 1483 περίγειον
341 1448 452 1482 κόσμον,
468 1449 496 1475 ὲν
512 1444 534 1482 ᾧ
551 1449 598 1475 καὶ
621 1448 786 1483 σωματικῶς
811 1447 908 1484 παρὼν

122 1491 169 1518 τὸν
194 1492 244 1527 τῆς
269 1492 408 1528 σωτηρίας
432 1492 570 1528 διέσπειρε
594 1492 684 1527 λόγον.
718 1490 806 1519 Ὅταν
835 1491 912 1528 οὖνὴ

970 258 1089 285 Proinde
1118 263 1146 285 ct
1165 259 1311 293 praesentis
1336 259 1404 295 legis
1429 262 1534 288 semina
1559 263 1586 289 in
1617 264 1757 291 creatione

970 305 1030 340 ipsa
1046 305 1141 339 Filius,
1159 305 1232 332 Patri
1245 306 1317 340 quod
1331 307 1364 333 ad
1375 308 1523 334 essentiam
1539 309 1662 342 aequalis,
1678 317 1757 344 spar-

969 351 1018 386 git,
1029 358 1114 378 carne
1138 358 1202 378 vero
1214 355 1307 378 nostra
1328 357 1476 386 assumpta,
1493 357 1519 379 et
1544 353 1614 380 inter
1631 353 1758 382 homines

970 401 1000 424 ut
1023 397 1104 424 homo
1123 400 1259 428 versatus,
1284 397 1375 424 verbis
1404 397 1471 431 ipsis
1498 399 1622 425 eamdem
1649 399 1757 433 perﬁcit

968 446 1051 477 atque
1062 442 1184 477 exponit.
1212 441 1243 468 Et
1267 442 1329 476 quis
1344 450 1399 469 non
1411 443 1599 476 exhorrescat,
1623 445 1666 471 vel
1679 453 1756 472 crea-

970 489 1072 515 tionem
1085 493 1218 521 nostram,
1242 489 1286 516 vel
1305 488 1409 521 Mosen,
1427 489 1470 516 vel
1487 489 1580 517 mundi
1596 491 1757 524 productio-

967 542 1031 561 nem
1048 542 1103 561 non
1118 535 1206 561 solum
1219 534 1252 561 ad
1266 535 1437 562 contrarium
1454 536 1619 570 principium
1642 536 1756 569 referre,

968 581 1016 608 sed
1038 585 1067 608 et
1084 581 1252 616 blasphemis
1275 581 1409 615 ejusmodi
1428 581 1650 616 cogitationibus,
1675 583 1756 610 anni-

968 631 1043 654 tente
1056 627 1140 659 malo,
1170 627 1348 662 indulgendo,
1364 628 1407 654 vel
1424 627 1498 654 brevi
1517 631 1639 663 tempore
1655 631 1755 663 unple-

968 674 1031 701 tatis
1045 674 1174 702 ﬂuctibus
1184 678 1306 701 mentem
1319 674 1489 708 permittere,
1505 682 1556 702 nec
1570 675 1660 709 potius
1675 683 1756 710 quam

967 719 1099 746 citissime
1115 720 1201 754 ipsam
1221 720 1427 754 aggressionem
1441 720 1556 754 evitare,
1570 726 1674 748 etcum
1690 729 1756 749 con-

967 764 1089 791 tentione
1104 764 1226 791 aversari
1237 765 1248 790 Τ

1000 808 1121 838 XXXIV.
1139 808 1278 837 Prazterea
1290 817 1354 837 vero
1380 817 1440 845 qum
1464 810 1536 838 dicta
1572 816 1648 845 sunt,
1661 812 1756 840 Domi-

966 861 1018 881 nus
1029 854 1124 881 videns
1140 854 1284 887 mundum,
1302 856 1425 890 agnoscit
1438 864 1529 888 suum,
1539 857 1630 884 ethoc
1645 858 1756 886 nomine

966 900 1117 934 appellans,
1133 908 1283 934 agnoscere
1295 909 1325 928 se
1341 901 1472 929 declarat.
1488 901 1584 930 Nonne
1598 903 1689 938 itaque
1702 904 1753 937 illi,

966 946 1011 980 qui
1021 954 1083 973 eum
1098 946 1161 973 forti
1176 946 1262 981 ipsius
1273 947 1366 974 manui
1385 948 1558 981 subtrahunt,
1570 949 1628 984 ipsa
1645 957 1755 984 quoque

965 991 1188 1018 Christianorum
1202 992 1384 1027 appellatione
1402 993 1506 1029 indigni
1526 998 1550 1021 et
1566 994 1690 1028 privandi
1712 995 1755 1022 vi-

965 1036 1121 1063 debuntur?
1142 1036 1301 1064 Parabolam
1326 1038 1399 1065 enim
1415 1039 1449 1066 de
1467 1039 1621 1067 seminante
1651 1041 1755 1069 bonum

965 1089 1059 1109 semen
1071 1083 1099 1109 in
1112 1090 1176 1118 agro
1187 1091 1247 1116 suo,
1262 1087 1290 1111 et
1305 1084 1474 1113 zizaniorum
1490 1086 1753 1119 disseminationem,

965 1134 1047 1161 quam
1074 1127 1176 1160 malus,
1200 1129 1405 1157 dormientibus
1442 1130 1595 1164 insidiatus,
1624 1132 1754 1168 suscepit,

965 1172 1107 1207 discipulis
1114 1173 1181 1206 suis,
1191 1177 1336 1208 utramque
1345 1174 1588 1211 discendicupidis,
1598 1178 1753 1212 explicans:

965 1217 1069 1251 Seram,
1083 1218 1180 1253 inquit,
1196 1219 1292 1246 bonum
1306 1228 1394 1247 semen
1407 1221 1479 1255 filius
1495 1222 1608 1249 hominis
1620 1228 1668 1256 est,
1691 1232 1755 1259 ager

965 1272 1025 1290 vero
1038 1268 1075 1290 est
1085 1265 1197 1291 mundus
1210 1265 1245 1290 ⁵⁵.
1260 1263 1346 1297 Quem
1364 1265 1390 1292 in
1399 1273 1504 1293 summa
1514 1267 1649 1301 parabolae
1659 1276 1754 1303 agrum

965 1316 1044 1336 suum
1060 1309 1173 1341 dixerat,
1189 1317 1252 1336 eum
1270 1310 1297 1336 in
1319 1310 1501 1345 explicatione
1515 1312 1648 1339 mundum
1662 1318 1753 1346 vocat,

965 1359 1047 1389 atque
1064 1355 1116 1382 hoc
1135 1354 1204 1390 ipso-
1215 1356 1383 1389 manifestat,
1399 1364 1454 1383 non
1468 1357 1581 1385 alterius
1598 1358 1753 1393 cujusdam,

969 1399 1017 1427 sed
1029 1407 1108 1426 suum
1128 1407 1188 1427 esse
1201 1400 1333 1427 mundum
1356 1405 1524 1433 terrestrem,
1540 1401 1568 1428 in
1582 1409 1637 1437 quo
1656 1410 1755 1437 corpo-

965 1453 995 1472 re
1009 1453 1130 1480 praesens
1140 1447 1253 1473 verbum
1269 1446 1366 1473 salutis
1376 1446 1519 1481 sparserit.
1535 1447 1651 1480 Quando
1671 1448 1755 1483 igitur

964 1491 1066 1519 veritas
1080 1492 1212 1519 mundum
1231 1499 1310 1519 suum
1336 1499 1398 1520 esse
1421 1493 1498 1525 dicit,
1527 1493 1601 1521 idem
1628 1501 1695 1521 vero
1724 1497 1752 1521 et

123 1537 240 1572 ἀλήθεια
261 1538 308 1564 τὸν
325 1538 428 1572 κόσμον
443 1537 527 1565 αὑτοῦ
544 1538 610 1573 λέγῃ
636 1536 717 1572 εἶναι,
733 1538 809 1573 ἔλεγε
824 1538 852 1565 δὲ
867 1538 912 1565 καὶ

966 1537 1052 1563 malus
1064 1536 1191 1568 allirmat,
1207 1544 1292 1572 regna
1315 1537 1407 1564 omnia
1430 1537 1483 1564 sibi
1503 1537 1629 1572 subjecta
1652 1537 1755 1567 habere

123 1583 138 1610 ὁ
155 1583 285 1618 πονηρὸς,
314 1583 395 1618 ἡνίκα
412 1583 461 1615 τὰς
484 1583 622 1619 βασιλείας
649 1584 739 1615 πάσας
761 1583 914 1619 κατηλαζο-

123 1629 219 1655 νεὺετο
235 1629 410 1664 ὑποχειρίους
423 1629 496 1664 ἔχειν
509 1637 515 1643 ·
532 1630 556 1656 oi.
571 1630 600 1659 δὲ
613 1631 645 1665 τῇ
662 1630 750 1666 τόλμῃ
763 1630 812 1664 τῆς
827 1629 914 1664 γλώτ-

123 1681 175 1709 της
189 1674 340 1709 ἀφαιροῦσι
376 1675 425 1709 μὲν
454 1674 536 1701 αὐτὸν
564 1674 711 1701 τοῦκοινοῦ
727 1673 846 1701 κτίστου
864 1673 911 1700 καὶ

123 1721 312 1756 Δημιουργοῦ,
330 1721 527 1749 ὑποϐάλλονται
548 1721 577 1748 δὲ
591 1721 630 1756 τῷ
651 1721 777 1756 διαϐόλῳ,
795 1719 850 1756 ἆρα
864 1722 914 1748 οὒκ

122 1768 164 1798 είς
180 1767 279 1801 ψεῦδος
302 1768 352 1801 μὲν
376 1767 578 1802 ἀπορρίπτουσι
601 1767 650 1802 τὴν
666 1767 808 1804 ἀλήθειαν,
827 1768 874 1795 τὸν
891 1767 914 1794 δ’

122 1813 246 1847 ἀρχηγὸν
261 1811 309 1838 τοῦ
328 1812 443 1846 ψεύδους
459 1813 573 1848 ἀληθείᾳ
589 1812 658 1848 μετά
670 1813 720 1848 τῆς
736 1813 819 1849 ἄλλης
834 1813 914 1849 δόξης

123 1857 326 1890 καλλωπίζουσι
347 1858 395 1884 καὶ
423 1858 470 1885 τοῦ
500 1859 550 1893 μὲν
580 1861 717 1885 Δεσπότου
749 1859 859 1898 συλοῦσι
881 1860 912 1886 τὸ

122 1904 227 1938 κτῆμα,
242 1903 312 1939 μετὰ
325 1904 373 1930 τοῦ
399 1904 498 1940 λῃστοῦ
518 1904 547 1931 δὲ
563 1904 695 1938 γίνονται,
719 1905 765 1932 καὶ
780 1906 825 1932 τὸν
842 1906 911 1933 ἀπο-

123 1950 208 1984 σάτην
219 1950 267 1976 καὶ
284 1950 430 1985 μαστιγίαν
455 1952 503 1977 καὶ
520 1951 667 1986 ἀγνώμονα
681 1951 735 1978 τῶν
759 1952 911 1987 ὁμοδούλων

121 1995 321 2030 ἀναγορεύουσι
335 1994 449 2030 κύριον;
480 1995 535 2021 Καὶ
551 1995 610 2027 πῶς
622 1995 656 2022 ἂν
678 1994 750 2023 οὗτοι
765 1998 812 2023 τὸν
821 1997 910 2033 ἀληθῆ

121 2040 170 2067 καὶ
195 2040 387 2076 φιλάνθρωπον
403 2040 514 2075 ὕψονται
537 2041 650 2077 Κύριον,
679 2042 728 2077 τῆς
753 2044 911 2077 τυραννίδος

121 2087 272 2121 συνεργοὺς
290 2086 338 2112 καὶ
357 2086 507 2122 ὑπηρέτας,
526 2087 626 2121 μᾶλλον
640 2087 668 2113 δὲ
691 2088 830 2123 ἀρχηγοὺς
845 2090 911 2116 ἑαυ-

118 2132 183 2163 τοὺς
203 2131 433 2167 ἀπογραψάμενοι
446 2140 453 2164 ;
473 2131 579 2164 ’Ἄλλως
591 2141 622 2159 τε
639 2132 678 2166 δὲ,
693 2134 772 2169 εἴπερ
787 2134 824 2170 μὴ
839 2132 909 2170 ἦσαν

120 2178 145 2203 oi
161 2178 242 2211 ἀγροὶ
257 2178 303 2204 καὶ
319 2179 333 2204 ὁ
349 2178 451 2211 κόσμος
463 2177 510 2204 τοῦ
528 2178 632 2212 ἀγαθοῦ
649 2179 696 2206 καὶ
715 2179 908 2215 φιλανθρώπου

119 2223 245 2258 Σωτῆρος
260 2223 350 2259 ἡμῶν,
368 2224 426 2251 ἀλλ’
439 2225 455 2259 ἠ
478 2225 615 2260 φαυλότης
631 2225 720 2252 αὐτῶν
732 2225 908 2261 διεκληροῦτο

119 2266 169 2303 τὴν
184 2269 344 2303 κυριότητα⁹
360 2268 418 2301 πῶς
437 2270 494 2300 τοῖς
508 2269 601 2295 ἕνεκεν
617 2269 665 2296 τοῦ
681 2271 810 2305 ὀνόματος
826 2271 909 2298 αὑτοῦ

117 2313 316 2340 καταλιποῦσιν
330 2315 421 2346 οἰκίας
434 2315 481 2342 καὶ
496 2315 607 2350 ἀγροὺς,
624 2316 672 2342 καὶ
684 2316 733 2350 τῆς
747 2317 908 2352 σωματικῆς

118 2358 281 2392 συγγενείας
290 2359 324 2385 τὰ
331 2358 485 2394 τιμιώτατα
499 2359 569 2386 κατὰ
579 2359 629 2393 τὴν
637 2361 666 2386 ἐν
676 2359 715 2394 τῷ
732 2361 845 2394 παρόντι
856 2360 907 2396 βίῳ

119 2403 347 2438 μισθαποδοσίαν,
376 2405 427 2431 οὐκ
454 2406 612 2440 ἀφαιρεῖται
635 2405 698 2436 τοὺς
717 2405 831 2441 ἀγροὺς,
845 2406 906 2432 οὔτε

117 2449 197 2481 ἄλλα,
230 2450 282 2476 ὅσα
305 2451 355 2484 τῆς
377 2450 510 2486 αἰσθητῆς
531 2452 588 2477 ἐστι
614 2451 740 2484 κτίσεως,
771 2452 840 2478 ἀλλὰ
858 2452 906 2478 καὶ

116 2494 189 2521 αὑτὰ
210 2495 250 2530 τῷ
274 2495 536 2522 ὲκατονταπλασίονι
556 2496 848 2532 περιλαμϐάνειδὼρῳ
860 2498 908 2524 καὶ

117 2540 301 2575 ἁντιδίδωσιν,
329 2538 370 2572 οἷς
391 2541 558 2576 κληρονομία
580 2542 597 2575 ὴ
622 2540 733 2572 αἰώνιος
761 2541 828 2577 ζωὴ,
859 2542 907 2569 καὶ

115 2585 303 2620 φιλοτιμεῖται
321 2587 428 2618 τούτοις
452 2587 515 2618 τοὺς
540 2586 659 2621 θερμοὺς
681 2586 810 2621 ἐραστὰς,
837 2585 874 2614 ὧν
889 2589 906 2623 ἠ

113 2631 216 2663 κτίσις,
233 2632 257 2658 εί
289 2632 338 2668 μὲν
353 2632 409 2667 (56)
426 2630 497 2667 ἦσαν
521 2631 622 2667 φαῦλα,
635 2631 683 2658 κα)⁸
696 2631 781 2659 αὑτὸν
806 2632 840 2660 ἂν
852 2633 905 2660 ἀπ-

150 2687 174 2702 ⁵⁸
188 2686 288 2716 Matth.
303 2695 365 2722 xm,
376 2688 421 2716 57.
459 2687 483 2703 ⁴⁶
493 2687 590 2715 Matth.
605 2695 662 2720 χιιι,
673 2686 717 2714 29.

965 1583 1113 1618 pioriatus:
1130 1583 1158 1610 hi
1175 1587 1266 1610 autem
1283 1583 1407 1610 homines
1416 1584 1568 1612 temerariis
1581 1584 1679 1620 linguis
1690 1591 1754 1612 eum

965 1629 1103 1656 communi
1128 1628 1252 1656 Creatori
1271 1636 1303 1656 ac
1326 1629 1465 1657 Conditori
1489 1630 1655 1664 subripiunt,
1673 1630 1755 1658 vicis-

965 1675 1072 1710 simque
1087 1675 1196 1702 diabolo
1220 1674 1369 1707 vindicant,
1384 1683 1477 1703 nonne
1500 1676 1582 1704 iidem
1611 1677 1754 1705 veritatem

965 1721 993 1747 in
1005 1721 1178 1748 mendacium
1194 1725 1369 1752 convertunt,
1381 1721 1515 1748 mendacii
1531 1729 1596 1749 vero
1610 1727 1752 1750 auctorem

965 1767 1088 1794 veritatis
1111 1767 1283 1802 aliarumque
1306 1775 1398 1794 rerum
1420 1767 1505 1802 gloria
1521 1773 1630 1799 ornant,
1651 1775 1683 1795 ac
1699 1767 1753 1795 Do-

964 1812 1042 1840 mino
1056 1812 1168 1846 quidem
1181 1821 1230 1840 sua
1238 1812 1376 1846 auferunt,
1391 1817 1419 1840 et
1428 1813 1548 1847 prmdoni
1564 1821 1593 1840 se
1604 1814 1753 1849 iungentes

963 1862 1125 1893 apostatam,
1142 1861 1170 1885 et
1185 1858 1336 1892 mastigiam
1356 1861 1383 1884 et
1396 1857 1584 1884 refractarium
1600 1865 1752 1886 conservo-

963 1911 1024 1930 rum
1035 1911 1146 1930 suorum
1161 1903 1301 1930 dominum
1314 1902 1505 1930 constituunt?
1520 1903 1664 1936 Quomodo
1680 1911 1748 1932 vero

963 1949 1001 1976 illi
1021 1957 1117 1976 verum
1132 1948 1329 1983 hominumun
1343 1949 1561 1976 amantissimum
1576 1949 1660 1976 Deum
1674 1949 1751 1977 vide-

962 1995 1041 2027 bunt,
1053 1995 1099 2030 qui
1116 2002 1146 2022 se
1161 1995 1235 2029 ipsos
1247 1994 1397 2029 tyrannidis
1417 1994 1489 2021 illius
1501 1994 1591 2022 socios
1603 2000 1631 2022 et
1654 2003 1750 2024 servos

962 2041 1006 2069 vel
1017 2041 1107 2076 potius
1118 2040 1271 2076 primipilos
1283 2040 1448 2075 gesserunt?
1464 2040 1543 2072 Quod
1557 2040 1580 2067 si
1606 2048 1672 2068 vero
1693 2041 1750 2076 agri

962 2091 989 2115 et
1007 2086 1126 2114 mundus
1145 2086 1209 2113 boni
1234 2086 1432 2120 hominumque
1458 2085 1638 2113 amantissimi
1652 2086 1751 2114 Serva-

961 2133 1030 2160 toris
1046 2132 1133 2159 nostri
1146 2140 1200 2159 non
1214 2136 1288 2163 sunt,
1301 2132 1348 2159 sed
1365 2131 1457 2166 potius
1472 2132 1572 2158 malum
1585 2131 1749 2167 principium

961 2177 1070 2204 illorum
1093 2176 1263 2203 dominatum
1284 2175 1436 2208 distribuit,
1462 2175 1599 2210 quomodo
1618 2175 1682 2207 illis,
1702 2175 1749 2210 qui

924 2217 946 2245 Ῑ)
961 2222 997 2249 ob
1010 2230 1111 2249 nomen
1128 2222 1188 2256 ejus
1202 2221 1373 2256 reliquerunt
1386 2221 1481 2248 domos
1497 2225 1524 2248 et
1539 2228 1628 2256 agros,
1646 2225 1673 2247 et
1686 2229 1749 2256 cog-

959 2267 1080 2294 nationis
1108 2266 1243 2293 naturalis
1268 2265 1478 2300 prwclarissima
1498 2274 1613 2300 quaeque
1637 2265 1748 2300 praemia

958 2313 986 2340 in
1001 2313 1053 2340 hac
1068 2313 1123 2340 vita
1142 2313 1389 2346 distribuensmon
1399 2312 1496 2340 adimit
1512 2320 1602 2346 agros,
1618 2319 1670 2339 nec
1694 2319 1748 2338 ca:-

959 2364 1016 2386 tcra
1034 2359 1137 2394 quaead
1153 2359 1298 2387 sensibiles
1321 2363 1461 2386 creaturas
1473 2358 1621 2392 pertinent,
1648 2357 1696 2385 sed
1720 2361 1748 2384 et

958 2405 1004 2432 illa
1016 2405 1165 2440 centuplici
1177 2405 1290 2440 prtemio
1301 2403 1517 2439 comprehendit,
1528 2410 1560 2429 ac
1575 2403 1668 2429 tribuit
1682 2402 1744 2435 illis,

956 2459 1071 2486 quorum
1090 2451 1236 2478 haeredilas
1251 2455 1294 2478 est
1307 2450 1364 2477 vita
1380 2453 1482 2476 aeterna
1495 2448 1528 2481 “,
1549 2447 1686 2483 quomodo
1698 2448 1745 2476 iis-

955 2496 1017 2524 dem
1033 2501 1160 2524 strenuos
1175 2504 1240 2523 suos
1263 2499 1399 2522 amatores
1414 2498 1524 2527 mactat,
1537 2501 1653 2529 quorum
1668 2501 1745 2522 crea-

955 2543 1003 2575 tio,
1019 2543 1043 2570 si
1063 2542 1133 2570 mala
1149 2542 1256 2575 fuisset,
1271 2542 1361 2576 ipsum
1382 2548 1493 2575 quoque
1506 2547 1602 2567 eorum
1621 2547 1743 2567 amorem

954 2589 1026 2624 apud
1038 2596 1087 2616 eos
1097 2587 1292 2616 exstinxisset?
1303 2587 1445 2620 Quomodo
1454 2586 1558 2621 prtemii
1574 2586 1744 2621 rependendi

955 2639 1062 2670 partem
1079 2643 1112 2663 ea
1127 2625 1205 2668 facit,
1219 2642 1279 2669 quae
1296 2641 1331 2661 ne
1344 2633 1456 2669 quidem
1465 2633 1499 2661 ab
1511 2633 1589 2660 initio
1603 2631 1744 2668 possidere

673 2753 794 2782 VARl/E
809 2754 1005 2784 LECTIONES
1017 2756 1062 2784 ET
1076 2756 1194 2785 NOTAE.

147 2820 206 2857 (55)
225 2822 337 2856 Νόμου.
351 2821 553 2858 rSuperscripta
573 2823 601 2850 in
631 2823 725 2850 codice
744 2822 779 2850 ab
806 2822 902 2850 eadem

112 2864 197 2884 manu
209 2862 269 2885 erat
281 2865 334 2886 vox
351 2857 449 2893 λόγου;
466 2857 515 2887 sed
528 2858 612 2886 malui
626 2858 747 2899 retinere
763 2858 888 2886 alteram.

628 2927 644 2934 ρ

990 2821 1046 2856 (56)
1061 2823 1097 2849 Et
1115 2821 1181 2857 μέν.
1201 2823 1242 2858 ita
1258 2823 1378 2851 scribere
1397 2823 1479 2858 jussit
1497 2830 1593 2858 sensus
1614 2826 1641 2849 et
1656 2821 1742 2851 series

954 2858 1101 2886 verborum
1121 2865 1170 2893 pro
1187 2856 1276 2893 εἶπεν,
1289 2859 1362 2894 quod
1377 2856 1405 2887 in
1419 2858 1512 2886 codice
1525 2857 1658 2893 scriptum
1670 2863 1740 2886 erat.
