1940 3081
201 149 254 182 263

751 148 881 179 PHOTII
898 147 1153 178 PATRIABCIIIE
1169 148 1228 180 (ΣΡ.

1775 149 1828 181 264

201 203 413 232 licebat“!!!qu
427 204 519 239 itaque
541 203 744 239 magisjustitia
766 203 934 238 requirebat,
953 203 989 230 ob

1043 202 1157 229 εσὸἐννυ
1171 202 1220 228 τὸν
1241 200 1341 237 ἔρωτα,
1367 202 1414 228 καὶ
1431 202 1621 236 μεροποιετται
1633 201 1682 236 τῆς
1697 202 1825 237 ἀμοιϐῆς,

201 258 263 285 qua:
282 250 326 277 his
339 258 393 277 non
407 250 540 277 darentur
551 249 625 281 talia,
638 249 743 284 praemii
754 250 824 280 loco.
836 249 897 276 aliis
909 249 990 276 etiam

202 296 384 323 auferrentur.
400 296 546 328 Quomodo
564 296 682 330 denique
698 296 788 322 locum
817 295 917 322 habere
941 302 991 329 po-

203 345 265 372 test,
295 345 325 368 ut
348 341 492 375 sapientia,
506 349 617 368 omnem
645 340 778 367 rationem
798 347 931 374 superans
959 347 991 366 ea

201 395 262 421 quae
286 395 301 413 a
317 387 388 414 malo
405 387 526 421 profecta
549 391 623 419 sunt,
641 394 703 413 cum
721 386 803 413 bonis
826 386 884 413 suis
911 385 991 413 donis

202 433 361 468 conjungat,
388 433 522 467 siquidem
549 433 606 468 agri
629 439 812 468 agrorumque
837 436 986 467 proventus

202 479 264 506 mali
278 482 371 505 essent
380 478 524 513 principii?

1047 248 1066 275 ἃ
1081 248 1148 283 μηδὲ
1172 248 1221 282 τὴν
1236 247 1323 282 ἀρχὴν
1335 247 1388 274 ἔδει
1407 247 1566 277 κεκτῇσῦαι.
1583 247 1691 274 Μᾶλλον
1707 248 1755 282 μὲν
1770 246 1826 279 οὖν,

1040 294 1074 320 δι’
1088 293 1107 321 ἃ
1127 293 1174 320 καὶ
1186 292 1240 320 τῶν
1253 293 1342 320 ἄλλων
1355 294 1369 319 ὁ
1385 292 1490 327 μισοδς,
1506 292 1556 327 οὐχ
1567 290 1608 323 οἷς
1622 292 1725 327 δοθείη,
1736 293 1827 324 ἄλλοις

1040 338 1216 374 ἀφαιρεθείη,
1237 338 1314 374 φέρει
1334 338 1365 364 τὺ
1388 338 1505 365 δίκαιον.
1527 337 1582 365 Ποῦ
1606 337 1635 365 δὲ
1659 337 1751 373 χώραν
1771 338 1827 373 ἔχει

1042 386 1199 411 συντάττειν
1228 385 1279 418 τὴν
1315 384 1405 411 πάντα
1423 384 1486 410 νοῦν
1514 384 1703 419 ὑπερέχουσαν
1730 384 1827 418 σοφίαν

1038 431 1099 462 ταῖς
1124 430 1299 464 ἀγαθοποιοῖς
1328 430 1412 465 αὐτῆς
1436 430 1562 464 δωρεαῖς,
1579 430 1598 456 ὃ.
1622 430 1673 465 τῆς
1691 429 1824 465 πονηρίας

1035 477 1120 507 ἐστὶν,
1145 476 1224 511 εἴπερ
1240 474 1312 511 ἦσαν
1341 477 1366 503 οἱ
1393 477 1474 512 ἀγροὶ
1495 477 1541 503 καὶ
1558 476 1592 504 τὰ
1605 477 1635 503 ὲν
1651 477 1707 507 τοῖς
1730 476 1826 510 ἀγροῖς

1036 521 1267 556 δημιουργήματα
1279 522 1348 557 (5'1).

769 581 887 609 VARIIE
898 580 1088 609 LECTIONES
1108 581 1152 608 ET
1161 581 1275 608 ΝΟΤᾸΕ.

236 639 292 674 (57)
307 640 564 675 Δημιουργήματα.
577 641 763 669 Videnturhic
775 641 902 668 nonnulla
912 641 983 668 desi-

201 674 301 710 derari.
314 674 381 701 Nam
396 680 423 702 et
440 674 580 710 abruptus
600 683 691 703 sermo
707 680 759 708 est,
785 681 813 703 et
837 677 984 703 verisimile

201 710 233 737 fit
255 709 381 737 Photium
410 709 533 738 nostrum
550 711 626 738 'nova
647 711 764 746 quadam
788 711 823 739 ad
840 712 983 739 Arsenium

1036 641 1247 677 compellatione
1272 641 1379 669 dicendi
1405 642 1486 668 linem
1513 641 1648 668 facturum
1677 641 1782 677 fuisset
1796 641 1824 668 In

1037 677 1096 711 ipso
1113 685 1222 711 quoque
1237 685 1289 704 ms.
1310 677 1392 705 nulla.
1411 685 1471 711 qua:
1494 677 1560 703 alias
1572 684 1730 708 comparere
1744 676 1824 708 solet,

1037 712 1200 746 colophonts
1211 712 1330 746 impositi
1343 716 1406 738 nota
1422 712 1622 741 inveniebatur.

205 815 1305 833 Ws

1166 816 1807 831 m

600 908 885 967 ΦΩΤΙΟΥ
932 870 1434 969 ΠΑΤΡΙΑΡΧΟΥ

945 1016 1072 1058 ,ΛοΓοξ

306 1096 436 1140 ΠΕΡΙ
463 1096 572 1140 ΤΗΣ
599 1096 713 1141 ΤΟΥ
736 1095 905 1143 ΑΓΙΟΥ
936 1095 1282 1143 ΠΝΕΥΜΑΤΟΣ.
1314 1097 1716 1145 ΜΥΣΤΑΓΩΓΙΑΣ.

581 1266 857 1368 PHO_TII
907 1265 1451 1334 PATRIARCIIE.

960 1385 1074 1416 LIBER

391 1471 472 1523 DE
509 1478 840 1550 SPIRVITUS
873 1478 1121 1525 SANCTI
1159 1478 1632 1529 MYSTAGOGIA.

344 1574 440 1608 QUEM
464 1573 567 1602 NOTIS
592 1574 710 1602 VARIIS
743 1574 992 1603 ILLUSTRATUM
1027 1575 1072 1601 AC
1103 1573 1336 1603 THEOLOGICE
1365 1575 1455 1603 CRISI
1487 1575 1687 1603 SUBJECTUM

922 1642 1008 1659 PIIIIIUS
1021 1642 1099 1660 EDIDI'I‘

765 1691 799 1724 ι.
825 1691 1264 1730 “nummos-man,

378 1755 407 1783 ὃ.
423 1755 519 1784 Theol.
540 1756 640 1784 Doctor
653 1756 831 1792 ejusdemque
850 1757 878 1784 in
896 1756 1122 1793 Wircehurgensi
1141 1757 1184 1785 lit.
1202 1757 1389 1786 Universitate
1407 1757 1549 1785 Professor
1568 1756 1599 1785 P.
1616 1756 1648 1783 0.

579 1813 729 1846 Ratisbonm,
746 1814 920 1841 MDCCCLVII.
936 1814 964 1839 8'
978 1814 1098 1846 Sumptus
1112 1813 1173 1840 fecit.
1188 1815 1216 1841 G.
1231 1815 1357 1846 Josephus
1373 1816 1449 1841 hlanz.

520 1949 562 1992 J.
599 1949 678 1993 HE
689 1950 841 1995 RGEN
853 1950 1091 1999 ROETHE
1103 1951 1159 2006 BI
1200 1951 1542 1997 PREFATIO.

242 2049 262 2076 I.
282 2048 322 2076 De
334 2048 431 2076 Plrotio
456 2048 516 2083 ipso
530 2049 599 2076 nihil
619 2053 671 2081 est,
700 2050 770 2084 quod
791 2050 819 2077 in
844 2050 990 2086 przeseulia
1003 2052 1027 2081 B
1041 2052 1185 2080 historiam
1196 2059 1250 2079 non
1265 2052 1302 2079 ita
1316 2058 1420 2086 pridem
1433 2050 1534 2079 Gallico
1549 2058 1676 2079 sermone
1699 2051 1732 2078 cl.
1749 2051 1827 2086 Jager

205 2094 304 2122 dicant.
326 2094 442 2122 Uberius
457 2095 529 2121 enim
544 2095 577 2122 de
590 2095 651 2129 ejus
678 2095 733 2122 vita
758 2099 786 2122 et
810 2095 918 2130 scriptis
931 2104 989 2122 am-

204 2142 283 2177 pliori
299 2149 380 2176 opere
396 2149 454 2168 sum
472 2146 593 2173 acturus,
623 2141 695 2176 quod
718 2141 773 2168 Deo
795 2142 912 2176 propitio
934 2149 989 2169 uno

204 2188 324 2215 alterove
353 2187 453 2214 abhinc
466 2195 538 2213 anno
558 2187 644 2214 lucem
669 2187 790 2214 visurum
813 2195 873 2214 esse
897 2195 988 2222 spero.

203 2234 272 2261 Illud
290 2234 429 2260 monuisse
447 2232 572 2265 sullicist,
597 2232 670 2260 viros
680 2232 837 2267 catholicos,
862 2233 926 2260 dum
947 2234 990 2261 di-

204 2288 265 2307 rum
277 2280 392 2307 schisma
403 2287 451 2314 per
462 2287 523 2306 eum
540 2279 567 2305 in
575 2286 630 2305 suae
642 2278 727 2313 ipsius
742 2279 829 2314 gentis
842 2279 989 2314 perniciem

205 2324 363 2356 excitatum.
376 2332 489 2360 qua-que
506 2324 568 2351 illud
595 2324 726 2359 praeibam
739 2332 772 2351 ac
790 2325 991 2352 comitabantur

205 2371 336 2403 facinora,
349 2378 380 2398 ex
397 2370 489 2397 animo
499 2370 679 2401 detestantur,
700 2369 785 2396 nihilo
799 2374 889 2396 tamen
903 2371 991 2398 secius

205 2417 315 2445 maximi
332 2424 439 2451 semper
463 2415 560 2442 fecisse
586 2415 681 2441 miram
705 2415 764 2449 ejus
795 2415 988 2448 eruditionem,

205 2462 283 2496 cujus
296 2466 393 2496 praeter
402 2459 611 2487 celeberrimum
632 2459 817 2494 Myriobiblion
830 2461 872 2488 vel
885 2461 992 2494 Amp/ii-

204 2507 333 2533 locltiana!
360 2506 515 2541 qumn’ones
546 2513 628 2540 opera
643 2505 702 2532 Em.
727 2506 803 2538 Maii,
833 2506 991 2535 immortalis

205 2552 343 2579 memoriae
359 2551 420 2582 viri,
437 2551 553 2578 maxima
566 2550 676 2578 demum
691 2558 725 2578 ex
741 2555 816 2586 parte
832 2552 933 2586 publici
945 2553 991 2586 ju-

205 2597 242 2625 ris
255 2596 331 2624 factaz
345 2596 530 2623 testimonium
551 2596 653 2623 faciunt
680 2596 865 2630 luculentum;
888 2598 990 2625 nemini

205 2643 302 2671 deinde
315 2650 375 2670 esse
391 2642 514 2675 dubium,
527 2643 592 2676 quin
609 2650 642 2670 ex
656 2646 783 2670 accurata
798 2643 857 2677 ejus
876 2643 990 2671 historia

204 2694 262 2716 tum
279 2689 434 2724 dogmatum
444 2692 500 2715 tum
514 2688 642 2716 Ecclesia
657 2688 743 2724 ipsius
757 2689 870 2716 annales
884 2689 991 2724 egregio

203 2733 291 2768 iuvari
306 2738 333 2760 et
344 2732 472 2760 illustrari
490 2732 603 2768 possint.
624 2733 705 2768 Atqui
726 2732 814 2761 Photii
829 2733 990 2768 patriarchae

240 2813 273 2873 (¹)
295 2811 412 2839 Histoire
423 2811 456 2838 de
472 2810 592 2851 Piraum.
618 2810 767 2853 patriar-(Ehe
786 2811 818 2838 de
837 2810 990 2851 Constanti-

241 2855 257 2873 υ
268 2855 291 2873 e.
307 2854 354 2873 nar
370 2846 406 2873 bl.
421 2846 509 2873 l‘abhc
522 2845 611 2873 Jazer.
636 2845 777 2873 Lbanome
791 2846 935 2873 ltonorau'c
955 2846 989 2873 de

207 2845 291 2881 naple,
307 2854 354 2882 par
370 2846 406 2874 M.
421 2845 509 2874 l‘abbé
522 2845 611 2881 Jager,
636 2845 777 2873 Cbanoine
791 2845 935 2874 honorairc
955 2846 989 2874 de

1041 2098 1178 2134 eleganter
1204 2105 1258 2125 non
1283 2098 1374 2124 minus
1398 2104 1480 2132 quam
1500 2097 1614 2124 solerter
1631 2097 1826 2131 pertractavit;

1040 2144 1113 2178 quod
1127 2150 1223 2170 recens
1231 2151 1302 2178 opus
1316 2142 1348 2178 (¹)
1361 2143 1479 2170 auctoris
1492 2150 1573 2177 scopo
1581 2143 1826 2175 accommodatum,

1042 2197 1093 2216 usu
1109 2188 1307 2216 Photianarum
1327 2189 1502 2224 epistolarum
1517 2188 1704 2223 sagacissimo,
1726 2189 1827 2223 insigni

1041 2235 1150 2263 illorum
1165 2241 1318 2271 temporum
1332 2235 1433 2268 studio,
1451 2235 1556 2270 judicio
1568 2235 1634 2262 satis
1645 2239 1736 2268 acuto,
1762 2243 1827 2262 nar.-

1042 2281 1117 2309 randi
1133 2286 1191 2309 arte
1204 2281 1311 2316 egregia
1328 2281 1442 2316 aliisque
1457 2281 1624 2308 ornamentis
1639 2289 1700 2308 esse
1728 2281 1828 2315 ρηόί-

1042 2333 1098 2355 tum
1112 2327 1184 2354 haud
1198 2327 1324 2354 dimteor.
1338 2327 1465 2353 Attamen
1478 2331 1658 2360 praeterquam
1666 2327 1746 2360 quod.
1767 2334 1827 2353 mea

1041 2372 1151 2407 quidem
1166 2372 1311 2403 sententia,
1327 2371 1451 2406 ampliori
1468 2370 1557 2398 adhuc
1572 2371 1630 2398 usui
1640 2378 1700 2397 esse
1714 2376 1828 2405 possunt

1042 2417 1195 2452 Byzantium
1207 2417 1331 2444 Historiae
1350 2416 1450 2450 fontes,
1479 2424 1511 2443 ac
1522 2416 1672 2450 pnesertim
1691 2416 1826 2446 Cedreno.

1041 2463 1145 2490 Zonara
1158 2468 1184 2489 et
1195 2462 1275 2498 Glyca
1288 2463 1365 2498 longe
1381 2462 1554 2494 vetustiores,
1575 2461 1702 2496 quodque
1715 2463 1827 2489 univer-

1041 2507 1092 2535 sim
1119 2507 1237 2534 nationis
1261 2507 1583 2542 nosti-tellistoriographi
1610 2507 1773 2534 strictiorem
1797 2515 1828 2534 ac

1042 2553 1216 2585 severiOrem,
1253 2553 1316 2580 licet
1357 2553 1456 2579 minori
1491 2555 1634 2580 venustate
1669 2553 1825 2588 fulgentem.

1042 2598 1179 2626 scribendi
1207 2599 1315 2625 modmn
1341 2599 1556 2633 methodumque
1584 2603 1732 2629 sectantur.
1760 2598 1826 2625 mihi

1041 2652 1130 2679 neque
1143 2645 1170 2672 in
1186 2643 1321 2677 omnibus,
1348 2653 1408 2679 quze
1433 2649 1592 2678 occurrunt,
1630 2644 1828 2680 quaestionibus

1042 2691 1135 2718 eadem
1152 2698 1230 2718 mens
1245 2696 1286 2718 est
1309 2691 1435 2726 idemque
1452 2691 1596 2726 judicium,
1624 2699 1712 2725 neque
1728 2698 1827 2725 seopus

1044 2738 1323 2774 meus(utpotelalius
1342 2746 1501 2769 excurrens,
1524 2738 1552 2765 in
1572 2737 1605 2764 iis
1632 2745 1695 2764 vero
1719 2736 1827 2771 potissi-

1043 2811 1120 2848 I’aris
1130 2817 1157 2840 et
1169 2812 1316 2848 dcrNancy.
1332 2812 1497 2848 iprofesseur
1514 2813 1653 2841 d'ltistnire
1675 2812 1692 2840 it
1712 2812 1736 2840 la
1762 2812 1827 2840 Snr-

1042 2847 1141 2881 bonne,
1163 2847 1312 2881 2'édition,
1329 2847 1413 2881 Paris,
1425 2848 1458 2875 A.
1477 2847 1575 2880 Vaton,
1600 2848 1677 2876 1854.
