1940 3081
214 145 265 177 267

215 207 263 228 sua
295 201 417 226 vetustas
446 192 657 231 emendatioque
675 197 858 224 commendat.
893 198 1037 228 TitulusA

215 244 304 280 operis
316 247 358 271 est
374 252 380 270 :
397 242 465 278 Περὶ
485 242 532 269 τοῦ
562 242 641 277 ἁγίου
663 243 711 268 καὶ
727 242 860 274 ζωοποιοῦ
874 243 1000 279 Πνεῦμα-

214 299 260 322 τος
275 290 340 324 (15).
356 288 457 319 Φώτιος
481 287 549 323 ὲλὲῳ
564 288 631 314 Θεοῦ
656 288 804 319 ἐπίσκοπος
829 289 1003 315 Κωνσταντι-

214 336 365 366 νουπόλεως
379 334 444 365 νέας
465 333 575 368 Ῥώμης
591 333 631 369 τῷ
653 333 794 369 ὁσιωτάτῳ
812 333 1002 370 εὐλαϐεστάτῳ

215 381 358 416 ἐπισκόπῳ
373 380 443 416 Βέδᾳ
459 380 526 415 (16),
541 380 570 406 ὲν
586 379 681 415 Κυρίῳ
701 379 816 415 χαίρειν.
839 380 883 406 Ἑν
897 380 1002 412 πολλοῖς

218 428 267 463 μέν
281 428 350 454 εἰσιν
374 427 398 453 οἱ
422 426 542 461 ἔλεγχοι,
554 434 582 453 κ.
603 434 629 454 τ.
649 426 675 453 λ.
693 425 766 453 lllico
781 425 895 453 Photius
909 425 1002 460 sophi-

216 478 302 501 smata
324 477 428 508 septem
457 480 538 507 supra
573 471 683 507 triginta
709 479 759 506 pro
782 479 832 498 suo
858 479 951 498 errore
968 471 1002 498 de

215 519 302 547 sancti
317 519 438 553 Spiritus
453 526 469 545 a
489 518 547 546 solo
566 517 647 544 Patre
669 516 846 552 processione
863 516 1001 551 proponit,

214 572 274 600 qnte
282 564 386 599 jamdiu
400 563 568 598 sophismata
585 562 613 589 in
632 562 734 589 Graecia
747 561 837 588 Allatii
852 561 1003 589 orthodoxa

215 618 325 638 necnon
360 610 430 644 apud
461 609 529 636 alios
564 609 707 644 theologos
740 607 857 634 refutata
890 607 1001 635 scimus.

217 656 282 683 Exin
295 656 435 682 tricesimo
459 659 556 682 octavo
571 654 691 689 capitulo
709 653 804 688 obiicit
822 653 873 680 sibi
889 652 1002 680 Photius

215 701 289 727 Pauli
302 700 424 727 eﬁalum.
440 700 511 727 Misit
528 700 598 726 Deus
612 699 741 733 Spiritum
756 698 821 725 Filii
836 699 892 731 sui,
905 698 939 725 de
949 705 1002 733 quo

215 747 288 774 dicto
304 745 481 773 ratiocinatur
498 753 584 780 usque
598 745 630 772 ad
643 745 879 783 quadragesimum
894 745 1002 771 tertium

215 791 375 826 capitulum.
401 791 469 818 Exin
496 786 655 817 Latinorum
687 789 816 822 Patrum,
847 789 1001 822 Ambrosii,

216 837 360 873 Augustini
384 841 467 871 atque
491 836 648 870 Hieronymi
666 835 749 863 verba
777 836 919 863 sententia:
945 843 1002 863 suae

218 870 502 917 rep'vugnantia'Grzcce
515 881 617 917 profert
633 880 701 916 (17),
718 888 834 915 quorum
848 881 1001 908 auctoritati
1016 870 1039 898 Β

217 937 251 956 ne
275 929 447 963 acquiescat,
473 927 591 955 ridiculo
612 931 639 954 et
666 926 820 961 pernicioso
844 931 1003 962 argumento

217 975 313 1007 utitur,
336 981 435 1009 nempe
454 972 526 1008 quod
545 973 589 1000 alii
612 979 721 1007 quoque
749 972 927 1000 ecclesiastici
952 972 1003 999 Pa-

218 1027 275 1049 tres
297 1028 395 1055 parum
410 1024 536 1047 accurate
553 1019 586 1046 de
597 1018 658 1046 aliis
672 1018 751 1045 rebus
763 1018 901 1045 interdum
918 1017 1004 1045 locuti

216 1066 333 1100 fuerint;
354 1073 424 1101 quos
452 1062 524 1092 inter
542 1064 620 1099 ponit
641 1063 815 1091 Clementem
832 1063 1002 1096 Romanum,

218 1111 375 1147 Dionysium
390 1111 479 1142 Alex.,
495 1109 673 1141 Methodium,
689 1109 860 1142 Pantanum,
877 1108 1003 1136 Clemen-

217 1161 272 1185 tem
294 1157 385 1189 Ales”
409 1156 540 1189 Pierium,
572 1154 759 1190 Pamphilum,
787 1154 1002 1190 Theognostum,

216 1203 361 1235 Irenaeum,
384 1201 558 1237 Hippolytum
569 1222 576 1234 ,
602 1201 731 1229 Basilium
747 1209 754 1228 :
768 1201 846 1236 quasi
874 1208 938 1228 vero
953 1201 1004 1229 hac

217 1248 352 1276 sermonis
373 1247 478 1274 ratione
495 1246 604 1274 Patrum
625 1254 711 1282 prope
730 1246 866 1274 universae
883 1247 1003 1274 auctori-

217 1294 267 1321 tati
290 1293 401 1328 impune
430 1293 557 1319 resistere
586 1300 641 1318 non
670 1292 816 1327 possimus.
840 1291 925 1318 Porro
950 1299 1004 1318 non

217 1345 274 1367 tres
290 1339 350 1367 illos
360 1339 448 1366 solum
463 1337 575 1365 Latinos
590 1337 694 1370 Patres,
709 1337 755 1364 sed
767 1337 918 1372 permultos
929 1337 1005 1365 Grat-

218 1393 266 1413 cos
287 1384 445 1412 orthodoxae
471 1383 614 1410 sententiae
625 1382 728 1416 favere,
744 1390 806 1410 cum
830 1383 941 1410 aliunde
957 1391 1005 1410 cx-

219 1431 354 1466 ploratum
369 1435 428 1463 est,
451 1435 508 1456 tum
533 1437 647 1464 magnus
673 1437 770 1457 eorutn
791 1437 923 1457 numerus
941 1437 1005 1457 C08-

219 1481 344 1504 ccrvatur
361 1476 390 1503 in
405 1475 536 1503 vatieanis
551 1475 690 1503 codicibus
706 1475 768 1508 606,
784 1483 811 1510 p.
823 1475 875 1503 910
889 1483 958 1510 seq.,
978 1480 1006 1503 et

219 1520 390 1570 1115,_p.
407 1529 464 1556 seq.
476 1520 544 1548 Exin
563 1519 678 1570 Photius
694 1528 710 1548 a
725 1521 846 1570 column.
865 1521 925 1548 cod.
942 1529 1003 1556 pag.
1018 1541 1040 1570 ϐ

219 1567 273 1595 504
306 1567 402 1602 incipit
429 1573 572 1594 recensere
596 1565 734 1593 Romanos
768 1566 930 1600 Pontiﬁces,
958 1567 1004 1601 qui

220 1612 425 1647 processionem
442 1611 560 1646 Spiritus
577 1612 664 1639 sancti
684 1611 744 1643 sine
759 1612 942 1639 additamenta
961 1612 1006 1639 Fi-

219 1658 308 1693 lioque
334 1657 462 1684 dixerunt
495 1656 584 1691 (quod
609 1662 798 1692 argumentum
831 1657 944 1685 Allatius
972 1658 1007 1685 de

221 1711 297 1732 cons.
318 1710 352 1738 p.
368 1703 419 1730 583
435 1702 477 1729 vel
499 1703 551 1730 hoc
568 1710 623 1730 uno
638 1710 772 1737 responso
792 1703 857 1730 satis
875 1703 1006 1737 inﬁrmat,

221 1749 294 1784 quod
312 1749 339 1776 hi
362 1756 417 1775 non
434 1748 571 1776 dixerint:
587 1757 603 1775 a
626 1748 680 1774 salo
703 1747 793 1781 Patre,
806 1748 855 1776 sed
872 1757 889 1775 α
908 1748 1006 1781 Patre,

222 1799 250 1822 et
262 1794 372 1830 quidem
397 1797 460 1821 ante
481 1797 573 1820 natam
588 1796 659 1821 hanc
675 1793 889 1821 controversiam
904 1793 942 1821 sic.
957 1794 1008 1828 ipsi

223 1844 279 1868 tute
298 1838 510 1874 loquebantur).
535 1838 606 1865 Sunt
630 1841 721 1865 autem
746 1838 772 1865 hi
786 1838 862 1873 apud
881 1838 1008 1866 Photium

223 1885 366 1920 pontiﬁces
387 1893 394 1912 :
416 1884 565 1916 Damasus,
593 1883 771 1916 Ctelestinns,
796 1883 850 1911 Leo
879 1884 1006 1919 Magnus,

225 1930 351 1967 Vigilius,
375 1930 500 1967 Agatho,
522 1929 668 1966 Gregorius
693 1930 826 1966 Magnus,
846 1930 1008 1964 Zacharias,

261 2009 316 2044 (15)
332 2008 372 2036 Ne
390 2009 463 2036 hunc
489 2009 595 2036 titulum
619 2009 643 2036 ei
657 2009 844 2044 pratferamus,
863 2015 944 2043 quem
958 2009 1010 2043 (ex

224 2043 286 2072 cod.
307 2043 400 2071 'Vatie.
421 2044 509 2078 1925)
534 2044 674 2079 praeﬁxum
698 2043 780 2071 habet
791 2043 878 2079 editio
900 2047 1009 2076 nostra,

226 2079 342 2106 suadent
358 2084 414 2106 tum
427 2079 541 2106 aliorum
557 2079 680 2105 codicum
693 2078 850 2110 auctoritas,
868 2082 924 2105 tum
942 2086 1010 2105 con-

226 2114 318 2141 cilium
348 2121 374 2141 a.
396 2114 465 2141 1156
488 2113 722 2147 Constantinopoli
747 2113 911 2140 celebratmn
929 2113 1009 2147 (Mai,

222 2148 349 2183 ‘Spicileg.
367 2148 443 2175 Rom.
457 2152 475 2175 t.
491 2148 525 2180 Χ,
540 2156 567 2183 p.
582 2147 616 2175 38
631 2147 706 2182 seq.)
717 2168 723 2178 ,
741 2148 812 2181 quod
826 2147 1010 2174 testimonium

227 2182 338 2218 profert,
350 2183 452 2210 Φωτίου
473 2183 643 2218 πατριάρχου
663 2183 694 2208 ὲκ
712 2183 760 2208 τοῦ
774 2182 862 2218 γλόγου
878 2183 941 2217 περὶ
961 2182 1011 2216 τῆς

225 2217 273 2244 eos
292 2217 370 2251 ἁγίου
388 2218 547 2253 Πνςύματος
564 2217 800 2253 μοεταγωγὶαςνὶη
814 2221 907 2253 nostro
928 2225 1010 2252 opere

225 2257 387 2280 contentum
409 2251 482 2287 (vide
501 2251 569 2286 cap.
587 2252 631 2284 27,
662 2256 717 2278 tum
732 2252 841 2287 rNicetre
859 2251 1008 2287 (Choniataa

226 2287 350 2327 allegatio
365 2287 395 2328 in_
407 2288 535 2314 Laurent.
554 2287 703 2348 bibmlnt.
718 2286 762 2318 1X,
777 2286 839 2314 cod.
853 2286 898 2313 24.
917 2294 943 2321 p.
957 2287 1009 2314 582

226 2322 352 2348 (Bandin.
370 2322 435 2348 bibl.
454 2323 536 2348 Laur.
553 2330 580 2348 ι).
653 2323 671 2348 1.

226 2322 352 2357 (Bandin.
370 2322 435 2349 bibl.
454 2323 536 2349 Laur.
553 2322 671 2357 p.747»).

262 2356 317 2392 (16)
339 2356 425 2391 Supra
450 2357 513 2391 βέδᾳ
529 2355 792 2392 εέῑίωιυῐχπόλεων.
813 2355 882 2392 Tum
908 2363 935 2390 p.
957 2356 1009 2383 300

226 2390 285 2426 seq.
308 2390 425 2422 constat,
438 2390 512 2418 hunc
539 2391 637 2426 Bedam
664 2390 747 2426 fuisse
776 2391 958 2418 orthodoxum
982 2395 1010 2418 et

221 2425 367 2461 Photianis
385 2427 509 2461 partibus
523 2425 721 2461 adversantem,
742 2425 797 2452 imo
815 2430 842 2452 et
864 2430 1008 2461 tractatum

229 2462 265 2487 De
279 2459 395 2495 Spiritus
407 2461 491 2487 sancti
514 2469 529 2487 α
549 2459 618 2486 Filia
640 2460 804 2494 processione
822 2460 974 2495 scripsisse.
995 2471 1004 2486 ι

227 2495 263 2521 Μ.
282 2492 313 2516 —'
327 2495 469 2530 Inscriptio
484 2496 517 2522 ad
528 2494 629 2522 Bcdam
641 2492 721 2522 deest
732 2495 758 2521 in
774 2495 834 2522 aliis
849 2492 1005 2528 codicibus;

227 2539 242 2556 a
257 2529 360 2556 Joanne
380 2529 470 2557 autem
496 2529 582 2557 Becco
603 2530 702 2557 citatur
725 2529 800 2557 locus
823 2529 894 2557 idem
914 2530 959 2557 ille
976 2530 1010 2557 de

223 2563 332 2592 Joanne
345 2564 413 2597 Vill,
430 2565 462 2592 ad
477 2572 557 2599 quem
580 2572 662 2599 supra
689 2569 851 2598 provocarat
870 2564 966 2597 Maius,
980 2570 1010 2592 ut

230 2605 340 2635 gxstans
365 2600 394 2625 ἐν
408 2601 463 2635 τοῖς
482 2600 550 2635 πρὸς
565 2599 704 2635 νΕὺσέϐιον
725 2599 816 2635 λόγοις
838 2599 909 2635 (Lib.
924 2607 963 2633 nt,
976 2600 1009 2635 ard

231 2632 405 2670 Theodorum
427 2632 512 2670 Sugd.
528 2634 612 2669 episc.
634 2642 658 2662 c.
677 2635 693 2661 1
716 2632 798 2662 Graio.
814 2634 915 2660 art/10d.
932 2639 951 2661 t.
974 2634 1007 2666 ll,

231 2677 260 2731 Γ.
277 2670 337 2701 158,
353 2669 424 2709 159).
439 2669 570 2696 Praeterea
585 2677 659 2702 eum,
674 2677 762 2709 quem.
775 2669 894 2709 -_Photius
917 2669 967 2709 hoc
983 2670 1010 2696 in

241 2705 300 2731 tbro
314 2705 468 2731 allooullur.
491 2708 634 2731 tractatum
652 2712 700 2731 oro
718 2703 834 2731 Sotritus
848 2709 933 2731 sancti
948 2712 1010 2731 uro—

241 2705 300 2732 ibro
314 2704 468 2739 alloquitur,
491 2708 634 2731 tractatum
652 2712 700 2738 pro
718 2703 834 2739 Spiritus
848 2703 933 2731 sancti
948 2712 1011 2738 pro-

229 2740 378 2775 cessioncia
393 2739 461 2766 Filio
478 2739 673 2773 composuisse,
690 2739 779 2775 negari
798 2746 852 2765 non
872 2739 1010 2775 imttierito

228 2780 327 2809 potest.
344 2774 411 2801 Nam
426 2779 482 2801 tum
496 2775 521 2801 in
536 2774 589 2801 ﬁne
605 2778 660 2800 tum
676 2774 702 2800 in
719 2775 777 2809 ipso
795 2774 907 2809 exordio
919 2775 1010 2807 operis

228 2808 325 2836 asserit
341 2809 463 2841 Photius,
481 2810 554 2836 hunc
565 2817 579 2836 a
595 2817 624 2836 se
640 2808 770 2843 petiviSse
794 2808 1009 2836 confutationem

228 2845 361 2880 dogmatis
377 2845 534 2872 Latinorum
548 2849 576 2872 et
587 2844 669 2873 verba
685 2844 739 2877 illa,
755 2851 814 2879 quae
827 2845 905 2872 toties
918 2843 944 2870 in
958 2843 1010 2872 dis-

1026 2214 1048 2241 D

778 143 908 173 PHOTII
928 143 1180 174 PATRIARCH/E
1201 143 1245 174 (ΖΡ

1780 143 1825 175 Ξῧϐ

1051 198 1106 226 Leo
1122 198 1168 230 lll,
1182 196 1344 225 Benedictus
1356 197 1402 230 Ill,
1415 197 1534 225 Joannes
1548 196 1606 225 Vill
1623 217 1630 229 .
1642 196 1775 225 Adrianus
1785 198 1824 226 lll.

1052 243 1208 279 (Nicolaum
1226 243 1248 277 I,
1267 243 1416 270 Adrianum
1441 242 1474 275 ll,
1500 245 1527 270 et
1549 242 1683 269 Marinum
1704 242 1726 275 1,
1742 247 1827 278 utpote

1051 289 1103 317 sibi
1119 289 1250 322 infensos,
1271 289 1366 316 reticet
1382 296 1465 324 pravo
1491 295 1542 316 nec
1556 295 1670 323 prorsus
1695 289 1827 317 tolerando

1051 334 1177 362 artiﬁcio.
1200 334 1307 370 Beapse
1327 334 1433 370 priores
1448 334 1517 362 duos
1534 334 1642 362 reticeri
1667 342 1681 361 a
1696 334 1827 363 Pholianis

1051 380 1145 408 solitos
1169 380 1292 414 queritur
1312 379 1427 407 Allatius
1446 380 1480 407 de
1501 387 1577 407 cons.
1599 388 1626 414 p.
1655 379 1735 414 590.)
1760 380 1827 408 lllam

1051 427 1134 454 etiam
1155 426 1310 461 clypeorum
1331 425 1516 452 Romanorum
1539 424 1726 460 famigeratam
1749 424 1827 452 histo-

1052 474 1133 505 riam,
1155 472 1255 508 quibus
1279 471 1431 507 symbolum
1455 471 1617 506 inscriptum
1640 475 1709 502 erat,
1728 471 1828 506 attingit

1051 519 1166 547 Pbotius
1182 527 1210 554 p.
1225 518 1287 550 312,
1302 525 1384 552 super
1398 525 1450 552 qua
1464 517 1595 552 legendus
1612 517 1708 544 saltem
1722 517 1829 544 Allatins

1052 565 1085 593 de
1100 573 1177 593 cons.
1196 572 1224 600 p.
1246 564 1307 596 580,
1328 563 1377 590 581
1403 567 1431 590 ct
1454 567 1548 590 contra
1576 562 1747 597 Hotting..p.
1772 562 1827 590 418.

1051 613 1117 641 Post
1136 611 1194 638 haec
1214 610 1315 638 additis
1328 609 1422 645 paucis
1443 608 1693 644 epieherematibus
1707 607 1785 636 ﬁnem
1799 608 1829 635 li-

1052 658 1124 686 bello
1143 657 1258 692 impertit
1269 656 1335 691 (18).

1088 702 1136 732 ιν.
1154 702 1217 730 Haec
1238 702 1330 729 brevis
1352 701 1487 736 synopsis,
1505 700 1569 728 licet
1589 708 1643 727 non
1658 700 1831 735 undequaqne

1052 753 1178 776 accurata
1205 749 1306 783 (neque
1325 747 1399 774 enim
1427 747 1488 774 aliis
1520 747 1744 782 gravioribusque
1766 747 1832 774 curis

1052 799 1214 829 occupatum
1223 794 1311 820 virum
1324 793 1571 820 eminentissimum
1584 793 1698 819 multum
1707 792 1830 827 temporis

1054 838 1136 873 huius
1147 838 1238 873 operis
1252 837 1361 864 lectioni
1379 837 1507 865 tribuisse
1517 837 1682 864 credendum
1694 836 1755 871 est),
1771 837 1833 864 satis

1054 891 1144 912 tamen
1160 891 1229 919 opus
1239 888 1362 911 nostrum
1375 883 1507 910 describit
1518 883 1633 918 ejusque
1649 887 1832 917 argumentum

1054 931 1226 959 determinat.
1242 929 1281 956 Ex
1298 929 1340 956 his
1351 934 1432 964 atque
1446 936 1480 956 ex
1502 928 1584 956 variis
1599 928 1690 956 Photii
1706 928 1834 964 fragmen-

1053 977 1098 1009 tis,
1112 984 1172 1011 quae
1187 983 1220 1003 ex
1235 975 1324 1002 Allatii
1337 975 1508 1010 aliorumque
1528 974 1735 1009 allegationibus
1757 974 1833 1002 colle-

1053 1029 1143 1056 geram
1159 1028 1273 1056 quaeque
1289 1027 1386 1055 magna
1405 1028 1439 1047 ex
1467 1024 1543 1054 parte
1571 1018 1729 1046 Monacensi
1750 1019 1834 1046 textui

1054 1065 1164 1093 omnino
1182 1065 1376 1100 congruebant,
1391 1064 1491 1091 certior
1507 1064 1587 1099 plane
1603 1063 1690 1091 factus
1703 1071 1774 1097 sum,
1786 1064 1834 1091 hoc

1054 1112 1082 1139 in
1095 1111 1189 1138 codice
1206 1110 1296 1138 Photii
1312 1110 1402 1145 ipsum
1430 1109 1506 1137 illum
1518 1109 1641 1137 exhiberi
1657 1110 1768 1141 librum,
1791 1109 1835 1144 qui

1054 1156 1132 1184 facile
1146 1156 1229 1184 latere
1251 1156 1298 1183 diu
1317 1158 1434 1191 poterat,
1447 1163 1503 1184 non
1528 1156 1616 1183 solum
1646 1156 1710 1191 quia
1731 1163 1791 1190 qua:
1810 1155 1835 1182 in

1054 1201 1188 1237 principio
1202 1201 1276 1228 afol.
1295 1201 1348 1229 449
1369 1201 1456 1228 tribus
1482 1200 1539 1228 fere
1565 1200 1670 1236 paginis
1700 1201 1836 1235 leguntur.

1052 1247 1106 1282 jam
1120 1247 1189 1282 typis
1207 1246 1314 1282 vulgata
1329 1250 1408 1273 erant
1423 1246 1506 1281 (quod
1535 1249 1625 1273 tamen
1641 1245 1714 1273 haud
1735 1246 1791 1273 scio
1804 1252 1838 1273 an

1055 1294 1146 1328 plures
1171 1292 1436 1326 animadverterint),
1466 1292 1609 1327 sequentia
1638 1296 1730 1319 autem
1764 1291 1838 1318 nullo

1055 1341 1139 1368 rubro
1153 1340 1283 1374 nullaque
1307 1338 1481 1366 luculentiori
1498 1339 1642 1372 scriptura:
1667 1338 1835 1365 distinctiont

1055 1390 1158 1419 notata,
1173 1394 1235 1414 cum
1254 1385 1318 1413 novi
1341 1385 1432 1420 operis
1461 1383 1556 1412 titulus
1577 1383 1779 1418 inspicientium
1797 1383 1839 1410 lu-

1055 1437 1130 1469 geret
1143 1433 1247 1465 oculos,
1267 1431 1301 1459 ad
1329 1431 1401 1458 idem
1432 1430 1570 1466 pertinere
1592 1430 1723 1464 scriptum
1745 1436 1840 1456 cense-

1056 1479 1171 1511 bantur;
1186 1485 1281 1506 verum
1299 1484 1358 1504 eam
1370 1475 1461 1511 potius
1475 1475 1510 1503 ob
1527 1482 1648 1506 causam,
1665 1473 1728 1509 quia
1743 1473 1842 1501 biblio-

1057 1525 1221 1561 graphorum
1244 1523 1329 1556 falsa},
1344 1527 1374 1550 ut
1392 1529 1442 1557 ego
1452 1526 1530 1556 puto,
1557 1520 1660 1547 notitiae
1677 1519 1705 1546 in
1720 1525 1840 1546 errorem

1056 1570 1166 1598 obvium
1182 1570 1216 1597 de
1232 1569 1284 1596 alio
1301 1568 1412 1596 omnino
1424 1567 1514 1597 Photii
1533 1570 1650 1594 tractatu
1664 1565 1840 1593 inducebant.

1057 1616 1143 1650 Quem
1157 1615 1229 1643 enim
1245 1615 1288 1642 isti
1306 1614 1362 1650 (19)
1377 1616 1525 1641 recensent
1545 1611 1635 1639 Photii
1651 1611 1750 1638 librum
1771 1609 1843 1636 κατὰ

1057 1662 1180 1689 Λατίνων
1198 1661 1321 1697 περὶτοῦ
1337 1660 1495 1694 Πνεύματος
1509 1658 1587 1692 ἁγίου
1613 1658 1693 1692 cujus
1709 1657 1816 1684 initium
1833 1664 1842 1684 :

1058 1708 1106 1740 Τίς
1120 1707 1187 1739 ὂλως
1203 1707 1347 1742 ἀνάσχοιτο
1369 1705 1424 1732 τῶν
1448 1706 1477 1732 ὲν
1503 1704 1678 1739 Χριστιανοϊς
1693 1701 1844 1729 τελούντων

1058 1754 1105 1781 ἐπὶ
1121 1754 1171 1788 τῆς
1190 1752 1270 1787 ἁγίας
1288 1751 1405 1787 Τριάδος
1418 1751 1466 1778 δύο
1489 1750 1611 1784 εἰσάγειν
1636 1749 1720 1780 αἴτια,
1744 1747 1846 1783 quibus

1059 1798 1154 1826 iisdem
1171 1797 1271 1830 verbis,
1289 1797 1328 1824 uti
1344 1796 1462 1823 diximus
1477 1795 1501 1831 (§
1518 1795 1558 1830 2),
1584 1794 1680 1830 incipit
1704 1793 1793 1821 Photii
1810 1794 1847 1820 de

1059 1843 1154 1870 eadem
1182 1842 1294 1869 materia
1322 1841 1521 1877 argumentatio
1548 1841 1576 1867 in
1606 1841 1687 1874 epist.
1717 1839 1744 1871 2,
1776 1838 1847 1866 edit.

1059 1889 1188 1921 Londin.,
1204 1896 1266 1916 eum
1296 1888 1340 1915 vix
1357 1887 1522 1922 peculiarem
1543 1886 1666 1921 ejusdem
1683 1884 1850 1920 patriarcha:

1060 1934 1153 1962 haberi
1163 1941 1242 1968 posse
1250 1937 1404 1965 tractatum,
1417 1932 1463 1959 sed
1473 1935 1578 1967 partem
1590 1938 1651 1958 esse
1660 1937 1693 1957 ex
1703 1929 1754 1956 hac
1765 1935 1850 1964 ency-

1061 2009 1200 2044 putatione
1226 2012 1381 2039 recurrunt,
1398 2013 1443 2035 tua
1462 2008 1635 2042 sophismata,
1649 2007 1851 2044 tuanimpiettu,

1061 2041 1190 2076 beam-dia,
1200 2048 1265 2075 etc..
1281 2043 1308 2069 in
1322 2051 1421 2077 genere
1434 2048 1596 2070 assertorem
1611 2042 1760 2076 quemlibet
1775 2041 1854 2068 illius

1061 2079 1193 2107 doctrinae
1222 2078 1381 2112 respiciunt,
1395 2085 1475 2111 quem
1499 2081 1638 2104 oratorum
1666 2085 1751 2112 more
1765 2076 1853 2103 veluti

1061 2114 1111 2142 sibi
1129 2111 1292 2148 praesentem
1313 2112 1427 2148 Photius
1455 2112 1540 2147 lingit,
1555 2119 1612 2148 non
1633 2119 1697 2139 vero
1721 2111 1754 2148 ad
1784 2119 1854 2148 eum

1061 2145 1210 2184 pertinent,
1227 2147 1273 2182 qui
1288 2147 1386 2174 librum
1402 2147 1463 2184 ipse»
1480 2145 1573 2184 mittit.
1590 2146 1686 2184 Neque
1710 2145 1743 2172 ad
1769 2145 1856 2172 aliter

1062 2181 1243 2211 statuendum
1257 2190 1307 2209 nos
1324 2186 1422 2217 cogunt
1438 2181 1492 2214 illa,
1507 2182 1541 2208 ad
1556 2190 1617 2216 quae
1634 2181 1723 2217 maius
1746 2188 1855 2217 provo-

1061 2223 1104 2246 cat
1131 2217 1267 2252 (Column.
1283 2217 1344 2244 cod.
1360 2216 1389 2251 p.
1402 2216 1464 2244 500.
1490 2217 1549 2243 scil.
1571 2224 1630 2251 cap.
1656 2216 1710 2252 10),
1728 2216 1857 2252 auctoris

1060 2250 1154 2284 verba,
1170 2260 1231 2286 quae
1246 2252 1342 2279 eodem
1358 2250 1438 2286 pacto
1458 2252 1524 2279 satis
1547 2250 1691 2279 commode
1716 2250 1856 2285 explicari

1079 2292 1184 2315 OSSUIH.
1691 2306 1698 2312 .

1060 2296 1224 2357 p°(isi;]§pn
1240 2321 1305 2349 citat
1319 2320 1431 2348 Photinus
1445 2321 1540 2348 horum
1552 2321 1662 2348 Patrum
1679 2306 1780 2357 testus,
1801 2319 1856 2347 sed

1062 2355 1152 2392 potius
1167 2356 1254 2392 variis
1266 2364 1299 2383 ex
1312 2357 1465 2392 rationibus
1476 2360 1598 2392 textuum
1611 2355 1806 2392 auctoritatem
1824 2359 1856 2381 et

1060 2389 1230 2420 authentiam
1245 2391 1401 2425 impugnat.
1430 2391 1516 2418 Unius
1529 2390 1649 2424 Gregorii
1674 2389 1708 2425 111.
1722 2391 1857 2425 ιοεψιιοέ

1060 2428 1136 2454 nium
1147 2424 1304 2460 explicitum
1320 2424 1410 2458 aﬁ'ert,
1419 2425 1543 2453 versione
1559 2430 1649 2452 tamen
1672 2424 1707 2451 ab
1720 2424 1857 2459 originali

1062 2466 1136 2490 textu
1147 2462 1300 2488 dillerente.

1097 2497 1153 2531 (18)
1170 2495 1198 2522 ln
1214 2496 1393 2531 sequentibus,
1406 2495 1492 2531 Maius
1513 2502 1544 2521 ea
1560 2494 1674 2531 profert,
1689 2501 1750 2531 qum
1776 2493 1859 2531 Pho-

1063 2528 1115 2558 tius
1129 2528 1329 2565 p'erhonoriﬁce
1344 2530 1409 2558 dicit
1421 2531 1455 2557 de
1477 2528 1603 2562 Daniaso,
1619 2530 1710 2557 Leone
1731 2529 1756 2565 gl,
1778 2528 1861 2565 Vigi-

1060 2566 1107 2598 lio,
1117 2563 1267 2600 Agathone,
1280 2566 1408 2600 Gregorio
1421 2565 1441 2597 l,
1462 2565 1603 2600 Zacharia.
1621 2565 1712 2592 Leone
1727 2563 1861 2600 iuniore,

1061 2598 1208 2628 Benedicto
1225 2600 1267 2633 Ill,
1280 2598 1362 2635 atque
1370 2599 1475 2627 Joanne
1505 2598 1572 2633 Vlll,
1586 2600 1699 2627 summis
1710 2598 1863 2635 pontiﬁci-

1060 2636 1122 2667 bus,
1135 2640 1163 2662 et
1180 2635 1207 2662 in
1221 2635 1254 2663 iis
1280 2633 1454 2669 potissimum
1472 2635 1642 2666 immoratur,
1662 2641 1721 2667 quae
1746 2633 1782 2660 de
1802 2633 1864 2660 hoc

1061 2675 1198 2706 postremo
1215 2668 1342 2705 pontiﬁce
1352 2670 1444 2706 habet.
1459 2670 1513 2706 Sed
1523 2668 1864 2706 harumObservationum

1061 2703 1181 2741 potiores
1201 2703 1433 2741 accommodatius
1459 2703 1510 2739 ipsi
1529 2704 1663 2732 Photiano
1677 2703 1764 2730 textui
1780 2703 1866 2730 intra

1062 2739 1240 2775 apponendas
1254 2747 1314 2767 esse
1323 2741 1492 2767 censuimus.

1097 2773 1153 2809 (l9)
1181 2774 1307 2802 Lambec.
1338 2775 1467 2801 Biblioth.
1490 2773 1590 2801 Cmsar.
1618 2778 1637 2802 t.
1662 2773 1706 2804 Ill,
1734 2782 1762 2809 p.
1788 2773 1864 2801 504.

1062 2809 1115 2837 505
1135 2808 1178 2837 ed.
1204 2809 1305 2836 Kellar.
1326 2810 1478 2841 Fabricius,
1493 2809 1564 2837 Bibl.
1586 2808 1632 2838 Gr.
1656 2809 1703 2837 lib.
1717 2808 1744 2844 νς
1764 2817 1791 2837 c.
1810 2808 1868 2841 55,

1062 2845 1132 2879 §16,
1150 2851 1179 2872 η.
1192 2845 1225 2878 5;
1244 2849 1263 2872 t.
1280 2844 1326 2878 XI,
1345 2845 1418 2880 p.29
1436 2845 1479 2872 ed.
1496 2844 1569 2873 Harl.
