1940 3081
128 140 180 173 269

425 138 474 169 DE
494 140 524 169 S.
546 137 725 168 SPIRITUS
739 135 908 166 MYSTAGO

964 135 990 165 ἱ.
1003 147 1038 152 -
1053 134 1082 165 Ι.
1102 134 1220 167 HERG.
1236 135 1445 165 ΡΒᾸΞΕΑΤΙΟ.

1693 133 1747 165 270

127 196 191 223 elica
203 194 370 229 decerptam.
387 193 485 220 additis
500 193 636 220 interdum
657 192 798 220 nonnullis
810 199 841 218 ex
853 191 912 218 aliis
927 192 950 220 Λ
965 189 1022 223 illi;
1048 189 1198 224 spllalmata
1222 190 1397 217 amanuensis
1420 189 1484 217 hinc
1507 190 1608 224 pariter
1625 195 1748 217 correcta

125 241 245 276 ejusdem
269 238 515 270 lucubrationibus,
543 237 599 272 jam
624 237 728 271 pridem
754 237 908 272 suspicatus

125 287 247 317 fueram;
267 283 387 319 suspicio
414 290 489 314 vero,
509 282 576 309 mihi
604 283 711 312 saltem,
731 281 758 308 in
775 289 909 308 summam

125 331 339 366 probabilitatem
356 328 472 361 transiit,
493 336 554 354 eum
579 335 634 354 non
656 327 743 354 solum
768 327 909 362 prtefatum

126 377 324 406 Monaceusem,
342 374 389 401 sed
406 378 433 401 et
455 373 530 400 illum
547 373 635 407 ipsum
659 371 908 403 Viudobonensem,

125 422 255 453 codicem,
275 420 318 447 cui
341 420 399 447 fere
424 419 472 446 soli
492 419 661 445 innitebatur
680 417 797 445 Fabricii
822 425 910 444 asser-

125 469 161 494 tio
182 467 248 502 (20),
264 466 472 501 perlustrassem
483 464 590 499 aliaque
607 464 705 491 indicia
722 463 911 498 deprehende-

125 520 191 544 rcm,
217 519 277 546 qua:
292 511 364 538 idem
378 511 411 538 de
438 510 577 537 nonnullis
597 517 707 544 quoque
726 509 786 537 aliis
807 509 910 536 codici-

125 559 173 586 bus
188 558 242 593 (ιιι)
256 558 400 584 dicendum
412 564 474 584 esse
487 556 649 584 continuare
662 556 832 583 videbantur.
843 556 912 583 Hinc

125 612 157 631 ex
171 603 365 630 Pliotiauorum
383 610 496 636 operum
515 601 636 636 catalogo
652 601 787 636 ejusmodi
809 602 911 629 librum

123 648 334 681 expungendum
348 655 458 674 censeo.

159 692 193 720 γ.
209 692 262 720 Sed
277 693 309 719 ad
324 700 381 719 rem
395 697 516 719 nostram
536 696 717 719 revertamur.
736 691 911 719 Monacensis

123 739 221 771 codex,
235 738 274 765 uti
293 738 396 765 dictum
409 743 461 771 est,
471 746 525 765 non
538 742 625 765 totum
637 737 726 765 Pliotii
738 738 836 765 librum
847 746 913 772 sup-

124 784 245 819 peditat;
264 783 366 811 desinit
383 783 431 816 ibi,
449 783 494 810 ubi
510 784 675 818 respondere
691 788 805 810 conatur
818 784 851 810 ad
866 791 911 810 ar-

124 835 282 866 gumentum
296 837 329 856 ex
345 829 492 862 Ambrosii,
503 829 658 864 Hieronymi
671 833 752 864 atque
767 829 910 865 Augustini

124 875 286 902 auctoritate
301 875 427 909 petitum,
449 874 563 909 praecise
582 881 644 901 eum
658 874 685 900 in
703 874 792 901 locum
803 895 811 907 ,
829 882 910 909 quem

125 928 183 955 cap.
203 919 235 946 67
255 919 420 951 notavimus,
437 919 483 946 ubi
498 927 559 953 cap.
574 920 609 947 34
632 920 676 946 ille
690 919 829 947 exorditur
843 919 909 955 (ΞΩ).

123 965 189 999 Quae
205 966 286 1000 igitur
296 965 324 992 in
340 969 434 992 nostro
447 965 542 992 codice
557 965 681 998 deerant,
699 973 730 992 ea
748 973 781 992 ex
795 965 865 997 aliis,
880 973 912 992 ac

124 1010 275 1044 prmsertim
287 1017 320 1036 ex
336 1009 484 1040 Vaticanis,
502 1009 651 1043 supplenda
665 1009 803 1044 simulque
821 1014 911 1036 textus

122 1056 296 1083 collationem
318 1055 512 1082 instituendam
531 1062 621 1089 operae
634 1054 751 1089 pretium
764 1055 840 1082 duxi.
858 1046 912 1082 Sed

123 1108 186 1127 cum
204 1099 318 1126 Romam
331 1099 408 1126 adire
419 1107 474 1126 non
483 1106 602 1133 possem.
615 1099 730 1126 aliorum
743 1099 782 1126 uti
795 1099 913 1134 cogebar

124 1152 209 1180 opera
234 1149 261 1172 et
291 1144 438 1172 industria.
465 1144 544 1171 Viros
581 1148 672 1171 tamen
701 1144 912 1172 humanissimos

125 1197 222 1219 nactus
238 1199 310 1224 sum,
330 1191 376 1225 qui
392 1190 429 1218 ibi
446 1198 557 1217 manum
580 1190 657 1225 operi
681 1190 863 1217 admoverunt
886 1193 913 1217 et

125 1242 272 1271 utrumque
295 1237 394 1271 partim
408 1237 502 1264 labore
523 1236 635 1271 proprio
656 1236 758 1271 partim
779 1243 829 1270 per
844 1235 911 1262 scri—

125 1289 232 1317 ptorem
243 1283 281 1310 rei
290 1283 355 1309 satis
365 1290 479 1318 gnarum
490 1282 606 1308 libenter
615 1281 809 1316 praestiterunt.
823 1281 911 1315 Atque

123 1329 266 1357 adhibitus
277 1328 304 1355 in
321 1328 417 1363 primis
436 1328 488 1355 fuit
504 1328 589 1355 codex
607 1327 755 1355 Vaticanus
769 1327 847 1359 l923,
864 1326 911 1360 qui

123 1381 205 1403 antea
221 1375 318 1402 Lollini
340 1375 439 1408 fuerat,
455 1375 553 1403 Allatio
567 1377 638 1403 bene
656 1379 748 1407 notus,
764 1375 834 1402 idem
855 1374 908 1406 ille,

123 1431 156 1450 ex
170 1430 224 1457 quo
239 1421 422 1456 Amphilochia
439 1421 525 1449 edidit
546 1421 631 1449 Maius
646 1440 653 1452 ,
676 1421 857 1456 Bombycinus
879 1429 911 1449 ac

123 1467 216 1495 saeculi
231 1467 317 1495 ferme
333 1475 394 1500 xm,
418 1467 557 1502 eleganter
569 1467 682 1494 omnino
702 1467 819 1501 scriptus
834 1466 888 1502 (23)
901 1475 909 1500 ;

123 1514 223 1541 deinde
249 1512 388 1540 Palatinus
407 1512 442 1540 ab
465 1513 561 1540 iisdem
587 1512 674 1539 doctis
696 1512 761 1539 viris
785 1512 911 1539 laudatus

123 1558 149 1593 (ς
160 1559 198 1592 3),
214 1559 259 1592 qui
274 1558 320 1585 illo
335 1558 425 1585 adhuc
436 1558 517 1592 paulo
527 1558 666 1592 antiquior
675 1565 736 1584 esse
745 1557 844 1584 fertur.
860 1557 912 1585 ita—

122 1611 177 1639 que
187 1604 321 1637 priorem.
341 1610 455 1637 eamque
477 1602 608 1637 majorem
626 1603 714 1637 operis
730 1607 835 1637 partem
857 1608 912 1631 tres

123 1649 232 1676 codices
247 1648 472 1683 suppeditarunt;
490 1648 635 1675 Vaticanus
645 1656 706 1675 cum
716 1648 822 1675 Monac.
836 1653 909 1675 textu

121 1702 138 1720 a
151 1700 206 1725 nte,
227 1698 257 1720 ut
283 1701 347 1720 vere
368 1694 463 1720 testari
483 1700 593 1728 possum
610 1713 618 1725 ,
645 1701 726 1728 quam
753 1694 910 1721 fidelissime

122 1739 262 1774 exscripto
283 1740 400 1766 collatus
414 1739 466 1767 fuit
489 1747 521 1767 ac
542 1739 683 1766 Palatinus
705 1740 732 1766 in
757 1740 909 1767 subsidium

122 1790 251 1817 vocatus;
278 1784 378 1812 deinde
402 1785 538 1820 posterior
561 1792 625 1819 pars
651 1791 684 1811 ex
703 1784 790 1812 Vatic.
813 1785 910 1812 eodem

123 1831 144 1858 f.
155 1831 208 1858 203
223 1831 250 1858 b.
265 1845 300 1850 —
314 1830 366 1857 208
381 1831 408 1858 b.
425 1833 584 1865 deprompta
595 1835 646 1863 est,
658 1838 721 1858 cum
736 1838 790 1865 quo
800 1839 910 1858 rursum

122 1866 317 1903 conferebatur
334 1876 483 1903 Palatinus.
504 1877 601 1903 Mirum
626 1876 653 1903 in
674 1876 785 1903 modum
802 1877 856 1904 duo
869 1876 908 1903 ilii

123 1920 239 1947 Romani
252 1921 361 1948 eodices
378 1921 449 1948 inter
469 1929 500 1949 se
515 1922 701 1955 conveniunt;
725 1922 907 1956 Monacensis,

122 1971 240 2001 utroque
253 1967 354 2001 junior,
375 1967 467 2002 plures
481 1967 548 1994 alias
559 1968 680 1994 ostendit
694 1968 840 2001 lectiones,
857 1975 908 1995 ue-

122 2019 178 2046 que
203 2016 294 2039 tamen
318 2012 352 2047 (si
376 2012 474 2039 memla
503 2013 647 2047 scriptoris
670 2013 774 2048 demas)
796 2015 908 2042 omnino

122 2057 312 2092 spernendos;
333 2057 413 2092 hujus
431 2058 542 2084 lacunas
563 2061 591 2084 et
613 2058 703 2085 hiatus
728 2059 907 2094 expleverunt

158 2112 214 2147 (‘20)
229 2112 332 2151 Revera
349 2113 408 2151 cod.
424 2113 575 2151 Vindobon.
594 2113 641 2141 Gr.
656 2115 807 2151 tbeol.168
822 2115 905 2151 (juxta

121 2146 543 2184 numgKNesselq“Lambeccio
569 2153 611 2176 est
631 2150 691 2176 cod.
715 2150 779 2184 64),
804 2146 839 2176 n7
858 2150 905 2177 25.

923 1524 946 1554 C

961 239 1035 266 sunt,
1052 234 1079 260 in
1094 235 1194 268 quibus
1208 234 1331 269 quaedam
1348 240 1425 261 erant
1440 242 1551 261 sensum
1567 235 1678 261 omnino
1688 243 1750 269 per-

963 281 1119 314 turbautia;
1149 285 1190 307 ter
1215 280 1324 308 circiter
1355 281 1475 315 integras
1503 281 1589 308 lineas
1620 281 1749 308 omiserat

961 327 1079 361 scriptor
1093 326 1138 353 ille
1153 326 1244 353 saeculi
1258 335 1302 359 xv,
1317 331 1347 353 ut
1358 327 1482 358 videtur,
1506 326 1634 353 exeuntis
1648 327 1688 353 vel
1703 334 1748 353 xw

962 371 1091 399 ineuntis.
1108 371 1183 399 Adeo
1199 379 1263 398 vero
1276 379 1305 399 se
1324 372 1532 399 commendabat
1543 372 1631 399 Vatic.
1647 377 1748 403 textus,

961 422 992 444 ut
1006 417 1115 444 nonnisi
1136 417 1311 452 paucissimis
1329 418 1355 444 in
1375 418 1442 445 locis
1460 419 1494 445 ab
1510 426 1542 445 eo
1565 419 1749 445 recedendqu

962 470 1023 490 esse
1035 463 1084 489 rati
1103 463 1198 490 simus.
1219 463 1288 490 lluic
1307 463 1397 498 itaque
1423 463 1506 490 textui
1523 465 1672 498 generatim
1689 465 1752 491 adtr-

961 512 1039 543 ptato
1054 508 1194 536 variantes
1212 509 1343 536 lectiones
1358 514 1413 537 tum
1434 510 1462 536 in
1484 509 1589 536 Monac.
1607 514 1634 537 et
1653 511 1748 543 Palat.,

962 558 1019 580 tum
1036 554 1147 580 aliunde
1164 560 1277 589 repeer
1299 555 1430 590 apposita:
1452 555 1547 587 fuere;
1565 556 1751 590 iuterpuuetio

962 608 1012 635 pro
1029 601 1235 635 opportunitate
1254 601 1402 628 constituta
1416 621 1423 633 ,
1440 601 1577 628 scribendi
1593 609 1650 628 mos
1672 602 1752 629 hodie

964 645 1080 673 usitatus
1096 646 1258 681 regulariter
1268 637 1393 673 servatus
1412 649 1464 677 est,
1481 645 1508 672 in
1522 635 1617 680 paucis
1632 650 1752 673 tantum-

963 692 1044 719 modo
1065 691 1109 718 vel
1131 691 1242 726 majoris
1265 691 1468 727 perspicuitatis
1485 692 1528 718 vel
1550 691 1753 719 commoditatis

963 736 1049 771 gratia
1073 737 1115 764 vel
1137 737 1172 764 ob
1190 736 1258 764 alias
1283 737 1349 764 satis
1380 737 1474 764 obvias
1504 736 1624 764 rationes
1655 737 1754 764 dereli—

964 787 1026 809 ctus
1036 782 1104 818 (24).
1120 783 1285 810 Dirisionem
1300 783 1419 818 capitum
1431 790 1530 810 novam
1544 783 1751 815 adornavimus,

964 829 1079 856 retentis
1108 829 1179 856 inter
1207 836 1293 856 uncos
1320 828 1458 863 capitibus
1481 828 1584 856 codicis
1607 829 1751 860 Vaticani,

964 873 1051 908 iisque
1069 873 1172 901 Graecis
1188 873 1312 900 numeris
1330 873 1479 908 designatis
1504 873 1569 908 (25).
1595 874 1624 901 In
1646 875 1752 909 prolixa

963 919 1007 946 illa
1023 919 1057 946 de
1068 918 1156 946 Galat.
1173 928 1210 949 ιν,
1226 919 1253 952 6,
1266 919 1336 946 sicut
1351 919 1378 946 in
1396 920 1523 954 sequenti
1538 920 1572 947 de
1584 919 1688 947 Latinis
1700 919 1752 947 Pa-

964 964 1051 992 tribus
1062 964 1260 999 disputatione,
1278 963 1425 992 Vaticanus
1439 965 1517 992 novis
1533 973 1640 992 rursum
1657 965 1754 992 litteris

964 1009 1150 1045 paragrapbos
1164 1010 1339 1043 distinxerat,
1352 1018 1414 1045 qua:
1428 1010 1532 1045 pariter
1551 1010 1578 1037 in
1590 1010 1642 1038 bac
1654 1011 1753 1038 editio—

963 1063 998 1083 ne
1015 1061 1128 1083 servata:
1141 1055 1229 1083 fuere.

1000 1100 1044 1128 VI.
1059 1101 1129 1128 Illud
1147 1108 1212 1128 vero
1227 1101 1344 1129 maxime
1362 1101 1499 1135 ingratum
1522 1106 1592 1134 erat,
1609 1103 1680 1137 quod
1700 1103 1753 1130 Co-

964 1145 1136 1172 lumucnsem
1150 1146 1274 1173 codicem
1300 1147 1334 1173 ab
1349 1146 1382 1174 Α.
1400 1147 1469 1174 Maio
1482 1147 1634 1174 adhibitum
1654 1149 1752 1176 saltem

963 1191 1078 1218 aliorum
1096 1199 1178 1226 opera
1201 1184 1348 1218 consulere
1372 1192 1465 1219 datum
1489 1200 1544 1220 non
1566 1200 1634 1220 erat.
1665 1194 1753 1229 Hujus

963 1236 1037 1263 enim
1049 1243 1195 1264 numerum
1210 1236 1356 1263 cardinalis
1371 1237 1442 1264 haud
1460 1237 1614 1270 indicarat,
1636 1247 1752 1273 quaeque

963 1281 1029 1309 mibi
1043 1282 1085 1309 bis
1101 1289 1133 1309 ac
1144 1283 1225 1309 tertio
1239 1283 1356 1310 sollicite
1372 1291 1423 1317 per
1436 1283 1541 1311 litteras
1556 1285 1705 1319 requirenti
1718 1293 1752 1312 ex

963 1327 1042 1355 codd.
1056 1327 1181 1356 Column.
1192 1328 1280 1356 indice
1290 1329 1488 1359 referebantur,
1497 1337 1572 1363 spem
1586 1329 1694 1364 penitus
1701 1338 1752 1357 au-

962 1372 1087 1400 ferebant
1096 1373 1153 1400 fore
1163 1377 1193 1400 ut
1203 1374 1248 1401 ille
1259 1382 1319 1401 mox
1329 1374 1418 1401 adhuc
1429 1374 1580 1410 delegatur.
1596 1374 1649 1401 llac
1661 1375 1751 1410 itaque

962 1427 1010 1453 spe
1034 1419 1158 1454 deposita
1180 1420 1292 1447 editioni
1308 1420 1377 1447 liber
1388 1421 1532 1449 mandatus
1555 1427 1606 1451 est,
1624 1430 1674 1449 nec
1687 1423 1750 1449 diu—

963 1464 1204 1491 tiuscunctandum
1216 1464 1378 1497 existimavi,
1388 1466 1537 1500 praesertim
1547 1474 1609 1493 cum
1625 1466 1683 1494 alia:
1706 1475 1751 1494 me

963 1518 1034 1537 cura:
1047 1510 1081 1537 ab
1099 1511 1150 1537 hoc
1166 1511 1235 1537 libro
1246 1516 1399 1542 avocarent.
1413 1512 1496 1546 digno
1514 1517 1604 1540 tamen
1618 1514 1730 1540 omnino
1740 1534 1750 1547 ,

961 1555 1006 1590 qui
1023 1555 1138 1582 eruditis
1149 1555 1290 1582 offeratur.
1302 1555 1355 1583 Sed
1371 1564 1432 1583 cum
1447 1558 1503 1591 jam
1522 1558 1572 1585 sub
1586 1559 1663 1593 prelo
1675 1564 1751 1587 esset

963 1601 1052 1628 Photii
1068 1605 1175 1631 textus.
1193 1601 1247 1628 imo
1260 1609 1325 1628 vero
1341 1602 1458 1629 maxima
1475 1611 1508 1630 ex
1524 1607 1601 1638 parte
1620 1612 1748 1637 excusus,

964 1646 1072 1673 tandem
1092 1646 1189 1673 allatus
1206 1651 1248 1674 est
1262 1647 1386 1678 nuntius,
1401 1648 1523 1675 codicem
1538 1657 1553 1676 a
1572 1649 1640 1676 Maio
1653 1650 1749 1678 lauda--

964 1695 1021 1718 tum
1035 1698 1096 1718 esse
1107 1691 1247 1718 inventum
1263 1692 1289 1718 in
1300 1693 1361 1719 cod.
1380 1692 1438 1720 Col.
1456 1694 1492 1720 58
1514 1694 1560 1728 (al.
1575 1696 1631 1729 54).
1646 1697 1747 1724 memb.

963 1737 1036 1768 in-4,
1048 1738 1188 1772 eleganter
1199 1738 1367 1772 conscripto,
1388 1739 1433 1773 qui
1451 1740 1563 1774 paginas
1581 1740 1668 1775 ipsius
1685 1741 1748 1768 Maii

962 1790 1047 1809 manu
1057 1782 1192 1817 signatas,
1215 1783 1366 1809 secundum
1380 1791 1449 1817 quas
1473 1783 1562 1811 Pbotii
1586 1786 1666 1812 verba
1689 1786 1748 1820 ipse

961 1827 1105 1860 eitaverat,
1119 1827 1145 1853 iu
1160 1827 1212 1854 hoc
1223 1832 1341 1854 tractatu
1357 1829 1501 1862 ostendat;
1522 1834 1549 1856 et
1566 1830 1639 1857 hunc
1656 1831 1691 1858 ibi
1705 1831 1747 1857 in-

961 1876 1066 1907 tegrum
1079 1877 1185 1899 exstare
1195 1880 1211 1899 a
1224 1880 1283 1907 pag.
1291 1873 1340 1899 271
1358 1881 1444 1908 usque
1454 1875 1487 1901 ad
1499 1882 1560 1909 pag.
1575 1875 1637 1906 517.
1650 1881 1747 1910 quem-

960 1917 1105 1945 admodum
1126 1922 1153 1944 ct
1173 1918 1199 1945 in
1236 1917 1322 1946 Vatic.
1349 1924 1377 1946 et
1404 1919 1489 1947 Palat.
1519 1919 1597 1948 Hune
1623 1921 1746 1949 codicem

960 1964 1006 1998 qui
1024 1963 1204 1998 inspexerunt
1218 1964 1297 1998 periti
1311 1965 1412 1992 sazculo
1434 1965 1541 1993 decimo
1569 1967 1649 1994 tertio
1675 1968 1747 1994 assi-

959 2010 1096 2046 gnandum
1111 2009 1278 2037 arbitrantur
1292 2010 1360 2045 ('26).
1378 2011 1415 2038 Ea
1431 2019 1485 2045 res,
1499 2020 1559 2047 qua:
1575 2018 1673 2048 praeter
1688 2022 1747 2042 om-

961 2064 1022 2083 nem
1045 2056 1276 2090 exspectationem
1302 2062 1452 2090 evenerat,
1477 2066 1596 2086 nimrore
1619 2060 1750 2088 simulet.

995 2113 1051 2148 (25)
1069 2111 1135 2149 Vide
1151 2111 1250 2139 Maium
1265 2112 1283 2139 I.
1295 2112 1412 2149 c._Pra-f.
1430 2113 1463 2140 de
1475 2114 1595 2149 Photio§
1609 2116 1634 2146 ί,
1648 2123 1674 2149 ρ.
1689 2125 1743 2143 xw.

996 2147 1152 2183 (MjNerv.
1171 2155 1197 2181 ς.
1212 2155 1296 2183 aegre
1317 2147 1384 2183 ferat
1405 2149 1529 2176 eruditus
1554 2147 1656 2183 lector;
1679 2152 1744 2178 dum

120 2182 142 2208 f.
175 2181 227 2223 553
238 2195 250 2202 -
264 2182 316 2208 554
336 2182 372 2208 nil
395 2183 469 2223 aliud
488 2183 624 2223 continet,
641 2183 692 2223 nisi
709 2181 776 2223 haec
789 2185 846 2219 ipsa
857 2193 904 2223 ep.

964 2181 1078 2223 πέμ-(9.
1095 2182 1140 2222 56..
1152 2183 1194 2212 76,
1211 2182 1237 2208 iu
1251 2181 1402 2223 μεμηγᾴῖες
1415 2183 1484 2209 videt
1499 2184 1551 2211 iota
1561 2181 1742 2223 subscriptum

119 2216 266 2251 cneyclica:
281 2221 452 2253 argumenta,
467 2222 496 2244 ut
516 2225 566 2252 ego
582 2217 747 2245 Viudobona:
761 2216 819 2253 ipse
838 2216 905 2252 vidi,

120 2257 150 2288 et
163 2251 416 2288 accurateproinde
439 2251 587 2288 respondet
608 2253 651 2284 iis,
662 2260 722 2288 quae
744 2251 777 2280 in'
796 2251 906 2288 praelato

120 2285 228 2312 Monac.
243 2285 262 2312 f.
289 2286 341 2313 M9
355 2295 380 2313 a.
404 2301 416 2306 -
432 2285 656 2314 450’oecurrunt.
672 2285 784 2315 Initium
796 2285 906 2316 'utrobi-

119 2328 176 2354 que
194 2329 200 2346 :
224 2321 272 2357 Τίς
288 2321 414 2357 ὂλωςηυι
441 2328 539 2357 supra;
561 2322 621 2348 linis
645 2331 652 2349 :
678 2322 734 2357 Τὴν
750 2323 841 2357 κοινὴν
860 2332 908 2350 τα-

121 2356 292 2389 μιευομὲνων
313 2355 479 2381 συνέλευσιν.
501 2356 633 2383 Caeterum
657 2355 760 2384 textum
788 2355 848 2385 libri
868 2357 908 2385 De

118 2388 236 2425 Spiritus
251 2391 281 2416 S.
300 2391 472 2425 myslagogia,
489 2390 515 2417 in
536 2391 569 2417 iis
583 2390 713 2418 Caesarem
740 2392 908 2420 bibliotheca:

119 2424 261 2451 codicibus
270 2425 316 2459 qui
330 2426 405 2460 juxta
415 2425 550 2460 catalogus
562 2426 614 2452 bne
628 2426 763 2460 pertinere
775 2428 908 2454 videban-

119 2463 179 2497 tur,
194 2466 247 2485 non
262 2460 363 2497 reperi;
374 2461 494 2497 quinque
508 2461 677 2497 solummodo
687 2467 825 2497 segmenta
836 2463 907 2489 inter

117 2494 196 2520 varia
206 2500 333 2528 excerpta
346 2495 374 2520 in
385 2496 490 2521 duobus
503 2503 567 2523 mss.
576 2495 633 2528 (Gr.
646 2494 731 2523 theolf
741 2496 793 2524 249
806 2502 833 2524 et
844 2497 906 2530 524)

118 2533 220 2555 nactus
231 2537 429 2565 istunyaaqne
466 2530 634 2562 brevissima,
666 2538 727 2565 qua:
758 2531 814 2558 suis
842 2532 907 2558 locis

117 2565 213 2626 Lcippp.
230 2564 256 2595 5,
274 2564 301 2595 6,
318 2564 363 2597 61,
379 2565 423 2597 68,
439 2564 482 2599 95)
500 2565 528 2590 in
546 2565 596 2592 hac
609 2564 729 2593 editione
748 2572 814 2593 sunt
827 2567 906 2593 adbi-

162 2607 188 2625 ίι.

139 2601 188 2625 ita.

156 2634 214 2668 (2t)
231 2633 272 2660 Cf.
299 2642 326 2660 ν.
351 2642 377 2669 g.
408 2634 557 2662 Morellium
589 2635 659 2662 Bibl.
682 2643 748 2663 mss.
770 2635 867 2662 Venet.
885 2636 907 2669 I,

116 2676 149 2704 ρ.
164 2668 202 2705 95
216 2669 324 2705 decod.
339 2668 548 2705 Μαι-91³1107167,
561 2674 588 2697 et
603 2670 697 2705 infra§
713 2672 740 2702 6,
757 2675 814 2698 not.
831 2671 858 2698 5.

157 2704 215 2735 (22)
230 2703 330 2739 Divisio
341 2704 461 2739 capitum
475 2704 579 2731 Monac.
591 2703 695 2732 codicis
705 2705 739 2732 ab
752 2706 794 2732 illa
805 2706 906 2737 differt,

116 2746 183 2774 quin
196 2739 223 2765 in
242 2738 313 2770 aliis,
328 2744 354 2767 et
372 2738 533 2766 nominatim
548 2740 575 2765 in
598 2740 657 2767 cod.
673 2740 781 2767 Colum.
803 2748 818 2767 a
839 2740 908 2767 Maio

116 2773 254 2804 adhibito,
275 2775 426 2808 reperitur;
445 2775 510 2801 dum
534 2774 579 2801 ille
601 2782 686 2809 usque
699 2776 732 2802 ad
746 2783 808 2802 eum
824 2796 831 2807 ,
854 2782 908 2809 quo

118 2808 344 2870 ﬁciirptizloeum
364 2809 472 2836 nonnisi
484 2809 517 2837 55
532 2810 619 2844 capita
634 2808 770 2844 numerat,
783 2811 834 2838 iste
850 2808 907 2846 jam

139 2852 156 2870 a
178 2851 193 2869 c
257 2861 266 2869 .

115 2845 206 2873 habet
222 2845 266 2870 45.

958 2217 1030 2254 quod
1047 2217 1197 2254 severiores
1209 2217 1376 2254 gra_u_ml_atici
1390 2225 1531 2254 removere
1546 2219 1643 2246 solent.
1665 2217 1743 2252 Quod

957 2251 1062 2288 spectat
1074 2251 1107 2278 ad
1124 2258 1217 2278 vocem
1234 2251 1292 2288 ubi;
1307 2252 1367 2288 (pro
1386 2252 1465 2287 υἰος),
1481 2260 1513 2280 ea
1525 2261 1575 2280 vox
1589 2251 1744 2282 sexcenties

957 2286 1015 2324 fere
1027 2287 1233 2324 bic_occurreus_
1243 2286 1400 2324 abbreviate
1415 2286 1542 2324 primitus
1554 2288 1634 2315 nobis
1642 2289 1743 2324 scripta

958 2323 1056 2355 fuerat,
1074 2321 1179 2355 isteque
1193 2321 1287 2347 calami
1300 2321 1398 2348 ductus
1414 2322 1518 2349 facilior
1529 2330 1560 2349 ex
1576 2331 1640 2349 mss.
1657 2329 1685 2350 et
1696 2321 1743 2351 ve-

958 2358 1102 2384 tustiorum
1119 2356 1253 2392 librorunr
1259 2355 1380 2392 lectione
1391 2355 1531 2384 familiaris
1541 2358 1742 2392 quodammodo

958 2393 1070 2419 etfcctus
1084 2395 1125 2418 est
1138 2395 1166 2418 et
1180 2390 1294 2417 consilio
1307 2394 1429 2418 retentus
1440 2411 1448 2423 ,
1462 2399 1496 2418 ne
1520 2390 1559 2418 in_
1569 2393 1741 2421 emendando

958 2426 1104 2460 exemplari
1136 2425 1305 2460 perturbatio
1334 2431 1488 2460 augeretur.
1505 2426 1580 2454 Licet
1611 2435 1675 2454 vero
1691 2430 1741 2456 iste

958 2461 1094 2489 scribendi
1105 2461 1202 2488 modus
1210 2460 1244 2486 ab
1252 2461 1465 2488 accuratioribus
1474 2462 1639 2490 editiouibus
1649 2471 1732 2492 aman

957 2497 1038 2524 datus
1060 2496 1150 2528 fuerit,
1175 2500 1265 2522 tamen
1287 2495 1417 2529 exemplis
1439 2504 1494 2522 non
1511 2502 1585 2524 caret
1610 2498 1638 2524 in
1664 2499 1741 2527 libris

958 2531 1157 2568 szeeulpjetianr
1168 2530 1413 2568 nostrosyulgatis.
1429 2530 1508 2564 (Vide
1532 2531 1618 2568 Scotti
1631 2533 1740 2568 Amplu‘.

958 2566 1117 2603 loc/nptiae
1134 2564 1246 2599 Neapoli
1263 2564 1331 2591 18M
1347 2572 1374 2599 p.
1393 2565 1451 2603 5_et
1465 2567 1590 2603 paSsim.)

993 2601 1050 2636 (25')
1061 2600 1109 2628 His
1123 2604 1283 2636 argumenta
1298 2600 1448 2634 praesertim
1463 2600 1496 2628 ex
1511 2600 1617 2630 ratione
1633 2603 1738 2631 theolo-

958 2634 1017 2672 gica
1029 2636 1171 2672 desilmpta
1182 2638 1244 2672 apte
1256 2634 1416 2672 plerumque
1430 2636 1644 2672 distinguuntur.

995 2671 1050 2707 (‘26)
1066 2669 1213 2707 Excipiunt
1225 2669 1320 2707 i_n_hoc
1341 2670 1435 2697 codice
1454 2669 1541 2699 Photii
1558 2673 1655 2699 librum
1678 2674 1738 2707 epi—

959 2703 1033 2732 stola:
1042 2703 1168 2738 ejusdem
1183 2704 1215 2740 ad
1229 2703 1367 2740 Nicolaum
1383 2713 1480 2740 papam
1491 2727 1497 2738 ,
1513 2707 1546 2734 ad
1565 2703 1738 2735 meouomirm

959 2740 1136 2777 gmipchenae
1154 2739 1280 2777 Ecclesiae
1285 2739 1497 2777 ,jad_Bulgaria:
1516 2742 1664 2777 principem
1676 2762 1683 2774 ,
1703 2743 1738 2769 ad

959 2775 1073 2801 Bardam
1099 2775 1180 2805 (iam.
1195 2774 1229 2801 ad
1248 2773 1407 2802 Michaelem
1418 2773 1474 2808 ἸΙΙ,
1496 2773 1523 2803 ei
1548 2777 1581 2803 ad
1603 2773 1737 2805 'ltasilium

958 2810 1132 2836 Macedonem
1148 2809 1213 2844 imp.
1227 2810 1264 2846 (ρ.
1279 2810 1493 2846 517έ410),ηυω
1503 2819 1598 2838 omnes
1612 2812 1668 2846 jam
1682 2813 1738 2839 vul-

958 2848 1026 2879 gata:
1041 2847 1105 2871 sunt
1120 2849 1218 2879 parum
1235 2845 1268 2872 ab
1283 2845 1413 2872 Autbimo
1429 2845 1584 2880 llbemuie.,
1603 2845 1703 2882 partim
1721 2855 1738 2874 a
