1940 3081
202 128 252 160 271
772 129 902 160 ΡΠΟΤΙῙ
923 129 1020 159 PATR

1025 128 1177 158 timens:
1197 129 1249 159 cr.
1774 133 1816 165 272

201 184 299 218 gaudio
316 192 358 211 me
373 184 481 218 affecit;
498 191 617 212 mcerorc
634 185 755 220 quidem,
771 185 843 220 quod
860 189 912 211 tam
929 192 991 212 sero
1007 186 1027 213 Λ
1044 183 1122 210 nobis
1145 184 1320 211 transmissos
1344 183 1401 219 (28)
1428 185 1652 220 complectentem
1666 194 1673 219 ;
1700 188 1816 215 asterisco

201 232 286 258 codex
311 232 362 258 istc
393 236 519 266 repertus
559 237 601 259 est
620 253 627 264 ,
663 232 760 268 gaudio
793 239 880 262 vero.
919 231 989 266 quod

201 277 311 304 tandem
355 282 490 311 repertus.
522 277 620 307 Illico.
647 277 773 311 quamvis
811 285 893 312 quem
927 282 991 304 tunc

199 330 285 349 unum
301 329 394 357 rogare
407 322 483 357 potui
497 323 584 350 virum
599 323 741 355 eximium,
763 327 820 349 tum
835 322 989 350 communis

198 368 294 402 patrire
316 372 372 394 tum
405 368 531 395 amicitia:
555 376 630 403 pune
652 368 771 395 vinculis
796 367 865 394 mihi
893 367 989 394 intime

197 414 415 448 junctum,‘jam
435 414 601 449 importunis
627 415 696 441 meis
723 413 989 448 interpellationibus

197 462 264 487 satis
278 460 455 495 defatigatum
476 461 599 488 ulteriori
622 460 745 488 molestia
763 459 871 487 allicere
892 459 989 486 formi-

196 506 300 537 darem,
318 507 439 540 potiores
456 510 545 532 tamen
560 506 641 540 hujus
659 505 721 532 libri
737 505 875 532 variantes
890 503 989 531 lectio-

197 560 247 579 nes
266 551 546 587 colligendascensui.
560 552 659 586 quibus
668 551 801 578 nonnulla
814 549 988 577 emendariet

196 597 324 624 illustrari
339 605 418 631 posse
434 604 490 623 non
507 597 644 624 immerito
656 596 792 631 iudicavi;
810 596 926 629 ideoque
940 595 988 621 de-

196 643 296 670 siderio
316 643 442 669 timorem
458 648 615 677 superante,
628 647 658 669 ut
672 647 700 670 et
716 642 768 669 hoc
782 641 849 668 mihi
865 645 986 675 prmstet,

195 688 268 715 nulla
284 688 427 722 intcrjeeta
443 696 519 714 mora
534 689 567 715 ab
581 689 670 715 amico
690 687 826 724 ﬂagitavi.
854 686 910 714 Nec
929 686 987 713 fru-

195 739 270 760 stra:
289 742 350 760 mox
363 734 460 760 annuit
476 734 520 761 ille
543 741 592 768 pro
607 734 708 768 insigni
726 741 776 760 sua
793 734 820 760 in
841 740 884 759 me
902 732 988 759 bene-

195 780 334 809 volentia;
350 780 387 807 ita
407 787 462 806 non
484 780 544 806 sine
563 779 653 806 fructu
672 784 799 814 quartum
819 779 893 807 hunc
909 777 986 805 codi-

193 833 266 855 cem,
282 830 416 860 quantum
437 829 548 860 tempus
572 833 604 851 ac
624 833 668 852 res
689 825 756 859 ipsa:
781 823 983 859 permittebant,

193 872 325 899 adbibere
341 872 431 899 adlmc
452 872 539 899 licuit.
564 871 648 899 Porro
665 871 858 899 Columnensis
879 871 983 903 codex,

194 923 223 946 nt
234 919 288 953 jam
302 918 386 945 Maius
397 918 568 948 obServarat,
577 917 717 952 exemplar
727 916 885 951 suppeditat
895 923 985 942 emcn-

194 963 365 990 dalissimum
379 970 386 994 ;
402 962 527 997 pluribus
543 962 569 988 in
587 962 654 988 locis
672 969 733 988 cum
758 961 914 988 Monacensi
933 968 984 987 no-

194 1013 251 1035 stro
264 1008 378 1034 omnino
402 1007 570 1038 concm'dat,
593 1006 713 1039 saepius,
740 1006 785 1032 ubi
801 1006 890 1032 varias
913 1005 984 1031 inter

194 1053 328 1080 lectiones
341 1052 496 1087 eligendum
514 1052 594 1079 nobis
612 1057 688 1082 erat.
711 1051 855 1078 lectionem
870 1059 885 1077 a
903 1050 984 1077 nobis

192 1099 348 1133 adoptatam
360 1098 512 1130 confirmat,
528 1098 555 1124 in
566 1097 627 1124 aliis
641 1104 705 1124 vero
720 1097 799 1129 locis,
811 1095 899 1130 iisque
914 1103 983 1130 pau—

193 1145 330 1174 cioribus.
357 1144 436 1171 nobis
466 1143 629 1178 refragatur.
657 1143 754 1170 Plures
776 1149 842 1169 sane
859 1142 983 1177 ejusdem

195 1191 325 1218 lectiones
339 1191 481 1224 amplexus
495 1197 585 1217 essem
601 1209 608 1220 .
636 1189 659 1216 si
687 1189 754 1216 mihi
780 1193 861 1215 antea
883 1192 983 1222 praesto

193 1236 319 1262 fuissent.
341 1235 442 1262 Verum
468 1235 533 1261 dum
555 1234 587 1261 iis
602 1235 740 1265 carebam.
760 1234 844 1260 nimia
867 1233 983 1261 fortasse

192 1281 330 1307 anxietate
345 1281 456 1310 ductus.
474 1280 600 1315 religioni
622 1280 689 1307 mihi
704 1280 839 1307 ducebam
851 1299 859 1311 ,
887 1284 982 1306 contra

193 1334 258 1353 mss.
271 1326 476 1357 auctoritatem,
495 1326 585 1361 prouti
604 1331 670 1353 tunc
686 1327 825 1361 explorata
840 1330 907 1358 erat,
922 1326 983 1352 sine

193 1379 277 1398 causa
315 1370 475 1406 gravissima
513 1371 658 1397 immutare
682 1375 803 1403 textum;
831 1378 882 1397 nec
899 1377 981 1397 causa

193 1416 258 1442 satis
270 1416 359 1450 gravis
380 1415 448 1442 mihi
468 1415 612 1442 videbatur
628 1415 711 1442 dictio
736 1415 828 1442 minus
844 1415 982 1442 interdum

192 1461 327 1488 concinna
343 1465 425 1495 atque
445 1461 527 1488 etiam
544 1462 781 1495 grammaticorum
801 1460 980 1495 quarumdam

192 1506 280 1540 legum
295 1506 438 1541 neglectio,
453 1514 513 1541 quae
527 1506 605 1533 facile
617 1507 643 1532 in
657 1507 819 1541 posterioris
828 1506 981 1534 Graecitatis

191 1557 341 1583 auctorem,
355 1559 473 1586 eumque
487 1551 549 1578 licet
571 1551 796 1582 eruditissimum.
811 1556 901 1579 tamen
920 1559 979 1579 ser-

191 1597 280 1623 monis
296 1596 438 1631 elegantia:
457 1604 488 1623 ac
505 1596 615 1630 puritati
632 1596 705 1623 haud
720 1604 886 1632 magnopere
905 1597 982 1624 dedi-

191 1647 258 1672 tum.
276 1642 368 1668 imoin
385 1643 530 1670 scribendo
550 1643 625 1677 justo
640 1642 869 1678 negligentiorem
884 1647 928 1674 ct,
951 1647 981 1670 ut

191 1688 248 1720 ipse
275 1687 377 1714 indicat
398 1687 517 1721 (Pr-:efat.
550 1687 577 1714 in
609 1688 774 1722 Amphiloch.
809 1687 910 1720 Qum“.
934 1689 978 1715 ed.

189 1733 274 1760 E‘aotli
291 1740 353 1768 pag.
366 1733 392 1766 3)
407 1754 414 1765 ,
436 1733 507 1766 λέξει
522 1733 722 1769 ἐξειργασμένῃ
748 1733 930 1766 καλλωπίζειν
945 1733 980 1760 τὰ

189 1778 366 1812 συντάγματα
394 1779 504 1813 penitus
522 1784 697 1814 respuentem
710 1799 718 1810 .
739 1779 837 1806 cadere
866 1780 980 1806 omnino

188 1827 346 1857 potuerunt.
360 1822 438 1849 Nunc
451 1827 543 1850 autem
561 1823 702 1850 nonnullis
724 1823 842 1855 fllonac.,
865 1824 938 1850 sicut
950 1828 980 1851 et

188 1869 285 1902 l’alat.,
299 1870 462 1897 lectionibus
475 1877 576 1897 novum
596 1870 677 1897 robur
689 1878 722 1897 ex
739 1871 845 1898 Colum.
862 1870 976 1902 accedit,

187 1914 314 1941 duriores
328 1915 453 1949 quzedam
478 1916 593 1950 phrases
614 1923 750 1950 vocesque
775 1916 953 1944 emolliuntur
968 1936 977 1948 ,

188 1960 326 1987 interdum
341 1961 480 1988 etelarius
496 1960 585 1988 Photii
606 1969 683 1988 mens
698 1962 823 1997 patescit.
843 1962 897 1990 Sed
920 1963 978 1990 haec

186 2005 296 2031 nonnisi
309 2012 394 2038 pauca
415 2005 477 2032 libri
496 2006 552 2033 loca
569 2006 700 2033 alliciunt.
718 2007 777 2034 Jam
801 2015 883 2039 vero.
903 2007 977 2042 quod

188 2058 272 2076 mium
286 2050 375 2077 adhuc
393 2057 524 2085 praslare
540 2053 689 2086 potuimus,
720 2053 865 2086 praestitori
897 2053 977 2079 abso-

187 2096 249 2121 luta:
261 2102 292 2121 ac
304 2095 431 2129 perfecta:
447 2096 503 2130 jam
525 2097 616 2131 operis
628 2096 741 2123 editioni
756 2097 920 2123 variantium
937 2097 976 2123 le~

186 2141 309 2167 ctionum
325 2141 478 2176 catalogum
502 2143 686 2176 prmmrsimus
711 2142 766 2177 (27)
779 2163 786 2174 ,
806 2147 904 2177 prieter
917 2151 974 2174 eas,

184 2195 244 2220 qua:
257 2187 311 2221 jam
328 2196 359 2213 ev
377 2187 448 2214 Maio
461 2188 606 2223 descriptae
624 2188 751 2219 fuerant,
783 2187 897 2222 illasque
913 2196 974 2222 qua:
987 2193 1014 2222 Ι)

184 2234 215 2259 ad
228 2234 287 2260 libri
302 2234 382 2260 linem
406 2234 564 2261 referuntur
580 2241 712 2269 quasque,
733 2238 762 2260 ut
783 2234 874 2261 statim
895 2241 974 2260 accc-

184 2279 283 2313 pimns,
301 2280 336 2306 ita
356 2280 389 2307 ad
412 2281 499 2314 ipsum
529 2284 630 2307 textum
657 2279 853 2309 adhibuimus.
878 2287 974 2306 onmcs

1000 854 1021 880 Β

184 2347 217 2374 lt.
235 2347 412 2374 Montacutio.
428 2346 484 2374 lloc
500 2347 594 2374 codice
608 2356 674 2374 usus
688 2352 730 2374 est
750 2346 832 2374 Card.
845 2347 931 2374 Maius
946 2348 972 2374 in

183 2383 296 2408 edendis
309 2382 414 2409 Leontii
425 2383 563 2416 Byzantini
577 2383 685 2416 scriptis
695 2382 742 2415 (cf.
756 2381 881 2416 Spicileg.
896 2382 970 2409 Ποηι.

184 2422 202 2443 t.
223 2417 255 2446 Χ,
281 2417 360 2444 I’rrcf.
382 2426 409 2452 p.
435 2426 460 2448 γ,
481 2423 508 2444 et
524 2422 580 2443 unt.
597 2418 629 2443 ad
653 2426 678 2452 p.
696 2417 776 2450 151);
791 2417 972 2452 etﬂThcodori

184 2453 364 2485 Mopsuestcni
383 2450 558 2486 'ifi-agmcntis
583 2450 666 2487 (Nova
686 2452 751 2480 Coll.
772 2457 791 2478 t.
819 2450 867 2484 Vl,
891 2453 971 2479 Prcel'.

183 2494 210 2520 p.
224 2492 331 2522 xxuuct
348 2496 373 2521 p.
390 2488 463 2522 298).

219 2521 274 2554 (“2.7)
291 2521 349 2548 Jam
368 2530 442 2548 nunc
457 2523 522 2549 istas
537 2521 675 2549 variantes
685 2522 818 2549 lectiones
832 2521 971 2555 proprium

182 2555 214 2583 ad
229 2557 318 2583 locum
334 2558 506 2590 reponendas
522 2558 689 2584 curavimus.
704 2557 792 2591 (Eutr.
812 2560 889 2590 nov.)

218 2592 276 2624 (28)
291 2592 351 2623 Quo
364 2599 406 2617 res
423 2593 541 2619 celerius
556 2600 587 2619 ac
602 2593 726 2619 securius
739 2593 825 2623 ﬁeret,
842 2591 904 2617 folia
914 2591 971 2625 jam

183 2627 253 2662 typis
269 2628 400 2662 impressa
413 2626 527 2653 Romam
540 2627 675 2658 misimus,
690 2632 718 2654 et
731 2628 769 2654 sic
782 2631 908 2653 accurata
923 2635 971 2661 po-

183 2661 235 2689 tuit
247 2661 355 2688 collatio
370 2661 485 2688 institui.

217 2698 274 2732 (29)
303 2697 408 2724 Revera
432 2696 562 2724 Ottobon.
583 2698 668 2724 codex
687 2697 722 2724 ‘27
736 2697 856 2725 chartae.
874 2697 900 2724 in
922 2697 969 2724 fol.

182 2733 278 2759 eadem
298 2732 402 2759 ratione
424 2736 454 2758 ut
471 2731 575 2758 Monac.
601 2733 756 2766 suppeditat
772 2733 838 2760 Acta
863 2732 969 2759 concilii

181 2767 269 2794 octavi
282 2768 313 2801 (f.
327 2768 379 2794 2'28
391 2768 461 2801 seq.)
475 2771 502 2794 et
515 2767 609 2802 synodi
624 2767 763 2794 Pbotianre
774 2775 798 2794 a.
812 2767 863 2794 879
875 2767 906 2801 (f.
918 2767 969 2802 517

181 2801 264 2836 seq.);
280 2802 416 2836 deinde(f.
432 2803 483 2829 585
496 2801 629 2837 ιὶγεῃιιεηι
643 2802 820 2836 inscriptione
833 2807 861 2829 et
872 2801 970 2829 iisdem

181 2837 272 2865 verbis
288 2838 322 2865 H
335 2837 379 2864 illa
396 2841 556 2868 argumenta
571 2845 604 2864 ex
619 2838 754 2865 encvclica
770 2845 814 2869 ep.
824 2837 968 2871 desumpta

1042 233 1132 255 autem
1151 237 1197 256 eas
1210 230 1341 257 lectiones
1355 231 1510 258 notavimus
1522 251 1530 262 .
1546 239 1606 266 qua:
1629 232 1655 258 in
1670 236 1769 259 textum
1782 241 1817 259 rc-

1041 275 1173 310 cipien‘lm
1199 275 1371 303 videbantur.
1398 276 1493 309 Quoad
1514 284 1558 304 res
1579 281 1660 312 atque
1681 280 1817 307 sententias

1041 324 1135 346 notato
1149 319 1231 354 digna
1247 328 1301 347 non
1312 325 1471 353 occurrunt.
1490 321 1512 348 si
1529 322 1636 348 titulum
1648 323 1816 358 excipiasjam

1041 373 1123 401 supra
1148 366 1208 401 (ᾓῦ)
1232 367 1398 402 descriptum
1416 373 1444 396 et
1465 368 1632 396 mentionem
1654 370 1757 402 morbi,
1772 378 1817 405 quo

1041 419 1070 439 se
1083 412 1222 439 detentum
1245 413 1310 440 dicit
1325 418 1421 440 auctor
1440 415 1511 448 (cap.
1529 415 1574 444 96.
1596 419 1654 442 not.
1676 415 1724 451 5);
1748 424 1818 443 exor-

1040 458 1113 484 dium
1131 458 1210 492 plane
1233 458 1304 485 idcm
1322 464 1363 486 est
1387 465 1416 486 ut
1437 460 1465 486 in
1486 460 1547 487 aliis
1570 461 1709 488 codicibus
1722 482 1729 493 ,
1756 462 1816 489 idem

1039 510 1146 537 quoque
1159 503 1220 530 finis
1233 512 1239 535 ;
1257 511 1346 538 neque
1360 505 1475 538 reperiri
1490 505 1628 540 quidpiam
1648 507 1745 541 potuit.
1755 508 1816 542 quod

1040 555 1083 574 res
1098 547 1176 574 Betim
1193 548 1326 583 episcopi.
1340 549 1383 576 cui
1398 549 1449 577 hoc
1463 550 1489 576 in
1499 550 1591 577 codice
1603 551 1671 578 liber
1681 552 1817 587 inscriptus

1039 596 1091 625 est,
1107 593 1203 620 melius
1218 601 1250 620 ac
1265 594 1414 628 perfectius
1432 595 1618 623 adumbraret.
1642 596 1705 624 llaec
1722 599 1817 632 potiora

1039 642 1112 670 sunt,
1128 646 1188 673 quae
1206 638 1239 665 de
1255 638 1315 666 Col.
1337 639 1431 667 codice
1447 640 1494 667 diu
1519 642 1652 675 requisito
1668 647 1696 669 et
1717 643 1816 670 tandem

1038 683 1072 711 ab
1089 684 1178 711 amico
1194 692 1270 719 seque
1286 685 1367 712 docto
1386 693 1418 712 ac
1438 686 1563 713 modesto
1584 687 1700 715 feliciter
1719 688 1817 716 detecto

1038 729 1278 756 animadvertenda
1296 730 1393 757 habeo.
1405 730 1498 766 Neque
1515 732 1559 759 hic
1570 733 1646 759 stetit
1660 734 1758 768 egregii
1772 735 1816 761 viri

1037 773 1124 806 labor,
1139 774 1185 801 sed
1198 782 1245 802 sua
1262 781 1359 810 sponte
1388 777 1439 803 alia
1454 777 1534 812 hujus
1551 778 1642 812 operis
1660 787 1726 806 mss.
1755 780 1818 807 invc-

1037 818 1096 846 nire
1107 825 1243 855 satagens,
1256 825 1283 848 et
1296 820 1427 849 Ottobon.
1442 822 1502 849 cod.
1520 831 1548 849 n.
1564 823 1599 850 27
1609 829 1704 851 nactus
1717 826 1817 860 est.qui

1036 868 1126 891 tamen
1143 865 1207 892 nulli
1228 866 1346 901 amplius
1365 867 1426 893 usui
1444 873 1520 900 erat;
1537 876 1600 895 nam
1616 870 1742 897 eumdem
1763 878 1817 898 om-

1035 911 1102 937 nino
1118 915 1209 946 typum
1227 920 1282 946 prae
1295 920 1324 939 se
1337 912 1390 939 fert
1404 921 1436 940 ac
1450 913 1621 941 Monacensis
1630 920 1724 943 noster
1738 921 1764 944 ct
1776 925 1819 944 ve-

1035 955 1083 982 luti
1103 963 1249 989 germanus
1266 959 1391 992 ejusdem
1414 958 1500 986 frater
1524 960 1667 988 habendus
1691 967 1733 990 est
1755 963 1816 997 (‘29).

1034 1001 1169 1029 Czeterum
1181 1002 1315 1038 insignem
1329 1012 1387 1031 eam
1405 1004 1606 1037 liberalitatem,
1618 1014 1670 1042 qua
1689 1007 1818 1036 Vaticana:

1034 1047 1209 1075 bibliotheca:
1233 1049 1354 1076 thesauri
1376 1050 1562 1078 Romanorum
1587 1052 1747 1086 pontificum
1772 1051 1838 1081 im-'

1033 1101 1117 1128 pensa
1135 1102 1199 1121 cura
1212 1095 1319 1122 collecti
1333 1100 1360 1122 et
1380 1096 1539 1131 locupletati
1571 1097 1685 1125 eruditis
1699 1098 1754 1133 jam
1769 1100 1817 1127 du-

1034 1140 1098 1167 dum
1110 1141 1209 1175 aperiri
1222 1142 1357 1174 solebant,
1374 1149 1425 1177 ego
1441 1143 1508 1169 satis
1519 1143 1682 1178 abundeque
1693 1152 1754 1171 sum
1771 1153 1818 1172 ex-

1034 1189 1142 1218 pertus,
1166 1193 1281 1220 eamque
1298 1190 1374 1221 grata
1400 1191 1492 1214 mente
1514 1187 1622 1220 recolo;
1640 1189 1734 1216 multis
1762 1198 1817 1217 eam

1034 1230 1179 1263 praeconiis
1207 1231 1399 1259 celebrandam
1414 1237 1551 1267 putarem,
1566 1234 1618 1261 nisi
1634 1234 1694 1262 orbi
1706 1243 1738 1262 ca
1750 1241 1819 1263 cssrt

1034 1275 1175 1302 notissima
1186 1280 1214 1303 et
1225 1277 1304 1304 laude
1317 1278 1412 1312 quavis
1427 1279 1507 1314 longe
1517 1280 1650 1314 superior.

1069 1319 1126 1347 Vll.
1145 1321 1206 1348 Jam
1231 1322 1299 1350 ratio
1322 1323 1402 1350 nobis
1422 1324 1560 1352 reddenda
1575 1329 1618 1352 est
1640 1325 1674 1353 de
1699 1325 1742 1358 iis,
1761 1335 1819 1362 qtae

1034 1365 1061 1392 in
1075 1367 1147 1394 notis
1158 1366 1248 1394 Photii
1266 1368 1336 1395 libro
1358 1368 1449 1396 addita
1470 1369 1556 1397 fuere.
1573 1370 1601 1398 In
1622 1371 1717 1406 primis
1728 1371 1821 1399 sedulo

1034 1412 1190 1440 notavimus
1207 1408 1437 1452 variasvejusde’m
1456 1421 1549 1450 partes
1576 1417 1658 1445 modo
1683 1418 1821 1446 breviores

1034 1454 1116 1482 modo
1131 1455 1280 1490 longiores,
1305 1465 1366 1492 quze
1388 1459 1460 1493 apud
1477 1459 1544 1486 alios
1563 1460 1750 1496 allegabamur
1773 1471 1822 1489 au—

1033 1503 1140 1533 ctores;
1159 1502 1258 1530 deinde
1278 1507 1306 1530 ct
1325 1503 1403 1538 plura
1419 1504 1620 1539 subjunximus.
1646 1514 1706 1541 quas
1731 1506 1820 1535 Photii

1034 1545 1124 1573 verbis
1135 1551 1163 1574 et
1176 1549 1321 1576 sententiis
1329 1549 1499 1578 illustrandis
1509 1551 1566 1578 visa
1577 1557 1642 1579 sunt
1649 1558 1819 1588 opportuna;

1031 1591 1181 1624 praesertim
1197 1599 1273 1625 vero,
1291 1601 1351 1628 quae
1365 1593 1431 1621 alibi
1448 1594 1507 1629 ipse
1521 1595 1547 1622 in
1562 1596 1686 1624 eamdem
1707 1602 1820 1625 senten-

1034 1636 1096 1662 tiam
1123 1637 1272 1672 disputavit
1291 1647 1406 1674 quzeque
1428 1648 1461 1668 ex
1483 1641 1535 1668 hoc
1562 1641 1632 1669 libro
1653 1644 1822 1678 posteriores

1031 1680 1188 1709 Graecorum
1207 1684 1445 1721 schismaticoru_m
1464 1686 1582 1722 theologi
1597 1688 1820 1723 desumpserunt.

1031 1726 1138 1754 Etenim
1152 1730 1280 1762 quamvis
1297 1730 1355 1757 haec
1370 1730 1460 1758 Photii
1476 1732 1633 1760 dissertatio
1651 1734 1687 1760 nil
1701 1734 1757 1762 fere
1773 1744 1823 1762 no-

1031 1782 1094 1801 vum
1115 1782 1166 1802 nec
1176 1775 1240 1803 alibi
1267 1776 1370 1804 dictum
1394 1778 1545 1809 contineat.
1572 1787 1652 1807 suum
1679 1786 1769 1808 tamen
1787 1782 1823 1809 de

1031 1822 1207 1855 processiouc
1241 1822 1359 1858 Spiritus
1395 1825 1481 1852 sancti
1509 1825 1639 1860 placitum
1659 1827 1734 1854 nullo
1766 1828 1824 1854 alio

1030 1874 1112 1901 opere
1141 1875 1172 1894 ea
1205 1868 1345 1897 dialectica
1374 1870 1553 1903 dexteritate,
1581 1879 1613 1899 ea
1638 1873 1822 1907 expositionis

1031 1913 1155 1940 ubertate
1182 1914 1360 1942 corroborare
1383 1924 1415 1943 ac
1431 1916 1538 1944 munire
1553 1917 1628 1944 visus
1642 1922 1692 1948 est.
1711 1918 1822 1952 qualem

1030 1965 1098 1991 opus
1122 1963 1245 1986 nostrum
1269 1960 1406 1992 ostendit,
1437 1961 1510 1995 quod
1542 1961 1604 1989 ideo
1633 1963 1703 1989 inter
1726 1963 1822 1990 Omnia

1029 2004 1153 2038 ejusdem
1171 2005 1278 2039 generis
1298 2005 1431 2033 Photiana
1451 2007 1581 2041 opuscula
1599 2009 1749 2043 principem
1767 2008 1823 2036 sibi

1029 2050 1149 2078 vindicat
1169 2050 1270 2089 locum.
1289 2051 1472 2084 Quamobrem
1488 2053 1583 2080 lectori
1608 2061 1663 2080 non
1681 2054 1825 2090 ingratum

1028 2101 1106 2130 puto.
1121 2097 1193 2130 quod
1210 2097 1235 2124 in
1250 2098 1323 2125 notis
1340 2099 1375 2125 ob
1386 2098 1481 2126 oculos
1496 2107 1600 2133 ponere
1616 2104 1731 2127 conatus
1744 2108 1824 2131 sum,

1028 2149 1088 2176 quae.
1105 2141 1132 2168 in
1148 2142 1209 2169 aliis
1224 2142 1381 2177 hujusmodi
1398 2143 1487 2170 Pbotii
1507 2144 1584 2171 libris
1597 2151 1718 2171 consona
1739 2152 1827 2181 repe-

1029 2187 1150 2218 riantur,
1166 2195 1220 2221 quo
1237 2194 1316 2222 pacto
1349 2188 1412 2215 alibi
1440 2193 1567 2216 versutus
1593 2189 1638 2216 ille
1662 2189 1826 2216 schismatis

1029 2242 1128 2268 pareas
1143 2234 1238 2260 eadem
1261 2239 1421 2270 argumenta
1437 2235 1580 2267 evolverit,
1592 2235 1691 2269 quibus
1712 2242 1743 2261 ea
1765 2235 1826 2261 for-

1027 2280 1080 2306 mis
1100 2287 1149 2314 pro
1176 2279 1275 2314 ingenii
1299 2280 1466 2307 fecunditate
1487 2280 1656 2313 investierit,
1672 2289 1744 2308 novo
1760 2281 1825 2308 fcrc

1026 2348 1162 2382 (vide§2.
1177 2353 1205 2374 et
1227 2347 1239 2381 ᾗ
1260 2348 1286 2379 ιι,
1309 2352 1367 2375 not.
1391 2347 1420 2380 2)
1439 2348 1570 2379 exhibet;
1593 2348 1689 2374 eodem
1713 2348 1826 2382 pariter

1025 2388 1105 2418 pacto
1119 2383 1149 2414 (f.
1163 2383 1226 2416 587)
1243 2390 1305 2418 eum
1321 2383 1412 2409 verbis
1424 2383 1491 2409 illis:
1510 2383 1562 2408 Τοῦ
1585 2382 1669 2409 αὐτοῦ
1685 2384 1750 2418 περὶ
1766 2384 1825 2417 τῆς

1024 2417 1071 2444 ἑοῦ
1096 2417 1174 2450 ἁγίου
1198 2417 1359 2452 [Ινεύματος
1385 2417 1580 2452 μυσταγωγίας
1601 2426 1628 2443 κ.
1649 2425 1673 2444 τ.
1698 2417 1723 2443 λ.
1746 2425 1826 2451 opus

1024 2457 1148 2479 nostrum
1164 2452 1322 2484 introducit,
1334 2452 1406 2486 quod
1423 2457 1449 2479 et
1465 2453 1510 2479 hic
1524 2452 1649 2478 mutilum
1667 2453 1825 2487 reperitur.

1024 2492 1051 2514 et
1063 2488 1173 2522 quidem
1187 2487 1206 2514 f.
1220 2487 1307 2514 401a.
1324 2487 1357 2513 ad
1370 2487 1494 2514 eamdem
1506 2487 1665 2522 particulam
1678 2488 1702 2512 εἰ
1712 2487 1827 2514 desinit

1024 2523 1097 2555 (vide
1111 2530 1186 2556 supr.
1204 2522 1258 2557 §2,
1275 2526 1331 2548 not.
1354 2522 1400 2557 5);
1424 2523 1547 2556 quinimo
1573 2522 1704 2549 lectiones
1730 2522 1826 2549 habet

1023 2557 1081 2584 fere
1093 2565 1189 2584 omnes
1207 2557 1364 2584 Monacensi
1390 2557 1551 2592 peculiares,
1569 2564 1603 2583 ne
1628 2557 1734 2584 mendis
1753 2557 1826 2591 qui-

1023 2593 1084 2619 dem
1098 2592 1256 2626 scriptionis
1271 2592 1401 2626 exceptis.
1417 2591 1464 2618 Sic
1477 2599 1502 2619 c.
1518 2592 1544 2623 1,
1563 2600 1590 2626 p.
1606 2591 1624 2619 5
1640 2592 1707 2627 (not.
1721 2591 1761 2626 1),
1776 2592 1826 2618 le-
1855 2619 1859 2623 ,

1022 2627 1111 2662 gitur:
1132 2627 1320 2662 Πολιστὶχοις;
1350 2627 1415 2654 ibid.
1439 2627 1478 2662 (n.
1496 2627 1539 2688 42:
1562 2628 1723 2661 γενήσεται;
1745 2633 1773 2652 c.

1022 2670 1049 2688 ι).
1064 2663 1080 2688 4
1097 2664 1136 2688 (n.
1150 2662 1177 2688 ’51
1192 2669 1199 2688 :
1215 2663 1291 2688 τίς...
1308 2662 1436 2688 ἓτεοοε...
1453 2664 1493 2688 (n.
1527 2661 1554 2688 l:
1573 2663 1589 2688 ἠ
1605 2661 1715 2687 ἑκουσία
1731 2665 1760 2687 et
1777 2669 1825 2688 stc

1021 2661 1080 2696 13.4
1097 2664 1136 2696 (n.
1150 2662 1199 2697 5),:
1215 2663 1291 2692 τίς...
1308 2662 1436 2696 ἕτερος...
1453 2664 1493 2695 (n.
1508 2661 1554 2697 4):
1573 2663 1589 2696 ὴ
1605 2661 1716 2697 exausta
1731 2665 1760 2687 et
1777 2662 1827 2688 sic

1022 2695 1212 2731 deinceps.'l)e
1225 2701 1305 2724 (etate
1319 2695 1422 2724 codicis
1440 2697 1505 2724 mihi
1524 2695 1653 2731 Scriptum
1681 2695 1732 2722 fuit
1750 2703 1827 2722 eum

1021 2732 1054 2759 ad
1073 2739 1135 2759 srec.
1155 2739 1199 2762 xv.
1225 2733 1265 2758 vel
1282 2731 1371 2766 potius
1404 2739 1448 2759 xvi
1482 2737 1634 2767 pertinere;
1650 2731 1682 2767 ad
1714 2731 1827 2758 cadent

1022 2772 1143 2801 tempora
1159 2771 1265 2801 spectat
1295 2766 1487 2794 Monacensis'
1504 2767 1600 2794 Omnia
1620 2766 1724 2800 optime
1742 2773 1826 2799 qua-

1021 2802 1117 2833 drant;
1136 2802 1169 2828 ad
1189 2810 1273 2828 unum
1286 2802 1364 2837 plane
1378 2802 1480 2830 fontem
1498 2802 1667 2829 reducuntur
1689 2805 1747 2827 tum
1765 2801 1829 2828 Οι-

1021 2836 1114 2864 tobon.
1134 2840 1189 2863 tum
1204 2837 1383 2864 Monacensis.
