1940 3081
100 181 154 211 273

397 178 446 209 DE
467 179 497 209 S.
518 178 697 209 SPIRITUS
714 178 899 208 MYSTAGOl

961 202 967 208 .
985 191 1019 196 --
1032 179 1061 208 J.
1084 178 1200 208 llERG.
1218 179 1422 212 ΡΙΗΞΡΑΤΙΟ,

1679 175 1732 208 274

101 243 211 269 semper
224 234 304 261 mtqu
320 233 414 261 eadem
428 234 507 268 plane
524 233 665 261 inculcans
684 241 715 260 ac
729 241 785 260 sum
801 233 890 269 gentis
907 240 927 266 Α
942 234 1129 262 additamcuto
1156 235 1236 262 tribui
1263 235 1373 269 poterit.
1394 235 1498 262 Toxlus
1522 243 1587 262 vero
1611 235 1732 270 prtcdieti

98 281 285 316 sophistarum
299 285 372 307 artes
386 280 507 314 undique
524 279 653 307 excoleus
664 284 692 306 ct
707 279 887 314 profundens.

70 349 73 351 .
97 327 183 354 l’orro
192 326 326 361 ejusmodi
336 325 714 360 comparationiinserviunt:
728 325 755 359 l)
767 325 890 360 ejusdem

99 374 133 401 ad
161 373 282 400 Orientis
300 372 430 407 praesules
447 372 563 402 celebris
582 372 627 399 illa
649 371 799 406 encyclica,
812 370 891 405 cujus

97 420 154 456 jam
168 419 338 447 mentionem
352 418 468 446 fecimus
485 417 521 453 (ἐξ
531 418 560 449 2.
570 418 598 452 Δ)
616 425 731 452 quaeque
749 425 798 452 pro
814 421 892 452 parte

99 466 196 492 saltem
210 466 263 492 huc
277 468 418 499 spectante
431 464 458 490 in
472 464 533 491 aliis
547 463 691 491 codicibus
706 463 782 498 operi
797 467 892 490 nostro

100 511 248 546 praefigitur
274 515 316 545 (ut
341 510 368 537 in
389 510 494 538 Monac.
516 515 544 537 ct
568 509 662 538 Ottob.
683 510 754 543 cit.),
779 509 806 536 in
832 509 892 536 aliis

100 558 254 592 subjicitur,
267 557 340 584 unde
357 561 384 584 et
397 557 465 584 liber
485 561 580 583 noster
592 556 671 590 λόγος
688 559 711 582 α’
734 554 893 582 inscribitur

101 602 199 635 (Vatic.
213 603 259 630 cit.
278 602 358 629 Allat.
374 611 400 630 c.
414 601 533 637 Hotting.
552 609 579 636 p.
601 601 678 633 I96);
692 600 790 627 deinde
809 600 837 632 2)
853 599 893 626 al-

102 653 158 675 tc-ra
174 648 207 675 ad
222 647 424 682 Aquileiensem
441 646 591 674 antistitem
606 645 730 681 epistola.
745 652 758 671 a
777 644 893 671 Baronio

101 695 145 724 (ad
173 702 199 720 ε.
217 694 280 728 885)
307 693 413 724 Latine,
441 700 455 718 a
474 691 638 719 Combcﬁsio
654 695 680 718 et
705 691 738 718 ab
763 690 894 717 Anthimo

101 739 301 767 Ithemnicensi
317 739 373 773 (50)
387 737 480 765 Graece
492 737 564 765 edita
574 746 581 770 ;
591 745 622 764 ac
635 737 753 770 denique
770 736 797 770 3')
812 735 894 762 breve

101 785 168 811 illud
197 783 370 818 opusculum,
388 783 459 818 quod
484 783 646 818 Euthymius
671 782 824 817 Zigahcnus
844 780 895 807 sub

102 829 191 856 l’hotii
208 822 318 856 nomine
340 828 477 862 Pauoplia:
503 836 559 855 sua:
580 828 621 855 tit.
646 828 679 855 15
696 827 810 854 inseruit
827 827 893 862 (EH).

101 875 224 901 timaram
251 874 333 909 hujus
359 873 499 908 Panoplia:
520 873 668 900 editionem
685 880 758 900 anno
774 873 842 900 1710
868 873 895 900 ἰη

944 280 1006 307 cod.
1023 280 1151 312 Cmsarci,
1168 289 1230 307 cunt
1244 289 1298 315 quo
1314 281 1382 308 alter
1404 281 1526 316 ejusdem
1549 281 1733 313 bibliotltccre.

944 324 991 352 Gr.
1009 326 1110 360 philos.
1137 325 1191 353 258
1213 326 1388 361 (Lambcccio
1416 327 1460 362 45)
1482 328 1641 360 concordat,
1662 330 1733 363 apud

945 370 1122 406 Euthymium
1144 371 1227 398 etiam
1250 377 1354 407 prostat
1370 373 1457 406 (brevi
1474 379 1588 408 excepta
1605 382 1734 408 paragra-

946 416 1012 451 pho)
1030 425 1092 444 cum
1106 418 1201 444 eodem
1215 417 1306 445 Photii
1321 418 1412 446 libello
1425 420 1598 454 conjunctus.
1613 420 1659 446 sed
1677 425 1736 447 tan-

946 469 1027 496 quam
1044 463 1204 496 desumptus
1219 471 1252 490 ex
1276 463 1329 490 alio
1354 463 1467 490 omnino
1493 469 1620 495 auctore;
1645 465 1736 498 ibique

947 507 974 534 in
996 506 1182 542 line(p.120)
1213 508 1299 535 Alexii
1325 508 1499 544 imperatoris
1523 517 1584 536 cum
1608 509 1735 535 Μιείῑυιειι

946 553 1025 580 nensi
1047 553 1169 580 antistite
1195 553 1361 588 disputantis
1385 555 1458 589 (ἓως.
1487 558 1534 588 xn)
1563 555 1592 581 fit
1622 556 1734 582 mentio.

947 598 1029 629 Sane.
1047 598 1086 625 uti
1104 603 1207 630 exstat,
1231 604 1330 626 neuter
1351 603 1443 627 textus
1460 599 1492 627 ad
1512 599 1599 627 Photii
1617 605 1735 634 tempora

947 644 1087 680 pertingit,
1104 652 1155 672 nec
1173 645 1233 672 sine
1261 645 1369 672 ratione
1391 649 1479 672 totum
1497 646 1631 677 libellum,
1646 647 1691 680 qui
1711 646 1736 672 iu

949 698 1014 718 mss.
1039 691 1201 726 plerumque
1221 700 1235 718 a
1251 692 1341 718 Photii
1357 692 1487 727 operibus
1503 693 1644 727 sejnnetus
1661 700 1737 719 eom-

947 741 1035 771 paret,
1052 742 1079 764 ct
1096 738 1171 770 alibi,
1195 738 1277 765 etiam
1292 738 1381 772 quoad
1403 739 1522 773 priorem
1546 743 1660 772 partem,
1687 739 1738 765 sub

948 784 1050 811 Nicolai
1068 783 1255 811 Methonensis
1276 785 1388 812 nomine
1404 785 1494 819 prodit
1516 785 1584 819 (55),
1601 785 1738 819 epitonien

948 835 976 857 et
992 830 1120 865 synopsin
1145 837 1177 857 ex
1196 830 1285 857 Photii
1314 830 1545 865 disputationibus
1573 830 1688 857 hirtasse
1706 832 1739 857 ah

950 875 1046 902 eodem
1072 874 1184 903 Nicolao
1211 875 1380 902 elaboratam
1406 875 1524 903 diceres.
1544 874 1638 910 quue
1663 875 1739 902 Wal—

103 921 244 948 Walacbia
261 920 435 956 publicatam,
452 928 512 954 qum
529 928 581 947 una
594 921 667 947 hunc
677 920 786 948 titulum
801 925 897 948 contra
914 921 934 948 Β
949 922 1042 949 chimn
1066 927 1095 949 et
1117 921 1271 949 Fabricium
1299 925 1395 948 contra
1420 921 1550 948 Allatium
1567 920 1738 948 authentiam

103 967 216 994 Latinos
242 967 334 994 Graece
359 966 470 994 exhibet
487 967 555 1001 (δί),
576 966 621 994 diu
638 966 739 994 frustra
754 967 895 1001 qttmsitant

103 1013 213 1040 tandem
238 1012 408 1039 Viudobonre
433 1012 538 1046 inspexi
554 1017 656 1039 etcum
686 1012 824 1044 nonnullis
838 1013 896 1039 (Ζω-

102 1067 189 1086 same
214 1058 386 1086 bibliotheca:
403 1065 484 1093 ,mss.
505 1058 618 1085 contuli.
635 1058 662 1085 Id
680 1058 707 1085 in
726 1058 820 1093 primis
836 1059 897 1085 ani-

105 1106 250 1137 n-advcrti,
272 1113 328 1132 non
344 1110 449 1133 temere
464 1105 593 1132 Allatium
611 1105 693 1139 hujus
707 1105 831 1140 opusculi
848 1113 898 1131 au-

104 1149 237 1176 thentiam
255 1154 409 1184 suspectam
430 1150 576 1182 habuisse,
602 1149 733 1184 illudque,
754 1149 776 1176 si
803 1158 897 1177 revera

105 1194 195 1222 l'holii
214 1195 267 1227 sit,
300 1195 395 1222 saltem
423 1195 618 1229 interpolatum
643 1202 704 1221 esse
729 1194 897 1228 habendum,

106 1241 182 1267 nullo
199 1248 265 1268 vero
293 1245 374 1275 pacto
392 1241 444 1268 hoc
477 1241 604 1276 jejunum
622 1244 649 1267 et
674 1241 743 1268 exile
766 1240 897 1275 scriptum

104 1294 167 1313 cum
184 1294 267 1321 opere
280 1286 319 1313 De
328 1286 443 1321 Spiritus
457 1287 542 1313 sancti
556 1286 720 1321 mystagogia
729 1293 810 1320 posse
820 1294 898 1313 com-

106 1332 209 1366 parari.
227 1332 314 1367 llujus
339 1332 494 1360 brevissimi
511 1336 644 1359 tractatus
665 1336 768 1359 textum
786 1331 898 1358 editioni

107 1385 175 1404 nocte
193 1378 412 1413 subjungendum
429 1386 489 1406 esse
509 1383 585 1406 ratus
599 1385 671 1410 sum,
688 1382 744 1404 tum
768 1377 832 1412 quia
844 1384 898 1404 non

108 1423 145 1450 ita
161 1423 242 1450 facile
255 1425 388 1457 occurrit,
406 1429 462 1451 tum
477 1425 543 1460 quia
558 1424 645 1451 lector
658 1431 706 1458 per
720 1430 750 1450 se
761 1423 796 1450 de
811 1430 844 1450 eo
856 1423 899 1458 ju-

107 1469 209 1496 dicium
222 1469 293 1497 ferre
312 1470 489 1498 desiderabit.
510 1470 546 1497 De
567 1478 621 1505 quo
633 1469 767 1504 opusculo
783 1477 900 1504 prtemo-

108 1514 200 1541 ncntla
214 1515 271 1542 haze
280 1515 418 1542 existimo.
430 1516 508 1542 Prior
518 1524 582 1550 pars
594 1516 629 1550 (c.
644 1515 783 1549 i-8),qu.e
793 1515 899 1542 facilius

109 1560 273 1594 patriarcha:
285 1566 378 1588 nostro
388 1561 519 1589 vindicari
535 1566 634 1596 pote-t.
643 1561 738 1588 eodem
753 1560 809 1587 fere
821 1565 900 1595 pacto

109 1606 208 1639 legitur
232 1607 303 1640 apud
327 1607 352 1634 J.
370 1607 496 1637 Beccum.
512 1607 558 1642 qui
572 1607 672 1634 sateulo
686 1615 745 1640 xm,
764 1607 816 1634 hoc
832 1614 901 1642 opu-
913 1599 935 1630 C

109 1652 216 1679 sculum
232 1652 319 1680 Photii
336 1653 447 1680 nomine
472 1654 630 1688 insignitum
648 1654 826 1681 refellendum
848 1654 900 1681 sibi

110 1699 228 1733 sumpsit
249 1698 333 1733 (Orat.
348 1699 379 1725 de
395 1707 439 1726 un.
465 1697 539 1725 Eccl.
563 1699 609 1725 Gr.
626 1699 726 1726 art/md.
744 1707 773 1731 It,
789 1706 816 1733 p.
836 1698 901 1725 151-

110 1744 185 1778 179),
202 1745 274 1779 apud
290 1744 465 1780 Euthymium
477 1745 533 1779 (op.
550 1745 598 1772 cit.
614 1745 655 1772 tit.
672 1748 706 1778 ιγ’
722 1753 748 1779 p.
766 1745 818 1780 ριβ¹
831 1744 901 1780 seq.)

109 1790 179 1817 etin
196 1791 258 1818 cod.
275 1790 430 1817 Vindobou.
454 1790 553 1817 Theol.
581 1790 628 1817 Gr.
655 1790 699 1820 40.
726 1791 781 1824 155)
808 1798 836 1817 n.
856 1790 901 1821 65,

110 1837 130 1862 f.
150 1836 211 1867 158,
231 1835 293 1867 159,
321 1835 367 1862 ubi
392 1836 495 1870 pariter
515 1836 612 1862 Photio
637 1836 792 1862 ascribitur.
808 1835 902 1868 Quoad

109 1881 226 1908 alteram
243 1889 309 1908 vero
324 1886 430 1916 partem
448 1882 474 1914 (a
490 1889 550 1915 cap.
563 1881 579 1908 9
595 1885 694 1908 nostra:
709 1881 788 1915 edit.)
803 1881 903 1908 citatus

110 1926 230 1954 Yindob.
243 1927 329 1954 codex
345 1927 379 1955 ab
389 1927 525 1963 Euthymii
541 1931 616 1954 textu
629 1926 686 1961 (54)
698 1926 778 1961 plane
794 1926 902 1958 differt;

109 1973 248 2008 posterior
263 1978 354 2000 tamen
370 1982 431 2000 cum
448 1973 525 2001 Becci
542 1972 750 2008 allegationibus
774 1972 904 2007 praeclare

110 2019 260 2051 consentit,
275 2023 356 2054 atque
368 2019 464 2046 eodem
479 2018 560 2045 modo
573 2018 672 2054 legitur
681 2018 710 2044 in
723 2018 782 2044 cod.
795 2017 903 2045 Monac.

110 2066 159 2093 Gr.
177 2066 222 2099 66,
239 2066 259 2093 f.
286 2066 330 2098 81,
348 2066 392 2093 82.
413 2066 441 2093 in
454 2066 539 2093 altera
554 2065 665 2101 synopsi
680 2069 904 2100 argumentorum

111 2112 200 2139 Photii
214 2119 230 2139 a
249 2111 360 2139 Nicolao
374 2112 544 2139 Metltonensi
569 2111 651 2139 facta.
676 2111 780 2143 Quodsi
801 2111 829 2137 in
853 2111 906 2138 hoc

112 2158 250 2193 Futhymii
271 2163 346 2185 textu
360 2166 450 2185 sermo
468 2163 510 2185 est
530 2158 564 2184 de
585 2157 681 2192 Sergio
695 2158 756 2192 jun.
784 2157 901 2192 patriar-

112 2205 176 2237 cha,
195 2204 241 2239 qui
256 2209 318 2239 post
329 2204 456 2231 l‘hotium
471 2203 573 2237 ﬂoruit,
594 2204 619 2230 id
643 2203 803 2238 posterioris
818 2203 906 2230 (ΞΓωεὶ

149 2293 208 2325 (50)
228 2293 350 2319 Anthimi
367 2293 447 2325 hujus
458 2292 547 2327 Τόμον
557 2292 651 2326 Χαρᾶς
662 2299 734 2318 anno
750 2291 819 2318 1705
830 2291 906 2317 evul-

113 2334 220 2363 gatum,
237 2336 292 2362 quo
308 2333 335 2354 et
351 2328 385 2354 cl.
401 2328 482 2361 Jager
495 2326 561 2354 usus
571 2332 623 2360 est,
641 2327 763 2363 nondum
781 2326 906 2363 invenire

115 2360 209 2397 potui;
229 2360 256 2389 in
275 2363 318 2393 iis.
339 2371 408 2397 quas
427 2363 479 2389 huc
494 2370 580 2397 usque
598 2361 669 2393 adii,
695 2360 849 2388 Germania:
865 2361 906 2388 bi-

115 2398 262 2425 bliothecis
275 2405 329 2424 non
344 2402 442 2424 exstat.

153 2434 211 2468 (51)
231 2433 447 2460 Titulusibidem
461 2437 504 2459 est
515 2441 522 2458 :
532 2432 635 2458 Φωτίου
650 2431 821 2468 τξατξριάρχου
834 2430 905 2468 κατὰ

114 2466 171 2494 τῶξι
183 2468 233 2502 τῆς
250 2468 365 2498 παλαιᾶς
386 2468 506 2500 Ῥώμης,
519 2467 560 2492 ὅτι
578 2467 610 2492 ἐκ
625 2466 673 2492 τοῦ
695 2466 802 2502 “ergo;
824 2466 905 2499 μόνον

115 2500 298 2537 ἐκπορέύεται
313 2503 345 2528 τὸ
374 2502 486 2536 Πνεῦμα
509 2502 540 2528 τὸ
553 2501 640 2535 ἄτιον,
669 2500 727 2537 ἀλλξ
740 2501 802 2537 οὺχ).
815 2501 863 2537 xei.
873 2501 906 2527 ἐκ

114 2538 165 2564 τοῦ
183 2535 258 2564 Ῠίοὖ.
276 2537 377 2564 Eodem
397 2535 476 2564 modo
494 2537 594 2563 (-itatur
604 2537 675 2571 apud
688 2535 815 2562 Allatiutn
828 2536 906 2571 Sym-

109 2573 194 2599 -Iuict.
214 2581 244 2604 II,
260 2580 287 2607 p.
300 2573 361 2600 M9.
376 2573 485 2599 Initium
503 2581 510 2599 :
526 2572 556 2598 Ei
569 2571 671 2598 ἁπλοῦν
683 2571 732 2605 μὲν
742 2571 771 2607 τὺ
784 2571 903 2606 πνεῦμα.

116 2607 161 2634 (2f.
183 2606 336 2634 Fabricium
353 2608 370 2634 l.
392 2616 416 2634 c.
443 2613 462 2635 t.
485 2607 533 2639 XI,
559 2616 586 2640 p.
617 2607 661 2636 25.
678 2607 722 2633 ed.
747 2606 831 2637 ||arl.,
860 2606 906 2632 ubi

116 2643 198 2677 plura
212 2643 281 2670 scitu
297 2643 377 2677 digna
392 2647 531 2670 notantur.
548 2642 678 2675 Quaedam
699 2649 764 2669 mss.
780 2641 905 2676 opusculi

118 2682 300 2706 recensentur
315 2677 380 2705 ibid.
395 2686 422 2710 p.
439 2679 484 2709 ‘29,
499 2682 562 2705 nota
576 2686 613 2704 cc.

154 2713 212 2747 (52)
232 2713 333 2746 Quodsi
348 2713 433 2740 editio
449 2713 586 2747 Panoplite
597 2720 661 2740 cura
677 2710 792 2738 Mattlitei
809 2711 906 2746 Lipsia:

117 2756 147 2774 a.
174 2748 245 2775 179-2
264 2747 399 2783 pulJicata
425 2749 523 2775 alicubi
555 2751 801 2783 commemoratur,
830 2754 906 2783 error

118 2783 235 2810 subesse
247 2781 354 2810 videtur
368 2783 430 2810 inde
442 2785 588 2818 profectus.
603 2782 676 2817 quod
685 2781 905 2818 Gommentarius

119 2818 150 2845 in
176 2824 293 2852 quatuor
319 2817 464 2852 Evangelia
491 2826 523 2844 eo
537 2826 610 2844 anno
638 2826 669 2844 ac
684 2817 743 2844 loco
761 2817 795 2843 ab
809 2817 903 2843 eodem

120 2853 265 2887 evulgatus
285 2861 351 2888 Qui»
371 2853 416 2880 illo
430 2853 582 2888 dogmatico
609 2860 691 2887 opere
709 2852 903 2888 confundatur.

120 2881 214 2923 Neque
232 2881 432 2924 diliﬁtissizni
449 2881 595 2923 scriptorcs
620 2881 709 2922 neque
730 2886 848 2914 chicun
864 2887 904 2914 bi~

948 968 1071 1003 opusculi
1085 968 1246 995 defensuros
1259 967 1344 995 fuisse
1357 967 1470 994 credere
1484 967 1587 999 licebit,
1605 967 1626 994 si
1639 967 1737 994 librum

948 1013 987 1040 Dc
1001 1013 1102 1047 Spiritu
1111 1017 1202 1039 sancto
1215 1021 1289 1040 nunc
1298 1012 1416 1047 primum
1430 1012 1533 1039 editum
1548 1011 1737 1046 perlegisscnt,

948 1059 1027 1093 cujus
1039 1058 1164 1094 synopsis
1177 1058 1333 1093 etcpitome
1346 1058 1372 1085 in
1391 1058 1444 1085 hoc
1464 1057 1648 1093 Euthymiano
1669 1065 1739 1091 opu-

949 1105 1025 1131 sculo
1048 1104 1226 1138 conspicitur.
1247 1105 1376 1131 Attamen
1394 1111 1450 1131 non
1473 1104 1582 1139 penitus
1605 1111 1741 1138 repugna-

949 1148 1046 1179 verint,
1060 1148 1082 1176 si
1096 1148 1158 1183 quis
1173 1149 1245 1175 hunc
1265 1148 1398 1180 libellum,
1414 1153 1495 1183 prout
1509 1156 1570 1175 cmn
1591 1149 1668 1183 juxta
1684 1149 1739 1175 Eu-

950 1195 1082 1230 thymium
1098 1195 1128 1221 l5
1138 1195 1265 1230 capitulis
1277 1196 1437 1224 distinctum
1449 1203 1559 1223 rursum
1570 1196 1740 1230 publicamus

950 1242 988 1275 (ρ.
1013 1240 1157 1275 115-117),
1189 1241 1309 1275 potiusa
1324 1242 1461 1276 sequioris
1486 1243 1536 1269 teri
1563 1242 1673 1268 homine
1694 1242 1739 1268 illa

949 1287 1128 1321 paragrapho,
1149 1294 1210 1321 quae
1229 1287 1262 1313 de
1278 1286 1373 1321 Sergio
1384 1287 1449 1322 agit.
1465 1287 1672 1322 locupletatum,
1684 1295 1738 1314 non

951 1339 1016 1358 vero
1028 1331 1139 1366 penitus
1157 1332 1258 1358 celebri
1273 1332 1437 1366 patriarcha:
1449 1332 1664 1366 abjudicandum
1673 1341 1739 1360 cen-

950 1377 1048 1404 suerit.
1062 1377 1161 1404 l’botio
1175 1377 1249 1404 enim
1266 1378 1342 1405 illum
1363 1378 1537 1406 tribuendum
1551 1386 1612 1405 esse
1626 1378 1740 1405 suadere

951 1428 1085 1458 possunt:
1116 1423 1149 1458 1)
1175 1423 1254 1451 Becci
1292 1429 1375 1459 atque
1405 1424 1543 1459 Euthymii
1575 1424 1740 1456 auctoritas,

953 1474 1009 1497 tum
1023 1470 1051 1505 ‘2)
1074 1474 1138 1497 nota
1152 1470 1242 1497 Photii
1255 1470 1283 1497 in
1298 1471 1349 1498 hac
1365 1471 1479 1498 materia
1494 1470 1740 1505 varicexpolienda

952 1516 1083 1544 sedulitas
1095 1516 1208 1552 ejusque
1224 1524 1294 1548 mos,
1305 1516 1387 1544 modo
1396 1517 1507 1544 brevius
1520 1517 1601 1543 modo
1613 1517 1742 1544 enuclea-

953 1562 1007 1589 tius
1019 1563 1114 1590 eadem
1127 1563 1295 1597 proferendi,
1309 1566 1366 1590 tum
1379 1564 1406 1597 5)
1422 1563 1604 1598 plurimortun
1617 1563 1741 1589 codicum

954 1608 1107 1643 inscriptio.
1135 1608 1234 1643 quibus
1261 1609 1279 1635 ii
1307 1609 1457 1644 praevalere
1483 1609 1527 1635 vix
1548 1614 1671 1644 possunt,
1698 1609 1743 1642 qui

956 1654 1057 1681 Nicolai
1075 1653 1265 1682 Methoncnsis
1284 1663 1385 1682 nomen
1398 1655 1424 1682 in
1441 1655 1530 1682 fronte
1542 1659 1659 1690 gestant,
1676 1663 1745 1689 prze-

954 1700 1050 1727 sertim
1065 1708 1127 1726 cum
1140 1708 1202 1732 qure
1218 1700 1363 1728 manifeste
1372 1705 1436 1728 sunt
1449 1700 1548 1733 Photii,
1567 1701 1593 1727 in
1606 1701 1745 1727 nonnullis

954 1753 1021 1772 mss.
1033 1745 1099 1773 huic
1112 1745 1225 1773 Nicolao
1237 1745 1413 1773 ascribantur
1429 1745 1502 1781 (36);
1523 1746 1622 1781 quibus
1636 1751 1663 1773 et
1679 1747 1745 1773 alias

955 1791 1075 1818 rationes
1089 1791 1231 1826 suffragari
1243 1799 1297 1818 non
1312 1791 1417 1826 ignoro.
1431 1791 1518 1818 Sedin
1531 1791 1676 1825 przescntia
1692 1792 1744 1817 mei

954 1836 1071 1863 instituti
1097 1844 1152 1863 non
1168 1841 1221 1868 est,
1240 1836 1291 1863 ista
1311 1836 1452 1863 dirimere.
1476 1835 1516 1862 llic
1532 1840 1624 1862 autem
1646 1835 1745 1862 merito

955 1884 1028 1909 hunc
1042 1883 1162 1909 libellum
1179 1883 1265 1909 multo
1286 1881 1402 1909 minoris
1414 1881 1522 1914 fecisse,
1535 1889 1616 1916 quam
1644 1881 1744 1908 librum

955 1927 993 1954 De
1007 1927 1122 1961 Spiritus
1131 1928 1216 1954 sancti
1225 1927 1404 1962 mystagogia,
1414 1926 1522 1954 collatio
1535 1916 1745 1956 velbrcvissima

957 1973 1104 2008 unicuique
1114 1973 1214 2009 legenti
1228 1973 1382 2008 patefaciet.
1569 1996 1572 2000 .

993 2018 1059 2046 Vill.
1085 2019 1264 2054 Adjunximus
1286 2024 1418 2054 praatcrca
1442 2020 1468 2047 in
1498 2019 1580 2052 notis,
1611 2023 1744 2054 quantum

956 2066 1074 2101 spatium
1102 2065 1276 2100 permittebat
1299 2073 1331 2092 ac
1362 2065 1423 2092 linis
1452 2065 1532 2093 nobis
1560 2066 1744 2100 pr.cstitutus.

959 2107 1073 2146 potiora,
1086 2119 1147 2146 qua:
1159 2111 1325 2146 posteriores
1336 2111 1425 2138 Photii
1438 2111 1550 2138 asscclw
1563 2119 1596 2138 ex
1612 2111 1682 2138 libro
1699 2118 1749 2137 uo-

957 2163 1014 2186 stro
1027 2158 1148 2185 hausisse
1162 2157 1300 2190 videntur,
1315 2166 1369 2192 quo
1383 2157 1490 2184 facilius
1509 2157 1629 2192 ejusdem
1647 2157 1673 2183 in
1691 2157 1748 2183 illo-
1773 2182 1782 2185 _

959 2211 1017 2230 rum
1032 2203 1166 2238 theologia
1190 2203 1297 2238 pondus
1315 2202 1490 2238 pretiumque
1511 2201 1634 2237 dignosci
1655 2207 1746 2236 queat.

959 2293 1174 2329 bliographicum
1187 2291 1444 2329 llolfmannianum,
1469 2288 1603 2329 l.ips:_ed.

959 2323 1031 2364 quod
1051 2323 1072 2355 ιζ
1084 2328 1104 2360 l,
1131 2336 1159 2362 p.
1183 2327 1303 2364 25079.52
1320 2327 1491 2364 amplissime
1505 2323 1596 2364 edita.
1612 2323 1746 2358 Elllitylnll

958 2358 1042 2398 opera
1065 2358 1202 2394 recenset,
1220 2362 1354 2398 ejusmodi
1367 2358 1515 2395 'Panoplia:
1533 2358 1682 2386 editionem
1699 2366 1748 2386 h0-

959 2402 1033 2425 runt.

995 2433 1051 2468 (55)
1070 2432 1232 2468 Lambeccio
1247 2437 1290 2460 est
1302 2432 1398 2468 codex
1420 2430 1464 2458 97.
1485 2430 1525 2457 Cf.
1556 2428 1625 2455 Bibl.
1643 2428 1745 2456 Ctesar.

959 2473 979 2495 t.
993 2468 1038 2500 lll,
1059 2476 1086 2502 p.
1098 2468 1161 2500 599,
1177 2467 1229 2495 400
1244 2468 1288 2495 ed.
1302 2467 1422 2503 Kollar._
1514 2499 1520 2503 _
1537 2499 1542 2503 _
1575 2499 1599 2503 Η

994 2499 1338 2538 ι51)”Ευ11ιγηιὶἱοοι11(;υε,
1355 2502 1400 2535 qui
1418 2501 1444 2538 io
1465 2499 1560 2538 multis
1575 2499 1748 2538 bibliothecis

959 2535 1083 2573 prostant
1105 2535 1206 2568 (vatio.
1228 2538 1307 2565 codd.
1324 2538 1386 2568 (567,
1410 2536 1481 2573 7668,»
1497 2536 1533 2573 a|_.
1553 2535 1746 2573 ap»._l"abri_r.),

958 2569 1071 2605 itullam,
1101 2577 1233 2608 quantum
1255 2572 1322 2605 scio,
1340 2572 1436 2599 hocin
1463 2571 1543 2597 titulo
1565 2569 1748 2598 differentiam

957 2609 1098 2636 exhibent.

995 2644 1050 2678 (55)
1071 2644 1140 2671 Cod.
1162 2643 1293 2670 Laurent.
1319 2641 1363 2674 12,
1386 2642 1455 2676 plut.
1484 2642 1511 2672 9.
1542 2649 1570 2668 n.
1589 2643 1616 2669 5.
1642 2639 1747 2667 Bandin

957 2678 1078 2714 Catalog.
1093 2687 1120 2713 p.
1136 2678 1197 2710 406,
1208 2678 1277 2714 Δ407.

996 2710 1173 2749 (56Πιῐεοι1,
1195 2712 1311 2740 Vindob.
1331 2711 1482 2749 (ΖΕ-111091.
1505 2711 1571 2749 ᾆεῗὶ,
1586 2712 1604 2737 f.
1632 2711 1645 2737 1
1667 2710 1746 2749 verba

959 2745 1091 2777 ex‘l'b'otii
1105 2757 1149 2783 ep.
1163 2748 1181 2774 2
1201 2748 1359 2776 tribuuntur
1377 2747 1488 2783 Nicolao
1511 2745 1692 2783 bit-tlioucusi,
1718 2750 1748 2783 ut

959 2785 1035 2816 alias,
1054 2785 1076 2810 si
1090 2780 1159 2811 bene
1181 2784 1306 2815 memini,
1322 2783 1349 2810 in
1370 2783 1432 2811 cod.
1458 2782 1574 2809 Vimiob.
1601 2781 1645 2811 47,
1663 2788 1692 2806 n.
1719 2780 1746 2816 ἀ,

958 2820 977 2846 f.
993 2820 1046 2847 “.572
1059 2819 1171 2847 Nicolao
1184 2819 1336 2846 Cabasillte.
1361 2819 1420 2845 Alia
1436 2817 1558 2851 exempla
1575 2816 1660 2842 habes
1675 2815 1748 2850 apud

959 2855 1112 2883 Fabricium
1125 2863 1173 2884 seu
1183 2855 1274 2890 potius
1287 2852 1622 2887 llarlessitun,l.c.p.:1‘.),
1641 2856 1698 2878 uot.
1709 2858 1750 2878 cr.
