1940 3081
117 139 172 172 ΞΠ

451 144 482 175 S.
503 144 679 175 SPIRITUS
697 141 950 175 MYSTAGOGIA.
972 154 1008 160 -
1022 143 1050 173 .ῐ.
1071 143 1188 173 HERG.
1208 142 1418 173 PRIEFATIO.

1698 142 1751 173 273

115 200 184 226 riori
200 200 361 228 tractatione
383 201 563 238 adhibenda),
583 204 631 232 sed
653 209 681 231 et
701 203 826 237 aliorum,
846 201 908 238 quiv
922 201 986 230 Act
1012 202 1111 229 virium
1147 207 1301 230 nostrarum
1328 202 1488 229 tenuitatem
1517 205 1545 228 et
1577 204 1750 227 communem

115 244 169 272 bus
187 245 349 280 indagandis
373 247 479 279 studeo,
507 248 609 276 inedita
633 249 762 276 nonnulla
778 249 908 284 opuscula

116 291 234 325 publica:
251 291 305 319 luci
322 299 365 319 me
380 292 551 321 redditurum
566 302 657 329 spero.
687 295 791 322 Interea
807 294 908 322 disser-

119 336 229 365 tationis
253 337 366 372 adjectae
392 339 623 373 opportunitatem
646 348 728 367 nemo
750 340 779 367 in
794 340 907 368 dubium

117 382 237 414 vocabit,
246 383 291 417 qui
301 383 535 419 animadverterit,
545 393 696 420 congruum
707 386 820 413 omnino
835 393 906 419 esse,

119 431 150 454 ut
175 436 270 455 eorum
297 430 498 466 theologorum,
524 432 570 466 qui
585 431 676 458 Photii
691 432 760 459 libro
777 432 818 459 usi
831 436 906 465 sunt,

119 478 149 500 ut
167 473 288 509 llugonis
303 474 455 507 Etheriani,
469 475 493 503 J.
510 475 588 504 Becci
610 481 692 511 atque
712 477 743 504 L.
756 477 857 508 Allatii,
874 477 909 504 de

119 519 216 546 eodem
244 528 352 554 quoque
375 521 475 556 jmlicia
503 529 535 549 ac
554 522 751 557 disputationes
778 523 908 557 adjician-

120 570 174 596 tur,
201 569 282 599 atque
305 566 407 600 liquido
432 568 512 594 simul
537 568 706 600 ostendatur,
725 576 778 604 qua
803 569 908 596 ratione

118 611 252 644 ejusmodi
268 613 436 646 argumentis
451 618 479 640 et
497 614 610 648 argutiis
625 615 765 642 catholica:
781 615 909 642 Ecclesia;

118 656 224 683 strenui
255 656 413 684 defensores
439 658 511 685 soliti
540 659 642 686 fuerint
662 667 807 687 occurrere
828 664 908 695 atque

118 701 262 728 obsistere.
282 701 366 729 Nobis
390 710 454 729 vero
480 704 612 738 ejusmodi
643 705 768 731 tractatio
795 705 908 732 ulterius

119 747 181 773 usui
200 747 261 778 erit,
279 747 361 781 idque
378 748 479 781 duplici
506 753 596 783 pacto.
620 749 648 776 ln
674 750 770 784 primis
788 751 860 777 enim
882 755 909 778 et

118 801 182 820 cum
202 793 229 820 iu
245 794 326 820 finem
343 794 480 828 pr:emissa
496 799 548 825 est,
568 803 602 822 ne
626 795 652 822 in
678 796 792 830 pleniori
816 801 908 824 nostra

119 839 154 866 de
179 839 275 866 l‘hotio
300 839 498 872 lucubratione,
513 841 557 868 ubi
574 841 698 868 historici
718 841 809 876 potius
826 850 906 877 quam

119 885 275 920 dogmatmn
299 885 414 912 vindicis
440 890 532 920 partes
548 887 658 921 agendae
673 891 748 918 sunt,
777 887 841 914 huic
856 887 906 914 d0-

117 931 243 966 gmaticm
269 930 412 965 quazstioni
440 931 554 958 aliarum
584 932 904 966 disquisitionumdetri<

118 980 212 1002 mento
223 975 362 1002 immorari
381 975 485 1003 diutius
498 984 642 1011 cogamur;
659 977 757 1004 deinde
772 977 845 1004 viam
862 977 905 1004 illa

117 1021 198 1048 nobis
221 1024 326 1048 sternet
349 1021 562 1048 commodiorem
589 1022 623 1048 ad
647 1022 747 1049 inedita
775 1023 905 1050 nonnulla

116 1066 218 1093 Grzecze
230 1066 358 1093 Ecclesiae
370 1070 557 1097 monumenta,
572 1074 688 1101 quorum
703 1067 825 1101 quaedam
841 1075 905 1094 suc-

115 1112 223 1139 ecssivo
244 1119 293 1146 per
314 1112 408 1139 decem
426 1111 483 1139 fere
499 1111 596 1138 sarcula
621 1111 674 1147 (43)
692 1112 775 1146 hujus
793 1120 905 1140 concer-

115 1157 226 1185 tationis
238 1157 394 1192 progressui
410 1157 540 1192 majorem
557 1156 673 1184 aﬂ‘crent
688 1158 776 1184 lucem
793 1162 820 1184 et
832 1158 905 1185 haud

115 1202 234 1237 ignobile
249 1201 358 1229 Graeciaa
373 1201 463 1229 Allatii
488 1201 646 1229 orthodoxa:
668 1202 816 1229 conficient
838 1210 903 1237 snp-

115 1250 296 1285 plementum,
319 1249 422 1276 nostris
435 1247 581 1283 aliquando
599 1248 684 1281 curis,
703 1249 724 1276 si
739 1257 778 1276 ea).
789 1257 842 1281 non
855 1257 904 1284 pe-

114 1294 191 1322 nitus
219 1293 334 1321 eruditis
354 1292 453 1320 fuerint
478 1293 647 1328 improbata,
682 1298 793 1328 peracto
821 1301 903 1329 quem

114 1340 286 1375 suscepimus
296 1340 399 1372 labore,
413 1339 588 1374 publicanda;
598 1339 707 1374 quibus,
719 1347 779 1374 quae
792 1339 818 1366 in
833 1347 904 1374 pnn-

113 1386 204 1414 sentia
223 1386 361 1421 disputata
373 1385 495 1418 fuerunt,
515 1392 570 1413 non
588 1393 643 1412 uno
662 1385 742 1413 titulo
759 1390 840 1413 erunt
855 1393 905 1421 op-

113 1439 164 1466 por
168 1436 231 1458 tuna
236 1450 244 1458 .

149 1477 185 1504 X.
207 1477 388 1512 Exposuimus
413 1476 530 1504 candide
552 1476 634 1511 huius
650 1476 734 1504 libelli
754 1481 812 1505 tum
836 1485 904 1505 con-

114 1523 206 1550 silium
231 1526 312 1557 atque
342 1529 465 1556 scopum,
494 1525 551 1548 tum
585 1529 690 1553 ansam,
716 1522 848 1557 originem
872 1530 939 1568 acc

114 1568 199 1595 veluti
216 1567 366 1595 historiam.
392 1566 497 1594 Exinde
520 1567 631 1601 patebit,
657 1567 723 1601 quid
744 1567 777 1594 de
806 1568 903 1596 eodem

112 1613 176 1647 jure
203 1612 365 1647 exspectari,
389 1611 454 1646 quid
485 1613 512 1638 in
535 1619 568 1639 eo
596 1612 746 1639 desiderari
767 1617 850 1647 queat
872 1620 904 1641 ac

115 1657 225 1689 debeat,
244 1665 292 1684 cur
311 1657 448 1684 interdum
468 1657 630 1686 sententiam
654 1658 850 1685 mutaverimus
878 1658 906 1685 in

115 1701 279 1728 lectionibus
303 1700 480 1733 stabiliendis,
502 1708 551 1728 cur
573 1708 636 1728 eum
655 1701 830 1735 perfectionis
845 1710 907 1737 gra-

115 1746 182 1773 dum
197 1745 330 1780 attingere
347 1745 417 1772 haud
429 1745 549 1780 potuerit
565 1750 658 1772 nostra
671 1745 764 1778 editio,
779 1753 860 1780 quem
877 1746 906 1773 in

116 1791 188 1818 votis
202 1799 310 1826 semper
326 1791 483 1825 habuimus,
505 1791 569 1819 licet
585 1791 702 1827 ingenue
725 1796 908 1826 agnoscentes

154 1887 278 1922 (ﬂuam
293 1888 454 1916 millesimus
477 1892 640 1915 numeratur
669 1894 767 1919 annus.
786 1896 819 1916 ex
851 1897 905 1923 quo

117 1923 234 1950 Photius
248 1923 280 1949 ad
294 1924 470 1958 Byzantiuam
485 1923 640 1950 cathedram
654 1923 772 1957 primum
794 1929 904 1952 evectus

118 1962 161 1985 est
177 1959 214 1993 (α.
232 1958 283 1986 85⁵1
299 1958 374 1994 juxta
396 1958 611 1987 communiorem
630 1958 846 1994 chronologiam)
876 1964 904 1986 et

959 256 1050 276 rerum
1074 249 1256 276 humanarum
1278 248 1475 280 conditionem,
1495 255 1556 282 qme
1571 247 1615 273 vix
1631 250 1750 278 unquam

958 294 1061 329 primos
1076 294 1209 330 ejusmodi
1225 294 1375 322 studiorum
1393 294 1498 322 fructus
1518 298 1600 326 atque
1623 288 1752 325 ἀπαρχὰς

959 340 1031 367 omni
1058 348 1136 367 ηπεγο
1151 340 1219 367 sinit.
1238 347 1298 367 esse
1323 339 1470 366 immunes.
1493 337 1570 371 Quod
1588 337 1610 364 si
1625 342 1680 363 non
1700 334 1751 361 ob—

959 389 1048 413 stante
1059 386 1185 413 laudabili
1202 385 1348 421 typothetze
1359 385 1448 413 studio
1457 391 1546 419 neque
1561 382 1670 410 assidua
1686 388 1750 408 cura

959 431 1081 465 editoris,
1106 431 1198 459 multis
1211 435 1301 459 tamen
1316 431 1377 458 aliis
1391 430 1509 466 negotiis
1522 428 1646 460 distenti,
1662 435 1677 454 a
1689 427 1751 454 loco

960 477 1140 512 typographia:
1164 477 1273 508 remoti,
1304 476 1442 504 interdum
1473 482 1581 510 quoque
1606 473 1749 502 oculorum

959 522 1120 556 mgritudine
1155 522 1314 553 laborantis,
1347 521 1446 548 menda
1477 519 1637 555 irrepserint
1671 517 1752 544 nobis

960 566 1031 594 haud
1049 567 1201 599 observata,
1220 567 1320 594 eruditi
1336 566 1446 594 lectoris
1462 565 1656 601 indulgentiam
1677 563 1751 598 pari-

961 613 1181 647 tcrimploratam
1198 613 1271 640 volo.
1299 612 1366 639 Eam
1391 611 1498 639 facilius
1522 611 1598 638 dabit
1619 613 1751 644 expertus

959 658 1082 692 quisque,
1099 657 1251 692 praesertim
1269 657 1305 688 ei,
1326 657 1369 684 cui
1389 661 1427 684 tot
1451 656 1649 691 impedimenta
1667 662 1750 689 supe-

961 703 1046 730 randa
1071 708 1160 734 erant,
1182 704 1283 739 quique
1306 703 1401 731 critica
1425 703 1552 738 praesidia
1581 709 1670 735 neque
1697 707 1751 727 uno

959 749 1110 784 eodemque
1122 754 1242 784 tempore
1254 750 1398 777 consulere
1409 756 1499 783 neque
1511 747 1631 783 potiores
1643 746 1751 774 codices

960 800 1008 828 per
1033 793 1210 827 semetipsum
1238 794 1354 820 lustrare
1383 793 1484 828 potuit.
1509 793 1603 826 Neque
1631 792 1751 818 minores

960 837 1130 866 difﬁcultates
1144 839 1286 873 majorem,
1305 847 1386 874 quam
1404 847 1480 874 paro,
1503 838 1537 865 de
1560 838 1658 864 l’hotio
1671 837 1750 864 lucu—

959 883 1111 911 hrationem
1145 884 1342 917 detinuerunt,
1377 892 1438 919 quae
1474 891 1525 918 pro
1561 881 1749 917 conceptionis

957 930 1134 964 amplitudine
1156 930 1288 958 immenso
1314 931 1370 958 fere
1396 931 1489 957 labore
1519 937 1562 956 me
1585 936 1640 955 non
1665 929 1749 955 semel

956 975 1038 1002 veluti
1063 975 1163 1002 obruit.
1188 975 1286 1002 Libros
1315 975 1498 1006 necessarios,
1524 981 1639 1008 quorum
1667 972 1745 999 multi

957 1021 984 1048 in
1006 1024 1106 1048 nostra:
1128 1021 1314 1049 universitatis
1328 1022 1494 1049 bibliotheca
1511 1020 1746 1051 desiderabantur,

956 1066 1039 1093 variis
1062 1074 1093 1093 ex
1115 1067 1182 1094 locis
1210 1067 1276 1094 mihi
1297 1075 1457 1102 comparare
1481 1071 1591 1094 coactus
1605 1066 1665 1098 fui;
1694 1073 1748 1100 qua

956 1118 1046 1139 tamen
1063 1113 1089 1139 in
1107 1120 1136 1140 re
1156 1113 1300 1148 insigniter
1315 1121 1359 1140 me
1375 1113 1479 1148 adjuvit
1493 1112 1692 1141 eruditissimus
1706 1111 1748 1138 vir

956 1158 1001 1186 Dr.
1026 1159 1058 1185 Α.
1087 1158 1211 1190 Ruland,
1248 1159 1370 1193 ejusdem
1400 1159 1572 1186 bibliothecm
1602 1164 1748 1192 supremus

955 1203 1108 1238 praefectus,
1124 1204 1167 1230 cui
1182 1204 1262 1231 sicuti
1291 1209 1319 1231 et
1343 1205 1450 1232 caeteris
1472 1203 1637 1231 doctissimis
1669 1202 1745 1235 viris,

955 1248 1000 1282 qui
1024 1248 1125 1278 Romae.
1154 1247 1326 1276 Viudobonte
1354 1253 1382 1276 et
1410 1248 1545 1276 Monachii
1570 1255 1631 1275 mea
1657 1247 1746 1274 studia

955 1299 1159 1329 promoverunt,
1191 1295 1292 1329 gratias
1316 1302 1439 1322 summas
1468 1294 1567 1326 refero,
1595 1294 1648 1320 alio
1675 1294 1746 1326 loco,

956 1340 994 1366 uti
1011 1347 1100 1374 spero,
1116 1347 1162 1367 eas
1172 1340 1336 1367 cumulatius
1349 1341 1495 1368 relaturus.
1518 1339 1615 1367 Utrum
1633 1347 1676 1366 res
1691 1347 1747 1366 non

954 1392 1066 1421 prorsus
1085 1385 1231 1413 infeliciter
1245 1387 1312 1413 mihi
1332 1386 1447 1414 cesserit
1464 1390 1492 1413 et
1505 1393 1648 1421 quousque
1663 1392 1748 1413 cona-

955 1430 1027 1458 mina
1052 1437 1111 1457 mea
1141 1430 1320 1466 pertigerint,
1356 1431 1382 1457 id
1412 1430 1509 1458 eruditi
1533 1430 1744 1465 dijudicabunt;

954 1483 1004 1511 ego
1025 1475 1125 1503 virium
1149 1483 1270 1503 mearum
1289 1476 1356 1503 satis
1379 1476 1539 1511 exiguarum
1556 1476 1629 1503 haud
1646 1475 1745 1502 imme-

954 1529 1024 1553 mor,
1047 1521 1167 1548 materia:
1182 1529 1246 1548 vero
1261 1529 1329 1549 mea:
1341 1529 1438 1549 amore
1451 1526 1479 1549 et
1502 1522 1601 1549 ardore
1619 1521 1741 1553 deditus,

955 1574 1054 1602 neque,
1079 1570 1133 1593 uta
1145 1567 1241 1601 ereptis
1253 1567 1393 1599 desistam,
1404 1567 1610 1595 difficultatibus
1624 1575 1745 1601 unquam

953 1617 1054 1645 motus,
1077 1619 1131 1639 non
1142 1620 1254 1646 possum
1275 1621 1329 1639 non
1349 1621 1443 1640 eorum
1470 1613 1581 1640 veniam
1600 1612 1721 1648 ﬂagitare
1737 1633 1744 1644 ,

955 1665 1005 1692 pro
1027 1657 1070 1690 iis,
1084 1666 1144 1693 qua:
1158 1662 1306 1686 occurrunt
1321 1659 1510 1686 emendatione
1526 1658 1616 1694 digna.
1636 1666 1745 1685 corum-

956 1703 1017 1731 dem
1034 1704 1157 1736 consilia,
1173 1704 1275 1731 monita
1288 1708 1369 1740 atque
1381 1705 1482 1739 judicia
1494 1705 1621 1739 congruis
1633 1704 1746 1731 rationi-

957 1749 1008 1777 bus
1034 1749 1144 1776 suffulta
1159 1754 1285 1784 prompto
1310 1757 1418 1784 semper
1435 1749 1527 1776 animo
1554 1753 1743 1784 suscepturus.

993 1793 1174 1829 Wirceburgi,
1189 1794 1233 1822 die
1245 1794 1358 1822 Pentee.
1375 1794 1463 1829 pridie
1477 1794 1536 1821 Kal.
1553 1794 1617 1822 Jun.
1635 1794 1711 1821 1857.

957 1892 1009 1920 hoc
1035 1893 1095 1928 ipso
1116 1901 1188 1921 anno
1207 1893 1373 1928 praecipuum
1399 1893 1521 1928 ejusdem
1546 1900 1596 1928 pro
1620 1900 1670 1921 suo
1696 1891 1744 1920 do-

957 1932 1046 1963 gmate
1060 1928 1189 1964 scriptum
1203 1929 1230 1956 in
1245 1929 1335 1956 lucem
1350 1929 1460 1956 demum
1476 1929 1575 1964 prodit.
