1941 3085
198 155 252 187 303

763 147 897 179 PHOTII
917 145 1172 177 PATRIARCH/E
1192 145 1248 176 CP.

1787 145 1839 178 3οι

234 209 280 237 23.
302 208 373 242 Quid
385 207 469 244 ergo?
481 206 577 235 Nonne
592 205 736 242 oportebat
754 209 781 232 te
795 203 854 231 haec
874 202 970 230 saltem
984 223 990 234 ,

1079 204 1132 236 κγ’.
1153 201 1186 228 Τί
1208 199 1274 231 οὖνς
1299 201 1350 228 οὐκ
1375 201 1428 228 ἔδει
1454 209 1484 228 σε
1501 201 1603 234 ταῦτα,
1626 202 1651 228 εἰ
1666 201 1741 237 μήτι
1757 202 1840 229 ἄλλο·

199 263 261 290 qua
279 258 307 281 et
323 253 399 289 pueri
417 256 529 284 norunt,
545 251 698 283 addiscere,
717 251 791 285 prius
817 255 900 283 quam
914 247 990 274 blas-

200 300 336 335 phemiam
357 299 492 327 eﬂ‘erres?
511 299 654 332 Quomodo
667 306 733 326 vero
743 306 798 325 non
812 297 991 333 pertimescis.

200 347 262 374 licet
281 346 344 373 dolo
371 345 487 372 velando
520 345 689 380 aptissimus,
715 345 753 371 ita
779 349 881 372 temere
911 349 992 378 atque

201 391 374 426 impudenter
395 391 487 418 verbis
501 391 650 418 Dominicis
664 391 797 418 insultare
813 395 842 418 et
867 390 992 421 illudere,

199 443 227 464 et
254 445 315 472 qure
336 445 389 464 nec
411 437 546 464 orationis
573 437 658 464 series
682 445 734 464 nec
756 437 901 464 sententia:
922 436 992 462 inte-

199 483 283 518 gritas
302 483 445 517 permittit,
461 483 519 510 hzec
533 491 587 510 non
603 482 744 510 erubescis
759 490 882 510 asserere
901 482 994 509 Domi-

199 537 265 556 num
279 529 434 556 aﬂirmare?
458 529 540 558 Certe
557 530 629 557 enim
643 537 738 557 vocem
758 530 790 556 de
805 538 845 556 me
866 529 993 557 Christus

199 583 254 603 non
269 576 440 609 enuntiavit;
458 580 487 603 tu
499 580 601 607 tamen,
614 576 678 604 licet
691 584 746 603 non
762 584 838 609 voce,
855 580 883 603 at
896 576 992 603 saltem

200 622 303 650 fraudis
319 622 480 650 exercenda:
502 622 592 649 studio
617 630 711 650 vocem
737 624 770 650 de
796 630 852 649 meo
869 623 896 649 in
922 623 993 649 hanc

199 669 279 696 aliam
305 670 336 696 de
360 677 401 695 me
419 669 629 701 transformans,
647 676 829 704 asserensque
847 668 992 696 Dominum

199 716 326 743 docuisse
339 716 366 743 id
382 716 455 750 quod
479 715 528 742 tibi
545 723 594 750 per
609 716 689 743 istam
703 708 868 743 locutionem
886 716 994 743 videtur

200 762 357 798 signiﬁcari,
388 762 438 789 tria
458 763 517 789 haec
540 762 622 789 simul
642 762 666 789 ei
689 769 738 797 per
755 762 920 789 calumniam
946 762 994 790 tri-

186 809 262 838 ,buis
281 818 286 836 :
313 809 413 836 dixisse
428 816 538 844 nempe,
557 810 630 844 quod
646 816 702 836 non
718 809 795 842 dixit,
815 817 870 836 non
893 809 1009 845 dixisse,

199 856 273 892 quod
285 856 363 888 dixit,
380 861 408 884 et
425 856 591 884 sententiam
608 856 708 884 docere
722 865 804 892 quam
832 864 888 884 non
905 857 992 884 solum

201 911 255 930 non
273 902 436 939 signiﬁcavit
461 911 540 935 voce,
563 903 611 930 sed
638 908 735 930 contra
751 904 844 938 potlus
863 903 994 931 doctrinae

200 956 257 976 Suae
280 948 418 976 adversari
448 948 591 984 perspicue
613 949 753 981 cernitur;
777 953 804 976 et
817 954 915 984 quarto
930 957 993 976 eum

201 994 253 1023 sibi
274 994 326 1029 ipsi
351 995 487 1022 contraria
518 995 689 1023 sancientem
721 995 839 1023 inducis.
868 994 994 1028 Quonam

200 1040 303 1075 pacto?
330 1039 391 1074 Ipse
411 1040 503 1067 dixit:
531 1041 570 1067 De
597 1049 652 1068 meo
676 1042 798 1075 accipiet,
826 1049 881 1068 non
902 1045 993 1068 autem

201 1085 234 1112 de
250 1093 308 1117 me;
329 1090 358 1112 tu
377 1093 442 1113 vero
469 1086 568 1114 docere
585 1086 675 1121 ipsum
694 1086 823 1119 allirmas,
837 1087 910 1121 quod
928 1094 994 1114 voce

202 1131 253 1158 ista
268 1131 301 1158 de
323 1139 365 1158 me
379 1131 520 1166 importari
544 1132 700 1165 existimas;
723 1133 901 1167 quamobrem
921 1134 995 1168 quod

201 1177 313 1212 quidem
328 1177 406 1210 dixit,
424 1177 496 1205 tollis
516 1185 548 1205 ac
563 1186 657 1213 negas,
676 1179 749 1214 quod
765 1187 830 1206 vero
844 1187 901 1206 non
913 1179 992 1212 dixit,

201 1223 280 1257 quasi
289 1223 391 1250 dictum
405 1223 540 1252 obtrudis.
552 1224 659 1252 Clamas
670 1225 742 1252 enim
756 1224 895 1252 Christum
907 1225 992 1258 vocis,

201 1277 282 1303 quam
300 1277 355 1297 non
374 1270 538 1303 enuntiavit,
563 1271 729 1298 sententiam
745 1271 886 1306 discipulis
909 1271 994 1298 tradi-

202 1316 274 1343 disse
293 1321 320 1343 et
336 1323 384 1351 per
409 1316 493 1351 ipsam
522 1316 630 1349 docere,
649 1317 722 1352 quod
746 1317 903 1344 nullatenus
917 1316 995 1343 labiis

203 1362 259 1389 suis
275 1362 428 1397 purissimis
444 1363 591 1398 protulisse
602 1364 784 1399 cognoscitur.
815 1364 847 1391 Et
861 1364 994 1398 sapientia

203 1408 313 1443 quidem
331 1408 378 1435 Dei
398 1417 447 1444 per
463 1416 493 1436 se
505 1409 659 1437 subsistens
678 1410 810 1445 Spiritum
833 1411 914 1438 tradit
930 1419 994 1446 pro-

203 1454 300 1481 cedere
317 1462 332 1481 a
348 1453 445 1486 Patre;
472 1460 500 1482 tu
523 1463 588 1482 vero
609 1456 684 1483 omni
713 1456 884 1484 contendens
905 1457 994 1484 studio

205 1501 279 1528 illum
304 1500 382 1535 quasi
403 1501 588 1529 dissonantem
621 1502 673 1529 sibi
698 1502 863 1537 redarguere
892 1502 994 1529 clamas

204 1547 291 1581 ipsum
307 1551 411 1574 mutato
432 1547 546 1574 consilio
565 1547 703 1581 docuisse,
731 1547 863 1582 Spiritum
885 1548 919 1575 ab
935 1549 994 1583 ipso

204 1592 362 1626 procedere,
378 1597 405 1620 et
422 1600 438 1619 a
456 1593 540 1628 priori
558 1592 668 1635 quidem
683 1593 818 1628 theologia
833 1594 993 1627 recessisse,

205 1645 253 1672 per
268 1638 414 1666 secundam
439 1646 504 1667 vero
518 1639 592 1667 illam
621 1639 740 1674 priorem
764 1639 913 1675 sprevisse,
939 1640 994 1668 imo

203 1691 252 1710 nec
266 1684 411 1716 posteriori
427 1684 510 1710 robur
522 1691 602 1710 suum
617 1690 808 1711 conservasse.
823 1683 851 1710 Si
861 1684 932 1711 enim
947 1691 991 1711 se-

204 1730 257 1757 mel
277 1730 369 1764 gratia:
397 1729 531 1765 theologia
556 1730 590 1756 ab
607 1730 724 1764 ipsamet
743 1731 829 1764 gratia
852 1729 994 1758 subverta-

205 1781 257 1807 tur,
276 1784 410 1811 nusquam
429 1777 505 1803 [ii-ina
521 1776 618 1810 poterit
638 1784 809 1811 permanere.

238 1861 285 1889 24.
306 1862 358 1890 Sed
375 1863 430 1898 jam
447 1867 554 1899 tempus
569 1865 655 1896 adest,
670 1866 705 1893 ab
729 1866 807 1894 initio
828 1867 923 1895 audire
937 1872 994 1895 tum

205 1907 350 1935 verborum
376 1909 577 1938 Dominicorum
605 1911 715 1944 seriem,
746 1917 802 1940 tum
839 1914 994 1946 sententiae,

203 1961 284 1987 quam
311 1955 392 1982 verba
412 1955 456 1983 illa
485 1956 643 1991 important,
658 1966 785 1993 scopum;
811 1960 897 1987 multo
920 1961 994 1988 enim

204 1999 319 2028 validius
343 2008 392 2035 per
406 2001 451 2029 illa
465 2002 616 2036 impietatis
632 2003 801 2038 impudentia
817 2005 948 2040 panditur
967 2010 996 2033 et

1046 250 1100 285 πρὸ
1114 249 1161 276 τοῦ
1185 249 1368 284 βλασφημεῖν,
1382 249 1401 276 ἃ
1426 250 1474 276 καὶ
1497 249 1591 281 παῖδες
1615 249 1716 282 ἴσασιν,
1743 250 1843 277 εἰδέναι

1046 296 1156 330 ζητείνς
1174 296 1236 328 Πῶς
1259 296 1288 323 δέ
1303 305 1332 322 σε
1350 304 1433 331 eoeo;
1446 296 1497 323 οὐκ
1517 296 1607 329 ἔλαϐε,
1621 296 1710 323 καίτοι
1723 297 1840 332 δραστή-

1047 350 1104 377 ριον
1119 343 1184 368 ὄντα
1200 341 1302 377 κρύψαι
1317 343 1498 377 κακουργίαν,
1515 343 1612 378 ἀνέδην
1630 343 1686 378 (85)
1701 343 1772 370 οὕτω
1784 344 1840 379 (84)
1882 342 1885 344 ’

1045 389 1099 415 τῶν
1126 389 1301 416 Δεσποτικῶν
1315 391 1445 424 ῥημάτων
1471 391 1664 425 κατορχεῖσθαι
1689 392 1736 418 καὶ
1755 399 1842 417 καταο

1044 435 1207 469 ψεύδεσθαι;
1224 435 1271 461 καὶ
1288 435 1306 462 ἃ
1324 436 1392 471 μήτε
1407 436 1436 462 τὸ
1449 436 1595 462 ἀκόλουθον
1608 437 1655 463 τοῦ
1665 437 1746 471 λόγου
1770 438 1840 472 μήτε

1045 482 1094 517 τῆς
1109 482 1229 514 διανοίας
1251 483 1394 517 ἐπιτρέπει
1413 483 1444 509 τὸ
1457 483 1631 519 ἀνύϐριστον,
1648 484 1735 511 ταῦτα
1749 485 1840 518 λέγειν

1045 529 1096 555 οὐκ
1124 529 1253 564 ἐρυθριᾷς
1286 530 1332 555 τὸν
1365 530 1504 564 Δεσπότην
1535 530 1737 564 ἀποφαίνεσθαι
1770 532 1838 565 (85);

1045 574 1102 611 [27]
1112 576 1167 602 Καὶ
1178 576 1232 611 γὰρ
1243 576 1273 603 τὸ
1286 577 1345 612 μὲν,
1359 577 1393 608 ἐξ
1409 576 1615 612 ἑμοῦ,δηλονότι
1629 578 1666 613 μὴ
1677 578 1840 612 ὲφθὲγξατο’

1046 622 1078 648 σὺ
1097 622 1125 648 δὲ
1146 624 1169 648 εί
1187 622 1234 649 καὶ
1256 623 1294 657 μὴ
1311 624 1344 658 τῇ
1367 625 1442 659 φωνῇ
1454 644 1461 654 ,
1486 625 1595 659 μηχανῇ
1612 625 1641 651 δὲ
1660 626 1694 660 τῇ
1707 625 1753 652 τοῦ
1772 634 1841 651 κακ-

1044 670 1154 702 ουργεῖν
1173 668 1204 695 τὸ
1229 669 1263 696 ἐκ
1287 669 1341 696 τοῦ
1369 669 1443 704 ἐμοῦ
1473 671 1651 705 μεταπλάσας
1672 673 1711 702 είς
1743 672 1784 703 τὸ,
1805 672 1841 704 ἐξ

1045 713 1118 747 ἐμοῦ
1131 713 1187 749 (86)
1197 735 1205 747 ,
1221 715 1268 741 καὶ
1283 715 1313 741 τὺ
1330 715 1373 741 διὰ
1388 715 1490 751 ταύτης
1505 725 1546 742 σοι
1557 717 1734 752 νομιζόμενον
1748 717 1841 751 δηλοῦ-

1047 760 1108 787 σθαι
1123 761 1178 795 (87)
1194 761 1243 796 τῆς
1261 762 1419 796 προσφορᾶς
1438 762 1482 788 τὸν
1495 763 1609 797 Σωτῆρα
1625 762 1763 789 διδάσκειν
1776 771 1841 789 κατ-

1045 806 1152 841 ηγορῶν
1168 806 1227 842 ἅμα
1249 807 1310 843 τρία
1325 807 1412 834 ταῦτα
1421 808 1572 843 διαρρήδην
1595 810 1774 843 συκοφαντεῖς
1784 817 1791 824 ”
1806 810 1841 835 εἰ.

1047 854 1107 879 πεῖν
1122 852 1136 878 ὃ
1151 853 1187 888 μὴ
1201 850 1272 886 εἷπε,
1289 854 1327 889 μὴ
1338 855 1425 880 εἰπεῖν
1437 854 1506 890 ὅπερ
1527 853 1604 887 εἷπε,
1626 856 1672 881 κα).
1687 855 1750 882 νοῦν
1766 858 1840 882 ἐκοι-

1048 899 1170 932 δάσκειν,
1186 899 1215 926 ὃν
1228 900 1258 926 οὺ
1275 900 1355 935 μόνον
1370 901 1419 927 οὐκ
1433 901 1552 936 ἐδήλωσε
1565 903 1598 937 τῇ
1613 903 1701 937 φωνῇ,
1715 902 1783 929 ἀλλὰ
1793 903 1841 929 κα).

1047 945 1202 973 τούναντίον
1219 948 1252 982 τῇ
1268 947 1447 982 μυσταγωγίᾳ
1463 949 1495 983 τῇ
1516 948 1599 974 αὑτοῦ
1615 949 1769 984 μαχόμενον
1782 949 1840 975 ἔστι

1050 991 1143 1026 σαφῶς
1172 991 1309 1027 καθορᾷν·
1339 993 1387 1018 καὶ
1418 993 1549 1028 τέταρτον
1581 993 1841 1029 ἁντινομοθετοῦντα

1049 1038 1169 1071 είσάγεις
1187 1037 1242 1073 (88)
1267 1038 1374 1064 ἑαυτόν.
1405 1039 1467 1069 Πῶς
1492 1040 1541 1066 καὶ
1565 1040 1627 1066 τίνα
1646 1041 1745 1075 τρόπον
1766 1040 1840 1075 (89);

1048 1084 1134 1115 Αὐτὸς
1150 1085 1199 1118 μὲν
1207 1083 1283 1111 εἶπεν
1294 1093 1301 1100 ·
1332 1087 1375 1112 Ex
1391 1085 1443 1111 τοῦ
1458 1084 1532 1119 ἐμοῦ
1547 1085 1689 1119 λήψεται,
1705 1085 1763 1112 ἀλλ’
1779 1086 1840 1118 οὐκ,

1039 1130 1082 1162 ιὲξ
1106 1129 1180 1164 ἐμοῦ
1206 1130 1273 1166 (90)·
1291 1131 1323 1157 σὺ
1349 1131 1377 1157 δὲ
1400 1130 1537 1157 διδάσκειν
1563 1131 1644 1158 αὑτὸν
1670 1131 1840 1167 διισχυρὶζῃ,

1048 1177 1120 1213 ἅπερ
1135 1179 1151 1210 ἡ
1167 1177 1202 1204 es
1219 1177 1292 1212 ἐμοῦ
1308 1177 1380 1209 λέξις
1391 1177 1466 1203 δοκεῖ
1481 1185 1521 1203 σοι
1543 1177 1730 1213 παραδηλοῦν·
1746 1177 1841 1203 ὥστεὸ

1050 1221 1100 1256 μὲν
1121 1221 1243 1257 εἴρηκεν,
1269 1222 1407 1257 ἀναιρεῖς·
1428 1221 1443 1248 ὃ
1457 1221 1487 1248 δὲ
1501 1222 1551 1248 οὐκ
1575 1222 1687 1257 ἔφησεν,
1704 1222 1741 1254 ὡς
1765 1224 1842 1258 εἰρη-

1051 1267 1131 1302 μένον
1155 1269 1325 1303 συγκροτεῖς.
1355 1267 1406 1294 Τδν
1422 1267 1476 1302 γὰρ
1497 1267 1561 1294 νοῦν
1583 1269 1647 1303 βοᾷς
1659 1267 1694 1304 ἧς
1710 1269 1760 1295 οὐκ
1779 1268 1840 1296 εἷπε

1050 1314 1142 1348 φωνῆς
1157 1313 1331 1348 δογματίζειν
1346 1314 1428 1340 αὑτὸν
1452 1314 1508 1345 τοῖς
1524 1313 1660 1349 μαθηταῖς
1675 1316 1721 1342 καὶ
1737 1315 1770 1342 δι’
1790 1316 1841 1342 αὑ-

1048 1360 1098 1394 τῆς
1117 1360 1252 1386 διδάσκειν
1266 1360 1280 1386 ὅ
1295 1360 1418 1396 μηδόλως
1433 1360 1556 1395 ἐγνώσθη
1572 1361 1616 1387 διὰ
1630 1361 1685 1387 τῶν
1697 1362 1840 1397 ἀχράντων

1049 1406 1161 1440 χειλέων
1182 1406 1359 1442 προαγαγών.
1382 1407 1437 1434 Καὶ
1452 1408 1469 1442 ἡ
1490 1408 1539 1442 μὲν
1560 1408 1741 1440 ὲνυπόστατος
1761 1409 1842 1443 σοφία

1048 1453 1095 1480 τοῦ
1112 1453 1177 1480 Θεοῦ
1194 1454 1223 1480 τὸ
1246 1453 1358 1489 Πνεῦμα
1384 1456 1561 1489 μυσταγωγεῖ
1574 1455 1774 1490 ἐκπορεύεσθαι
1791 1454 1840 1482 τοῦ

1049 1501 1172 1536 Πατρός·
1188 1501 1220 1528 σὺ
1240 1501 1262 1527 δ’
1283 1501 1377 1535 ὥσπερ
1392 1501 1514 1536 ἐλέγχειν
1536 1503 1627 1529 πᾶσαν
1643 1502 1700 1537 till)
1722 1502 1842 1537 σπουδὴν

1048 1547 1170 1574 ἐπελθὼν
1186 1547 1241 1582 (92)
1257 1547 1443 1581 διαφωνοῦντα
1467 1548 1536 1583 πρὸς
1548 1548 1655 1580 ἑαυτὸν,
1680 1548 1709 1574 τὸ
1729 1549 1841 1584 Πνεῦμα

1048 1593 1159 1627 κράζεις
1188 1593 1393 1628 μεταδιδάσκειν
1410 1593 1610 1628 ἐκπορεύεσθαι
1635 1593 1665 1626 ἐξ
1682 1594 1776 1626 αὑτοῦ,
1792 1595 1840 1621 καὶ

1046 1640 1096 1675 τῆς
1111 1640 1159 1674 μὲν
1180 1640 1316 1675 προτέρας
1331 1640 1487 1673 ἐξίστασθαι
1512 1640 1662 1673 θεολογίας,
1680 1641 1724 1667 διὰ
1746 1641 1774 1668 δὲ
1790 1641 1841 1676 τῆς

1047 1684 1175 1719 δευτέρας
1191 1685 1299 1720 ἐκείνης
1314 1694 1343 1711 τε
1360 1685 1539 1720 παραφαῦλον
1551 1685 1607 1719 (95)
1620 1687 1707 1712 ποιεῖν
1720 1687 1766 1712 κα).
1780 1686 1840 1712 οὐδὲ

1047 1731 1116 1767 αὐτῇ
1133 1732 1163 1757 τὺ
1187 1730 1283 1766 κύριον
1307 1732 1463 1766 συντηρεῖν.
1485 1730 1542 1767 [28]
1559 1731 1652 1764 Ἀπαξ
1675 1732 1729 1767 γὰρ
1744 1734 1793 1767 τῆς
1811 1733 1840 1759 ὲν

1047 1778 1139 1813 χάριτι
1159 1777 1299 1811 θεολογίας
1321 1778 1374 1804 ὑπὸ
1396 1779 1446 1812 τῆς
1465 1778 1576 1813 χάριτος
1600 1779 1840 1814 περιτρεπομένης

1045 1820 1163 1855 οὐδαμοῦ
1177 1822 1207 1848 τὺ
1222 1821 1328 1856 βέδαιον
1343 1821 1392 1857 τὴν
1411 1821 1543 1857 διαμονὴν
1554 1823 1678 1858 εὑρήσει.

1083 1867 1132 1894 κδ’.
1159 1868 1281 1894 Ἀκούειν
1300 1868 1322 1894 δ’
1343 1867 1448 1895 ἄνωθέν
1469 1870 1527 1895 ἐστι
1543 1869 1639 1904 καιρὸς
1652 1869 1699 1896 καὶ
1715 1869 1770 1896 τῶν
1782 1869 1839 1896 Κυ-

1047 1913 1150 1948 ριακῶν
1162 1914 1259 1948 λογίων
1275 1914 1329 1941 τῶν
1341 1914 1496 1950 εἰρημένων
1511 1915 1567 1950 (94)
1585 1916 1632 1942 καὶ
1644 1916 1693 1950 τῆς
1707 1916 1838 1948 διανοίας,

1044 1957 1077 1995 ἦς
1092 1962 1124 1986 τὰ
1147 1961 1256 1996 ῥήματα
1270 1961 1478 1996 διερμηνεύουσι
1501 1962 1546 1988 τὸν
1564 1962 1664 1989 σκοπόν
1680 1963 1754 1998 (95)·
1772 1963 1835 1990 οὐδὲ

1045 2007 1098 2041 γὰρ
1114 2007 1237 2039 ἔλαττον,
1253 2006 1322 2033 ἀλλὰ
1344 2007 1394 2034 κα).
1410 2007 1501 2044 πολλῷ
1516 2008 1616 2043 μᾶλλον
1631 2009 1664 2035 δι’
1684 2009 1773 2037 αὐτῶν
1788 2009 1839 2044 τῆς

753 2092 871 2120 VARle
894 2093 1085 2122 LECTIONES
1107 2095 1149 2121 ET
1171 2095 1286 2122 NOTIE.

203 2190 260 2212 ται,
271 2180 326 2207 οὐδ’
342 2179 429 2211 οὕτως
439 2181 530 2212 αὐτοῖς
545 2178 617 2215 εἶχεν
631 2181 707 2216 ἰσχὺν
719 2182 735 2216 ἡ
751 2181 881 2216 ἐπήρειαο
893 2181 922 2207 οὐ
935 2181 990 2216 γὰρ

203 2217 246 2243 ἀεὶ
263 2216 293 2242 τὸ
309 2215 459 2251 λαμϐάνειν
475 2216 515 2246 είς
530 2216 579 2251 τὴν
593 2216 640 2242 τοῦ
659 2215 856 2251 ἐκπορεύεσθαι
872 2215 990 2243 διάνοιαν

1044 2185 1115 2219 quod
1130 2188 1162 2212 de
1173 2194 1224 2212 me.
1247 2195 1256 2211 ι

1082 2221 1136 2252 (91)
1152 2221 1244 2247 "iam;
1259 2221 1336 2248 deest
1347 2222 1373 2249 in
1391 2221 1462 2249 Mon.

203 2251 372 2293 λαμβάνεται
380 2271 397 2293 ,1
410 2251 469 2278 ἀλλ’
491 2251 548 2293 ἐσθξ
555 2251 611 2293 ςότε
632 2252 684 2293 ,καξι
705 2251 804 2293 πολλὴν
821 2252 873 2293 την,
887 2252 991 2293 παραλτ

1079 2255 1133 2293 (Eli!)
1154 2255 1198 2283 Sic
1220 2255 1305 2284 Palat.
1330 2257 1355 2293 t‘.
1368 2258 1420 2284 219
1435 2266 1472 2289 a.;
1488 2257 1574 2285 Vntic.
1589 2258 1834 2293 habuitézelmbv,

203 2287 292 2322 λαγὴνν
302 2286 491 2314 ὑπαινίττεται
500 2295 507 2302 ·
521 2286 586 2312 ἄλλο
606 2286 660 2321 γάρ
673 2287 731 2313 ἐστι
744 2287 774 2312 τδ
785 2287 934 2322 λαμόἀνειν
945 2288 992 2313 καὶ

203 2321 376 2358 ὰπαρύεσθαι
396 2322 441 2356 ἀφ’
457 2322 556 2358 ἐτέρας
571 2322 746 2358 ὑποστάσεως
764 2321 860 2356 ἑτέραν
874 2324 991 2349 ὑπόστα-

205 2365 257 2388 σιν,
271 2357 319 2383 κα).
331 2357 394 2384 ἄλλο
409 2358 440 2383 τὸ
454 2357 522 2391 πρὸς
532 2357 660 2383 οὑσίωσίν
675 2365 706 2382 τε
722 2358 769 2383 κα).
782 2358 933 2384 ὑπόστασιν
945 2360 992 2384 ὲκ-

203 2392 380 2428 πορεύεσθαι.

242 2426 298 2463 (85)
319 2427 423 2455 Monac.
438 2426 568 2463 ᾁνέδωκε.

239 2463 295 2498 (84)
315 2462 374 2499 got.
390 2471 417 2498 p.
432 2462 486 2489 279
498 2462 633 2499 ινὰναίδην
647 2462 738 2499 οὓτω..

241 2498 297 2533 (8‘5)
318 2497 395 2525 Mon.’
409 2498 621 2532 ἁπεφαίνεσθαι.

239 2534 295 2569 (86)
308 2533 355 2562 Ei:
371 2533 402 2560 τὸ
417 2533 447 2565 ἐξ
459 2533 524 2569 ἐμοῦ
535 2533 613 2560 deest
629 2533 655 2560 in
668 2533 740 2561 Mon.

251 2569 296 2603 87)
308 2568 367 2596 Col.
383 2568 520 2603 δηλοῦται.

252 2605 296 2640 88)
309 2603 382 2631 Μοιι.
399 2605 528 2637 εἰσάγειν.

252 2640 297 2676 89)
311 2640 369 2676 φοι.
379 2639 485 2676 ἑαυτὸν
501 2639 559 2672 πῶς
576 2641 623 2667 καὶ
636 2641 697 2667 τίνα
711 2641 812 2676 τρόπον
826 2649 832 2670 :

251 2675 296 2710 90)
309 2675 386 2708 Quod
404 2674 515 2702 Pliotius
526 2676 606 2703 toties
620 2674 747 2708 inculcat,
766 2676 792 2702 in
811 2683 844 2702 eo
863 2674 987 2703 Photiani

202 2719 300 2739 omnes
318 2717 492 2745 summopere
506 2710 645 2737 insistunt.
662 2711 750 2738 Unum
777 2719 810 2737 ex
830 2712 988 2738 recentiori-

204 2747 256 2774 bus
269 2747 446 2774 adducamus.
462 2745 644 2780 Theophanes
659 2746 849 2781 Procopowiez
865 2747 985 2781 archiep.

203 2781 426 2815 Novogrodensis
454 2781 546 2816 Tract.
561 2782 592 2808 de
621 2789 733 2816 process.
754 2782 800 2816 Sp.
832 2781 873 2813 S.,
890 2781 986 2810 Gotha:

204 2817 323 2848 3.1772,
342 2825 401 2850 cap.
415 2815 466 2850 x,§
486 2816 547 2845 170,
572 2825 598 2851 p.
620 2816 679 2845 499.
712 2818 829 2844 scribit:
852 2827 861 2842 ι
881 2816 983 2848 Gratis,

204 2853 261 2879 imo
272 2853 373 2879 frustra
391 2852 477 2878 Latini
494 2852 525 2877 τὸ
544 2852 578 2878 de
595 2860 656 2879 meo
669 2852 807 2887 accipiunt
820 2860 868 2887 pro
882 2853 913 2878 de
928 2861 982 2884 me;

205 2888 340 2922 incumbit
353 2895 418 2915 sane
431 2887 472 2914 eis
486 2887 613 2922 probare,
629 2887 661 2914 de
673 2895 728 2915 meo
743 2888 814 2917 idem
824 2888 981 2924 signium”:

221 2965 230 2979 ἆ

1045 2291 1206 2330 s_e(_l_postea
1219 2294 1244 2330 in
1261 2292 1383 2330 ἐπελθὼν
1397 2297 1553 2320 correctum
1573 2299 1614 2321 cst
1633 2304 1639 2320 :
1668 2294 1740 2322 Mon.
1765 2291 1834 2330 μετέ

1043 2326 1138 2352 ελθὼν.
1159 2327 1206 2354 (In!
1212 2347 1218 2353 .
1231 2328 1365 2355 ὑπελθών.

1079 2363 1133 2396 (95)
1147 2362 1218 2388 Mon.
1237 2364 1311 2398 παρὰ
1324 2364 1436 2397 φαῦλον.

1079 2397 1210 2435 (βτί)
1226 2397 1271 2435 τὸν
1287 2399 1382 2435 εἱρμὸν
1399 2399 1468 2433 (lege
1488 2399 1594 2435 εἱρμὸν)
1608 2408 1634 2426 κ.
1651 2409 1676 2426 τ.
1689 2400 1755 2427 δειν.

1079 2432 1551 2469 (95)Τ110ορ11311.ΡΙὋριψιίινῘΟΖξΙ.
1571 2432 1699 2468 c'.,§17‘2,
1718 2444 1743 2469 ι).
1759 2437 1831 2464 200:

1045 2477 1055 2492 ι
1069 2468 1172 2505 Sensus
1183 2470 1326 2505 verborum
1343 2468 1495 2496 Christiest
1506 2479 1512 2496 :
1523 2470 1649 2504 Spiritus,
1665 2468 1745 2505 quem
1763 2480 1833 2498 con-

1042 2504 1187 2529 solatorem
1225 2509 1252 2530 et
1280 2504 1419 2532 (lectorem
1451 2505 1527 2531 vobis
1551 2504 1689 2539 promitto,
1707 2514 1760 2533 non
1786 2507 1832 2534 illa

1042 2539 1164 2572 qmedani
1179 2539 1228 2565 alia
1244 2539 1278 2566 ab
1293 2540 1345 2571 his,
1359 2549 1419 2574 qum
1432 2545 1459 2567 et
1471 2548 1484 2566 a
1500 2548 1542 2566 Ine
1558 2541 1708 2575 percipitis,
1721 2542 1832 2569 docebit

1042 2581 1099 2610 vos.
1115 2581 1207 2600 verum
1220 2575 1314 2601 eadem
1325 2584 1381 2601 mea
1397 2575 1535 2610 mysteria,
1553 2584 1596 2602 res
1614 2577 1647 2603 ad
1666 2585 1753 2603 meum
1770 2577 1831 2610 clo-

1042 2609 1109 2647 riam
1120 2609 1296 2642 pertinentes.
1310 2610 1376 2643 Qun:
1392 2609 1455 2638 licet
1469 2610 1503 2647 ad
1524 2611 1610 2638 Patris
1639 2613 1751 2638 tendant
1770 2613 1831 2647 glo-

1040 2644 1119 2682 riam,
1138 2649 1227 2671 tamen
1244 2651 1271 2671 et
1297 2654 1355 2672 mea
1384 2652 1467 2677 sunt;
1484 2646 1504 2672 si
1521 2647 1630 2680 quidem
1649 2647 1750 2677 omnia,
1767 2644 1830 2682 ᾇιιαε

1040 2677 1126 2719 ξξιιιι-ἱδ
1138 2684 1212 2719 sunt,
1222 2685 1345 2719 t:un_qu:c
1357 2681 1382 2708 in
1399 2687 1496 2708 natura
1509 2677 1632 2714 Deitatis,
1644 2683 1708 2712 vita,
1720 2677 1830 2718 sapien-

1040 2715 1085 2751 tia.
1100 2715 1309 2749 Oinnipotcntia,
1322 2722 1386 2748 etc.,
1399 2725 1480 2751 quam
1500 2725 1560 2751 quae
1581 2723 1657 2744 extra
1686 2715 1831 2746 suntiemv

1038 2749 1105 2780 Iuni,
1129 2756 1210 2781 terra,
1224 2752 1329 2786 angeli.
1343 2749 1594 2782 hmninesmventus
1611 2753 1689 2783 varii.
1706 2758 1733 2781 et
1750 2762 1829 2781 coni-

1037 2785 1113 2812 muni
1142 2790 1170 2812 ct
1209 2785 1341 2820 singulari
1368 2788 1538 2822 providentia
1577 2788 1701 2820 ﬂuentes,
1728 2795 1828 2816 cuncta

1036 2822 1171 2859 mystcritl_
1178 2829 1235 2859 iuva
1248 2823 1412 2859 etiamsunt.
1426 2833 1434 2849 ι
1446 2823 1509 2851 llaec
1521 2823 1657 2858 jejuniora
1669 2829 1733 2852 sunt
1744 2832 1829 2859 quam

1034 2863 1066 2883 ea
1084 2864 1143 2891 qum
1157 2857 1268 2885 Photius
1283 2858 1396 2893 profert.
