1941 3085
188 150 239 183 τοι

751 150 884 184 PHOTII
904 149 1157 184 PATRIARCHE
1177 150 1232 182 ΟΡ.

1767 152 1820 186 308

188 215 240 235 nos
252 207 368 235 deducet
378 206 528 235 veritatem.
553 206 592 234 Ac
608 211 633 234 te
648 207 759 242 quidem
774 212 905 245 mysteria
928 209 978 238 do-

1039 207 1166 246 ;κάλυψας
1182 210 1238 243 (19)
1249 217 1256 224 ”
1270 208 1372 241 ἐκεῖνος
1387 207 1414 236 δὲ
1429 208 1557 245 ὁδηγήσει
1568 208 1642 245 ἡμᾶς
1651 209 1705 244 (20)
1720 210 1760 243 είς
1769 210 1822 239 πᾶ-

189 258 269 280 cente
284 254 373 282 adhuc
386 261 497 289 egemus
507 257 536 280 et
549 254 682 289 sapientia
697 259 725 282 et
739 255 842 283 virtute
858 260 886 283 et
903 257 977 284 veri-

190 304 255 332 tate,
277 301 322 328 ille
348 307 413 327 vero
433 300 583 328 adveniens
596 302 688 328 omnia
717 302 797 329 nobis
811 302 977 336 perfruenda

190 345 326 372 uberrime
343 344 484 378 pnrbebit.
516 344 543 371 Si
564 352 628 379 ergo
657 349 696 377 tu,
723 345 909 372 substantialis
933 353 977 372 sa-

190 390 292 425 pientia
311 394 339 417 et
353 390 462 422 veritas,
479 391 537 417 ha=c
551 390 643 422 doces,
658 398 714 417 non
731 391 826 425 utique
839 391 978 426 ambigere

190 442 240 462 nos
254 435 341 466 decet,
357 435 489 469 majorem
508 443 616 469 quoque
636 435 770 462 honorem
785 442 818 463 ac
835 435 946 471 gloriam
962 444 977 463 a

190 480 269 507 nobis
281 479 394 515 Spiritui
407 488 468 507 esse
483 480 668 508 tribuendam.

225 623 271 650 96.
290 622 423 656 Quoniam
439 622 522 658 igitur
537 621 663 650 sublimia
688 622 747 651 hac
764 624 797 651 de
822 622 925 659 Spiritu
940 623 980 652 di-

192 669 305 704 scipulis
320 669 577 704 exponitSalvator,
598 669 755 697 mcestitiam
781 670 815 697 ab
830 670 882 698 illis
905 679 981 698 amo-

191 724 269 748 vens,
280 715 415 751 simulque
428 723 523 743 veram
534 717 566 743 de
575 716 676 752 Spiritu
687 716 838 744 doctrinam
853 717 978 750 tradens;

194 762 344 788 humanum
371 766 462 789 autem
486 766 545 789 erat
573 762 784 797 cogitationibus
811 769 868 790 non
899 763 980 798 plane

193 808 268 843 puris
296 808 493 843 discipulorum
526 809 621 844 agitari
649 813 755 837 mentes
784 810 874 846 (facile
907 809 979 837 enim

198 853 290 880 anima
316 860 436 881 maerore
462 860 588 889 correpta
621 855 675 882 vim
696 855 837 890 judicandi
862 855 980 890 caligine

194 899 359 934 perturbans
381 900 453 934 quod
477 901 594 928 salutare
623 905 665 928 est
694 901 721 928 in
749 902 862 929 noxium
891 906 982 937 potest

194 944 379 980 detorquere);
394 950 550 980 propterea.
565 954 600 973 ne
616 946 749 982 Spiritum
766 947 835 975 Filio
851 948 983 983 majorem

195 990 395 1019 arbitrarentur
422 996 517 1027 utpote
549 993 651 1027 majora
686 993 878 1028 prmbentem,
914 1002 984 1022 neve

197 1036 251 1063 illis
267 1036 322 1064 ulla
345 1038 474 1073 cogitatio
494 1038 650 1066 oboriretur
671 1039 983 1067 consubstantialitatem

196 1081 299 1109 laedens
313 1083 551 1119 aequalitatemque
563 1084 685 1119 ipsorum
694 1094 702 1106 κ
714 1085 743 1112 in
770 1085 984 1121 inmqualitatem

197 1127 361 1161 distrahens,
374 1133 405 1155 ut
424 1128 545 1163 optimus
561 1134 588 1156 et
602 1137 750 1165 corporum
777 1135 805 1157 et
832 1131 985 1158 animarum

197 1174 330 1207 medicus,
345 1175 463 1202 salutare
475 1180 609 1211 praeparat
623 1177 866 1205 medicamentum.

231 1321 276 1348 27.
288 1318 366 1354 Quod
381 1320 403 1348 si
418 1321 557 1356 apostolos
583 1321 719 1355 ejusmodi
733 1322 915 1358 cogitationes
934 1331 986 1351 nec

198 1367 328 1394 tenebant
343 1374 394 1394 nec
403 1367 541 1402 agitabant
551 1374 603 1395 nec
617 1368 763 1395 turbabant
779 1368 904 1403 (fortasse
913 1371 987 1397 enim

199 1412 320 1440 sanctius
333 1417 374 1440 est
389 1411 480 1445 fateri,
499 1420 607 1440 sacrum
624 1414 700 1441 illum
714 1419 814 1442 coetum
831 1423 886 1443 non
901 1415 987 1444 fuisse

199 1457 357 1492 hujusmodi
381 1457 536 1485 confusioni
561 1466 593 1486 ac
606 1460 811 1487 conturbatioui
827 1461 986 1495 obnoxium)

199 1507 320 1530 attamen
339 1504 451 1531 malitiae
475 1505 603 1532 inventor
627 1511 655 1533 et
679 1506 777 1534 artifex
799 1507 902 1535 bonum
924 1508 987 1535 mali

1034 266 1083 284 σαν
1100 258 1150 292 τὴν
1166 257 1296 292 ἀλήθειαν
1307 264 1314 272 ·
1330 256 1378 283 καὶ
1394 255 1441 282 σοῦ
1458 256 1507 290 μὲν
1522 255 1766 291 μυσταγωγοῦντος
1781 256 1823 284 ἔτι

1028 303 1147 337 δεόμεθα
1172 303 1219 329 καὶ
1244 302 1340 337 σοφίας
1370 303 1416 328 καὶ
1437 301 1578 337 δυνάμεως
1600 302 1646 328 κα).
1674 302 1822 336 ἀληθείας·

1032 349 1136 380 ἐκεῖνος
1159 348 1188 374 δὲ
1213 347 1408 383 παραγεγονὼς
1424 347 1533 374 πάντων
1552 348 1618 383 ἡμῖν
1636 348 1686 383 τὴν
1705 348 1824 375 ἀπόλαυ-

1030 402 1071 420 σιν
1089 393 1204 427 ἇφῦονον
1228 394 1375 430 παράσχοι.
1393 394 1425 420 El
1439 394 1533 420 τοίνυν
1553 394 1585 420 σὺ
1605 394 1710 426 ταῦτα,
1734 395 1751 429 ὴ
1778 395 1825 421 ὲν-

1033 440 1185 473 υπόστατος
1213 440 1293 475 σοφία
1308 441 1355 466 καὶ
1371 439 1497 475 ἀλήθεια,
1512 439 1658 471 διδάσκεις,
1674 440 1723 467 οὐκ
1737 440 1825 467 ἐπιδι-

1033 486 1142 519 στάζειν
1156 487 1230 522 ἡμᾶς
1247 486 1370 522 προσῆκε
1386 487 1432 513 καὶ
1447 487 1496 520 τῆς
1511 486 1580 520 πρὸς
1592 486 1623 512 τὸ
1640 485 1732 521 μεῖζον
1746 485 1826 518 ἐξαλ-

1030 532 1181 567 λαττούσης
1195 532 1278 567 τιμῆς
1292 539 1322 558 τε
1338 533 1385 558 καὶ
1399 531 1478 567 δόξης
1493 531 1525 557 τδ
1539 530 1650 566 Πνεῦμα
1667 532 1733 566 παρ’
1746 530 1826 566 ἡμῶν

1031 577 1171 610 ἀξιοῦσθαι
1192 578 1259 612 (21).

1065 623 1122 657 κς’.
1155 624 1265 659 Ἐπειδὴ
1289 624 1335 651 οὖν
1351 624 1386 651 τὰ
1403 624 1495 659 ὑψηλὰ
1510 625 1575 659 περὶ
1596 624 1643 651 τοῦ
1666 624 1826 658 Πνεὺματος

1031 671 1182 705 εἰσηγεῖται
1199 670 1255 706 (22)
1285 671 1335 705 μὲν
1354 671 1411 702 τοῖς
1440 670 1573 706 μαθηταῖς
1589 672 1604 697 ὁ
1626 670 1738 706 Σωτὴρ,
1755 671 1825 697 ἀπο-

1035 716 1235 750 σκευαζόμενός
1249 725 1278 742 τε
1301 716 1390 743 αὐτῶν
1406 716 1436 742 τὺ
1460 716 1599 751 ἀθυμοῦν,
1617 716 1675 751 ἃμα
1694 717 1722 743 δὲ
1736 717 1785 743 καὶ
1797 716 1829 744 τδ

1033 761 1147 797 Πνεῦμα
1167 763 1196 788 ὲν
1214 761 1330 797 ἀληθείᾳ
1356 761 1501 796 Θεολογῶν,
1522 762 1665 797 λογιτμοῖς
1681 762 1704 789 δ’
1719 762 1827 798 ἀνθρώ-

1033 817 1109 835 πινον
1120 805 1154 843 ἦν
1169 807 1227 843 (25)
1241 807 1291 834 οὐκ
1306 807 1434 841 εὐαγέσιν
1449 808 1687 843 ἀνακυμαίνεσθαι
1699 808 1745 834 τὸν
1764 807 1827 834 νοῦν

1032 853 1085 879 τῶν
1099 852 1237 887 μαθητῶν·
1256 852 1341 879 δεινὸν
1356 852 1410 887 γὰρ
1423 853 1438 888 ἠ
1459 852 1532 887 ψυχὴ
1547 852 1618 887 λύπῃ
1632 852 1738 886 (24-25)
1749 853 1829 880 κάτο-

1035 908 1082 934 χος
1110 899 1242 934 γενομένη
1262 899 1309 925 καὶ
1328 898 1358 925 τὺ
1376 899 1517 934 κριτήριον
1538 899 1618 934 ἁχλύῖ
1640 899 1828 925 συναναθολώ-

1036 954 1106 971 σασα
1127 945 1182 979 (26)
1198 945 1248 979 τῆς
1264 945 1416 980 μεταϐολῆς
1435 945 1465 971 τὸ
1478 945 1612 981 σωτήριον
1624 945 1829 980 ἀντιμεθέλκειν

1036 991 1075 1022 εἰς
1102 990 1132 1016 τὸ
1163 989 1311 1025 βλαϐερόν
1326 990 1371 1016 διὰ
1391 990 1470 1016 τοῦτο
1494 990 1532 1021 ὡς
1556 990 1589 1016 ἂν
1611 990 1648 1025 μὴ
1665 990 1695 1016 τὸ
1718 991 1830 1025 Πνεῦμα

1037 1036 1130 1071 μεῖζον
1158 1035 1364 1070 παραδέξωνται
1389 1036 1436 1062 τοῦ
1453 1035 1538 1067 Υἱοῦ,
1568 1036 1616 1063 ἆτε
1636 1035 1668 1071 δὴ
1691 1036 1725 1063 τὰ
1743 1036 1829 1070 μείζω

1037 1083 1244 1118 παρεχόμενον,
1273 1082 1321 1109 καὶ
1353 1082 1483 1117 λογισμὸς
1516 1082 1608 1114 αὐτοῖς
1640 1082 1748 1109 ἐπέλθοι
1780 1083 1831 1118 τὴν

1036 1131 1171 1166 ὁμοφυῖαν
1187 1130 1307 1164 ὑϐρίζων
1322 1131 1369 1157 καὶ
1389 1130 1419 1156 τὸ
1435 1131 1556 1165 ἰσότιμον
1575 1130 1665 1156 αὐτῶν
1681 1131 1721 1161 είς
1740 1130 1831 1156 ἀνισό-

1036 1186 1105 1212 τητα
1128 1178 1250 1204 διασπῶν
1262 1198 1269 1209 ,
1286 1177 1326 1209 ὡς
1346 1178 1457 1212 ἄριστος
1477 1177 1524 1204 καὶ
1545 1177 1601 1212 (27)
1622 1177 1676 1203 τῶν
1695 1177 1831 1212 σωμάτων

1037 1225 1084 1251 καὶ
1094 1224 1149 1251 τῶν
1163 1224 1257 1259 ψυχῶν
1271 1225 1363 1260 ἰατρὸς
1380 1224 1410 1250 τὸ
1426 1225 1559 1260 σωτήριον
1572 1223 1830 1259 προκαταϐάλλεται

1037 1271 1194 1306 φάρμακον.

1075 1316 1131 1354 (51]
1147 1317 1197 1350 κζ’.
1211 1318 1242 1344 Εἰ
1255 1317 1284 1344 δέ
1298 1325 1329 1351 γε
1343 1317 1407 1349 τοὺς
1422 1316 1548 1352 μαθητὰς
1564 1316 1601 1352 μὴ
1614 1317 1746 1352 συνεῖχον,
1766 1316 1831 1351 μηδ’

1037 1364 1184 1391 ἀνεσόδουν
1201 1364 1269 1399 (28),
1303 1363 1371 1399 μηδὲ
1402 1363 1602 1398 συνετάραττον
1630 1363 1685 1398 (29)
1714 1363 1831 1390 τοιοῦτοι

1037 1411 1163 1446 λογισμοὶ
1182 1410 1318 1445 (κρείττω
1333 1409 1386 1444 γὰρ
1402 1410 1451 1444 τῆς
1463 1409 1591 1443 τοιαύτης
1609 1408 1766 1444 συγχύσεως
1782 1409 1832 1436 καὶ

1037 1457 1162 1493 ταραχῆς
1197 1457 1242 1483 τὸν
1283 1455 1355 1491 ἱερὸν
1386 1457 1489 1482 ἐκεῖνον
1526 1455 1605 1490 χορὸν
1635 1455 1832 1490 εὐλαϐέστερον

1041 1503 1107 1534 ἴσως
1121 1502 1176 1538 (50)
1191 1502 1354 1538 ὁμολογεῖν),
1371 1502 1428 1529 ἀλλ’
1441 1500 1487 1529 οὖν
1510 1503 1524 1528 ὁ
1543 1502 1591 1536 τῆς
1603 1501 1701 1532 κακίας
1715 1501 1831 1536 εὑρετὴς

200 1546 292 1581 specie
325 1547 566 1576 circumvestiendi
597 1550 780 1585 peritissimus
812 1553 913 1580 multos
936 1561 984 1588 po-

1039 1549 1086 1575 καὶ
1103 1549 1227 1583 τεχνίτης
1246 1548 1277 1575 τὸ
1302 1548 1407 1583 βέλτιον
1430 1548 1463 1583 τῇ
1485 1546 1533 1573 τοῦ
1552 1545 1673 1581 χείρονος
1696 1546 1831 1582 φαντασίᾳ

199 1592 298 1620 tuisset
322 1600 378 1620 sua:
402 1593 504 1621 fraudis
515 1595 633 1629 praedam
657 1596 764 1624 elIicere
779 1597 989 1634 opinionemque

201 1638 356 1666 lmretieam
391 1640 534 1668 animabus
563 1642 705 1669 hominum
738 1643 876 1677 inserere;
907 1653 988 1680 quam

203 1692 258 1711 una
277 1692 339 1712 cum
366 1685 423 1720 ipsa
452 1685 548 1714 fraude
570 1686 727 1723 fraudisque
743 1689 847 1717 artiﬁce
871 1689 989 1718 confun-

201 1731 270 1758 dens
297 1739 329 1758 ac
357 1731 494 1767 dissipans
524 1732 650 1761 Salvator
675 1739 756 1762 acute
785 1736 932 1764 admodum
962 1742 990 1764 et

201 1777 294 1804 divine
324 1778 435 1813 adjecit,
463 1780 546 1814 quod,
570 1779 631 1807 Non
652 1780 772 1816 loquetur
799 1791 815 1809 a
837 1784 989 1818 semetipso,

201 1823 248 1850 sed
271 1831 432 1860 quotcunque
453 1825 579 1859 audierit,
607 1825 728 1862 loquetur
740 1828 774 1854 ⁸⁵.
805 1828 874 1856 Nam
898 1833 925 1856 et
955 1830 989 1858 de

202 1870 292 1904 seipso
319 1876 399 1898 antea
421 1871 542 1899 dixerat:
561 1872 653 1901 Omnia
680 1882 839 1911 qua’cunque
859 1877 949 1903 audivi
971 1886 988 1904 a

202 1916 284 1944 Patre
303 1926 369 1950 meo,
387 1923 448 1945 nota
467 1920 516 1954 foci
529 1920 600 1946 vobis
614 1919 648 1947 ⁸⁸.
666 1920 704 1947 Ac
727 1920 750 1948 si
766 1922 889 1949 diceret:
909 1922 990 1950 Uter-

204 1970 258 1997 que
274 1968 398 1991 nostrum
415 1973 448 1992 ex
465 1965 544 1993 Patre
560 1966 643 1993 habet
657 1967 756 1994 docere
787 1973 815 1995 et
834 1968 989 1997 illuminare

206 2015 311 2038 mentes
330 2014 441 2039 vestras.
456 2011 518 2040 Ideo
533 2017 560 2040 et
576 2013 639 2048 quia
656 2014 682 2040 in
698 2022 842 2049 progressu
858 2013 993 2041 sermonis

205 2056 275 2083 dixit
287 2057 319 2084 de
329 2057 409 2085 Patre
420 2064 484 2085 suo:
494 2058 549 2094 Ego
567 2064 590 2086 te
603 2058 746 2095 clariﬁcavi
763 2068 840 2094 super
850 2065 946 2087 terram
954 2059 992 2087 ’τε

203 2100 259 2126 imo
275 2104 303 2127 et
316 2099 395 2128 Pater
413 2101 509 2128 Filium
522 2102 662 2129 clariﬁcat.
684 2103 753 2130 Nam
779 2109 803 2131 et
831 2104 988 2139 clariﬁcavi,

202 2145 301 2180 inquit,
310 2143 334 2173 ἐι
345 2147 439 2174 iterum
448 2147 598 2182 clariﬁcabo
613 2148 653 2181 '9;
671 2157 744 2177 nunc
750 2157 815 2177 vero
824 2154 851 2177 et
860 2150 989 2185 Spiritum

203 2191 334 2219 clarificat
352 2191 436 2219 Filius
455 2201 503 2228 per
520 2194 664 2228 prmdictas
688 2194 818 2222 sublimes
831 2195 991 2230 divinasque

1042 1595 1210 1630 περιϐαλεῖν,
1233 1594 1347 1626 πολλοὺς
1366 1593 1399 1620 ἂν
1415 1594 1478 1628 ἔσχε
1495 1593 1549 1627 (51)
1568 1593 1618 1628 τῆς
1635 1592 1738 1623 οἰκείας
1751 1592 1832 1627 ποιή-

1042 1641 1138 1668 σασθαι
1165 1641 1278 1676 θήραμα
1311 1639 1434 1675 μηχανῆς
1463 1640 1512 1666 καὶ
1539 1638 1617 1671 δόξαν
1644 1637 1834 1673 αίρετίζουσαν

1040 1690 1223 1724 κατασπεῖραι
1246 1689 1302 1723 (52)
1332 1689 1393 1719 ταῖς
1415 1687 1468 1714 τῶν
1489 1686 1641 1723 ἀνθρώπων
1657 1686 1777 1721 ψυχαῖς·
1800 1685 1836 1720 ἢν

1040 1737 1109 1771 αὐτῇ
1133 1735 1270 1770 καταϐολῇ
1287 1735 1334 1762 καὶ
1352 1734 1427 1770 αὐτῷ
1451 1733 1562 1770 τεχνίτῃ
1586 1730 1778 1767 καταισχύνων
1803 1739 1834 1757 τε

1040 1783 1086 1809 καὶ
1098 1781 1279 1814 διασκεδάζων
1294 1782 1308 1808 ὁ
1323 1781 1418 1816 Σωτὴρ
1433 1780 1516 1812 ὀξέως
1537 1779 1585 1806 καὶ
1599 1778 1760 1814 θεοπρεπῶς
1774 1777 1835 1803 ἔπι-

1040 1830 1118 1864 φέρει
1145 1829 1232 1863 λέγων
1245 1848 1253 1858 .
1277 1828 1314 1860 ὡς
1333 1829 1374 1857 Οὺ
1395 1828 1526 1861 λαλήσει
1545 1827 1595 1861 ἀφ’
1617 1825 1737 1858 ἑαυτοῦ,
1762 1821 1834 1852 ἀλλ’

1040 1876 1099 1903 ὅσα
1121 1875 1159 1902 ἂν
1180 1876 1311 1909 ἀκούσῃ,
1328 1875 1459 1909 λαλήσει
1470 1883 1477 1890 ·
1495 1873 1543 1900 καὶ
1560 1873 1615 1908 γὰρ
1629 1873 1675 1899 καὶ
1693 1871 1748 1907 (55)
1769 1870 1834 1906 περὶ

1040 1922 1123 1950 αὑτοῦ
1141 1920 1175 1958 ἦν
1197 1921 1386 1957 προειρηκὼς,
1401 1921 1443 1948 ὅτι
1465 1920 1567 1947 Πάντα
1587 1919 1606 1946 d
1621 1919 1740 1953 ἥκουσα
1754 1916 1834 1950 παρὰ

1040 1969 1093 1996 τοῦ
1112 1968 1226 2003 Πατρός
1244 1977 1316 2002 μου,
1341 1966 1489 2002 ἐγνώρισα
1509 1966 1596 2001 ὑμῖν,
1625 1963 1696 1992 οἷον·
1719 1963 1834 1999 Ἀμφοῖν

1040 2015 1107 2049 ἡμῖν
1123 2016 1155 2040 ὲκ
1171 2013 1218 2040 τοῦ
1233 2013 1341 2046 Πατρός
1366 2014 1425 2039 ἐστι
1441 2013 1471 2039 τὸ
1489 2013 1625 2039 διδάσκειν
1642 2011 1689 2038 καὶ
1704 2009 1834 2044 φωτίζειν

1040 2060 1090 2091 τὰς
1104 2059 1224 2090 διανοίας
1240 2059 1329 2094 ἡμῶν.
1347 2058 1392 2084 Διὺ
1407 2058 1454 2084 καὶ
1467 2057 1534 2084 διότι
1549 2056 1651 2091 προῖὼν
1665 2056 1750 2090 ἔφησε
1768 2053 1834 2088 ’περὶ¹

1041 2105 1088 2131 τοῦ
1104 2104 1225 2140 Πατρὸς,
1242 2105 1283 2130 ὃτι
1308 2104 1382 2139 ξΕγώ
1406 2111 1442 2130 σε
1469 2102 1603 2135 ἐδόξασα
1616 2101 1665 2128 ἐπὶ
1683 2100 1738 2135 τῆς
1760 2099 1832 2134 γῆς·

1042 2152 1111 2179 ἀλλὰ
1128 2153 1175 2179 καὶ
1194 2153 1209 2178 ὁ
1224 2152 1317 2187 Πατὴρ
1336 2151 1443 2184 δοξάζει
1465 2151 1511 2178 τὴν
1534 2151 1598 2177 Υἱὸν
1611 2158 1618 2165 ·
1637 2149 1685 2176 καὶ
1699 2147 1834 2180 ἐδόξασα

1044 2198 1098 2233 γὰρ
1108 2218 1114 2229 ,
1135 2197 1186 2233 ἔφη
1198 2218 1204 2229 ,
1221 2197 1270 2224 καὶ
1287 2196 1406 2228 δοξάσω
1417 2205 1424 2211 ·
1439 2197 1496 2222 νυνὶ
1513 2196 1541 2222 δὲ
1555 2195 1602 2222 καὶ
1619 2195 1649 2221 τὸ
1665 2193 1777 2228 Πνεῦμα
1791 2193 1834 2219 δο-

202 2247 284 2267 voces
301 2249 307 2267 :
324 2240 386 2268 ideo
400 2241 481 2275 paulo
498 2246 560 2276 post
574 2243 683 2269 subdit:
700 2242 749 2269 Ille
764 2251 805 2269 mc
821 2242 984 2276 clariﬁrabil,

1045 2243 1119 2275 ξάζει
1134 2243 1148 2269 ὁ
1167 2243 1232 2274 Υἱὸς
1250 2243 1293 2269 διὰ
1311 2242 1366 2268 τῶν
1382 2242 1589 2279 προειρημένων
1604 2240 1715 2276 ὑψηλῶν
1734 2247 1765 2265 τε
1784 2238 1833 2265 καὶ

203 2286 305 2321 ubique
316 2288 626 2316 consubstantialitatem
647 2293 804 2324 naturaeque
818 2289 989 2317 identitatem

202 2339 234 2358 ac
248 2331 388 2366 dignitatis
406 2334 588 2368 mqunlitatem
610 2334 740 2362 inviolata
758 2342 881 2362 servans.
904 2335 942 2362 Ac
965 2336 988 2363 si

202 2377 263 2412 quis
279 2378 366 2405 dicat:
381 2378 535 2407 Commune
552 2385 593 2407 est
618 2381 875 2415 supersubstantiali
891 2388 922 2408 ac
939 2389 986 2409 su-

1043 2289 1203 2324 θεοπρεπῶν
1219 2288 1332 2322 φωνῶν·
1352 2287 1395 2314 διὰ
1409 2286 1489 2314 τοῦτο
1504 2287 1561 2321 μετ’
1573 2286 1662 2319 ὀλίγον
1683 2285 1830 2318 ἐπιφέρει,

1041 2337 1081 2363 ὅτι
1110 2336 1238 2368 Ἐκεῖνος
1257 2335 1310 2369 ἐμὲ
1327 2333 1461 2366 δοξάσει,
1481 2332 1619 2367 πανταχοῦ
1634 2332 1665 2358 τὸ
1688 2330 1833 2366 ὁμοούσιον

1041 2383 1088 2410 καὶ
1110 2381 1230 2417 ὁμοφυὲς
1250 2381 1297 2408 καὶ
1321 2381 1352 2407 τδ
1369 2380 1419 2415 τῆς
1438 2379 1583 2415 ὁμοτιμίας
1595 2378 1705 2413 ἀξίωμα
1724 2376 1833 2412 ἀκήρα-

238 2447 262 2463 ⁸⁵
277 2446 357 2475 Joan.
373 2456 418 2481 xv,
436 2449 479 2476 15.
518 2450 540 2465 5"“
555 2448 621 2475 ibid.
661 2449 682 2464 ⁵⁷
696 2448 776 2476 Joan.
793 2457 861 2482 xvn,
887 2450 913 2477 4.
952 2450 975 2467 ⁵⁸

1039 2458 1084 2478 an.
1099 2458 1148 2482 xu,
1168 2449 1214 2477 28.

743 2526 860 2555 VABIIE
878 2528 1070 2556 LECTIONES
1087 2528 1130 2555 ET
1145 2527 1262 2555 NOTAE}.

315 2598 374 2635 ροι.
387 2606 415 2634 p.
431 2599 482 2627 281
496 2606 504 2626 :
520 2600 706 2635 ἀπεκάλυψας.

237 2633 294 2668 (20)
316 2633 394 2669 Non.
405 2635 489 2669 ὑμᾶς.

239 2669 299 2706 (21)
316 2668 472 2706 Hucusque
484 2670 656 2698 ratiocinatio
681 2670 811 2706 apostolis
845 2671 987 2704 attributa,

201 2712 255 2740 qua
269 2703 384 2740 Photius
397 2703 508 2739 propius
525 2706 558 2732 ad
578 2703 715 2734 intentum
731 2714 810 2733 suum
823 2707 939 2734 accedit.

238 2739 295 2774 (22)
315 2739 388 2766 Mon.
405 2740 562 2774 ἀφηγεῖται.

217 2775 293 2836 ι’,(23)
313 2774 386 2802 Μοη.
414 2774 524 2810 λογισμ.
549 2775 576 2802 δὲ
602 2776 757 2812 ἀνθρώποις
778 2776 874 2813 (ἀνοις)
895 2778 929 2813 ἣν
940 2777 990 2803 οὐκ

235 2819 281 2836 αγ.

202 2818 281 2837 ευαγ.

238 2819 345 2881 (eri-25)
364 2845 523 2873 Col.82tvhv
550 2846 604 2882 γὰρ
631 2847 655 2874 ει
683 2846 752 2881 ψ.λ.
768 2847 840 2884 λύπῃ
861 2848 937 2876 deest
963 2848 989 2874 in

228 2888 275 2907 011.

1076 2599 1131 2635 (26)
1149 2599 1222 2626 Μοη.
1241 2598 1442 2635 συνογολῴρασα.

1077 2633 1132 2669 (27)
1151 2635 1197 2661 καί
1211 2635 1288 2661 deest
1303 2634 1330 2660 in
1344 2633 1415 2660 Mon.

1075 2665 1131 2705 (28)
1145 2670 1191 2697 Sic
1204 2669 1309 2696 Monac.
1341 2669 1360 2695 f.
1379 2668 1431 2696 455
1454 2667 1490 2700 1);
1510 2667 1572 2695 Vat.
1585 2667 1606 2694 f.
1626 2666 1677 2694 |99
1703 2665 1721 2693 b
1739 2674 1746 2693 :
1766 2665 1830 2701 μηδ’

1039 2706 1071 2732 ἂν
1091 2705 1213 2731 ὲσύνουν.

1076 2740 1132 2775 (29)
1149 2739 1222 2766 Mon.
1240 2738 1480 2774 συνεταρὰττοντο.

1077 2776 1135 2811 (30)
1153 2775 1226 2811 Non.
1246 2774 1312 2805 ῐσος.

1083 2807 1140 2844 (51)
1160 2809 1232 2837 Mon.
1249 2808 1416 2844 περιὸαλὼν.
1431 2808 1545 2839 πολλοὺς
1560 2807 1632 2843 ἔσχε.

1082 2846 1138 2880 (52)
1157 2844 1228 2871 Mon.
1244 2845 1448 2880 κατασπείρειν.

1082 2878 1137 2911 (55)
1153 2880 1274 2907 Alterum
1290 2879 1337 2906 καί
1354 2878 1430 2907 deest
1445 2879 1470 2906 in
1486 2878 1558 2905 Mon.
