1940 3081
183 143 236 177 311

753 146 884 176 PIIOTII
904 146 1157 176 PATRIARCH/E
1177 146 1231 176 CP-

1760 145 1812 178 312

185 203 257 234 illam
276 202 400 229 revolans
420 207 447 229 et
468 202 633 230 conﬁrmans
657 202 714 230 ait:
741 202 885 238 Propterea
912 202 966 228 dixi

1025 200 1108 236 αὐτὴν
1138 200 1260 227 διάνοιαν
1288 199 1469 226 ἀναπτύσσων
1484 200 1611 236 προάγει,
1628 200 1685 227 ἀλλ’
1711 201 1750 227 ἔτι
1768 210 1811 228 τε-

185 250 247 284 quia
277 250 308 276 de
324 257 380 275 meo
406 249 526 283 accipiet,
547 248 677 284 quoniam
705 248 732 275 in
757 248 837 276 Patre
860 249 972 283 quidem

185 299 248 321 sunt
269 303 339 326 mea,
356 294 473 329 Spiritus
488 300 578 322 autem
606 302 640 322 ex
669 294 748 322 Pal-rc
774 294 884 330 accipit;
911 301 972 329 quae

186 341 260 368 enim
276 345 341 368 sunt
363 341 452 368 Patris
475 349 535 368 mea
551 345 616 368 sunt
632 350 639 374 ;
667 345 697 367 ut
724 341 760 368 ita
775 341 971 376 propemodum

186 385 304 413 clamare
321 386 463 414 videatur:
480 386 594 419 Quando
623 386 684 413 dico
699 387 730 413 de
743 395 809 419 meo,
832 386 864 413 ad
880 394 970 413 meum

185 431 303 464 Patrem,
319 440 373 459 non
388 440 452 459 vero
467 432 499 459 ad
512 432 595 459 alium
609 437 713 459 vestras
725 432 899 468 cogitationes
911 440 971 459 ver-

186 482 244 505 tere
258 483 284 504 et
300 482 461 505 convertere
473 478 589 505 debetis.
603 477 711 505 Nullum
724 478 796 505 enim
810 481 971 512 praetextum

185 524 281 558 reliqui
302 524 389 557 vobis,
412 532 493 558 quem
521 532 575 551 non
594 524 762 555 resciderim,
781 531 816 550 ne
838 523 873 550 ad
898 523 971 550 aliud

184 569 322 604 quidpiam
345 569 585 605 imaginationibus
619 570 803 604 abripiamini,
818 569 970 604 praesertim

184 623 246 642 cum
270 615 325 649 jam
354 620 417 642 ante
443 616 607 643 asseruerim
637 615 735 648 vobis,
770 615 842 650 quod
877 615 967 641 omnia

183 669 344 696 quwcuuque
354 661 432 688 habet
443 663 535 696 Pater,
554 671 611 689 mea
627 667 699 689 sunt.

216 797 261 825 30.
271 798 341 831 Quid
349 798 467 825 lucidius
476 798 518 825 his
527 798 679 832 purissimis
691 798 820 833 eloquiis?
830 798 899 831 Quid
912 798 971 825 cla-

182 843 241 871 rius
256 843 290 870 ad
306 844 506 871 ostendendum
525 844 605 871 verba
627 844 670 870 illa
683 844 722 871 De
740 853 796 871 meo
810 844 919 878 accipiet
935 844 968 871 ad

181 889 272 917 Patris
284 896 431 924 personam
444 896 495 916 nos
518 890 704 917 transmittere
726 894 753 917 et
774 891 806 917 ad
823 898 882 917 eam
908 898 967 918 esse

182 935 345 968 revocanda,
373 939 454 970 atque
485 935 615 970 Spiritum
645 943 660 962 a
683 934 772 967 l’atre,
802 940 931 971 tanquam
954 945 968 962 a

182 989 264 1009 causa
289 981 425 1009 donorum
457 981 644 1017 operationem
667 982 846 1017 accipientem
870 983 969 1017 praedi-

181 1029 237 1056 cari
251 1028 263 1055 ?
284 1028 433 1060 Donorum,
455 1029 576 1063 inquam,
591 1028 711 1060 illorum,
731 1028 832 1063 quibus
846 1029 969 1063 discipu-

180 1073 223 1100 los
233 1073 432 1105 corroborabit,
456 1078 486 1099 ut
508 1073 662 1099 futurorum
690 1073 875 1108 cognitionem
903 1081 971 1100 con-

181 1118 264 1145 stanti
274 1118 407 1152 ﬁrmaque
423 1118 511 1145 ferant
524 1120 627 1152 animo,
646 1126 792 1154 rerumque
807 1126 968 1147 arcanarum

180 1169 262 1199 atque
279 1164 481 1191 reconditarum
499 1164 567 1191 citra
582 1164 664 1191 ullam
680 1164 867 1192 difﬁcultatem
900 1173 964 1192 con-

179 1211 333 1237 stituantur
346 1214 515 1244 spectatores
530 1217 561 1237 ac
576 1210 830 1244 speculatores,imo
840 1215 867 1238 et
876 1218 969 1245 super-

179 1256 345 1283 naturalium
362 1256 547 1291 prodigiorum
569 1261 722 1291 patratorcs
735 1262 763 1284 et
785 1257 907 1292 opiﬁces.
925 1258 967 1284 An

179 1309 236 1328 non
255 1309 320 1336 ergo
336 1301 518 1336 undequaquc
531 1302 580 1329 tibi
595 1302 712 1337 quilibet
726 1302 810 1337 impie
830 1303 966 1330 sentiendi

180 1351 329 1381 praetextus
356 1352 481 1375 resectus
525 1348 589 1374 est?
620 1347 751 1375 Adbucne
776 1348 890 1375 audebis
920 1357 967 1376 ca-

180 1393 298 1421 lumnias
311 1399 392 1428 atque
407 1394 548 1420 mendacia
565 1394 696 1421 adversus
723 1395 867 1421 veritatem
891 1402 967 1421 eom-

180 1438 288 1466 minisci
302 1443 350 1466 aut
365 1439 442 1466 dolos
460 1439 591 1466 adversus
603 1440 719 1466 salutem
731 1444 805 1466 tuam
816 1440 968 1467 consuere?

215 1484 260 1512 51.
289 1484 345 1520 Ego
370 1492 436 1511 sanc
463 1492 498 1512 ne
513 1485 643 1520 deinceps
666 1485 777 1519 quidem
810 1485 849 1512 lui
873 1493 966 1512 curam

1024 246 1160 282 λειότερον
1171 246 1256 281 αὐτὴν
1271 246 1326 281 (5-4)
1343 245 1541 272 ἀνακαλύπτων
1556 247 1604 272 καὶ
1617 247 1811 282 βεϐαιούμενος

1023 293 1106 327 λέγει·
1121 292 1174 320 Διὰ
1185 293 1273 321 τοῦτο
1286 291 1381 326 εἷπον,
1394 293 1439 320 ὅτι
1453 295 1486 320 ὲκ
1499 294 1552 320 τοῦ
1564 294 1636 328 ἐμοῦ
1646 295 1790 329 λαμϐάνει
1802 304 1809 311 ο

1023 339 1089 365 διότι
1109 340 1138 365 ὲν
1165 339 1204 374 τῷ
1232 340 1317 374 Πατρὶ
1343 339 1393 374 μὲν
1423 340 1479 375 (55)
1507 339 1567 366 ἔστι
1586 340 1621 366 τὰ
1639 341 1713 374 ἐμά’
1733 341 1763 367 τὸ
1783 341 1810 368 δὲ

1023 384 1136 418 Πνεῦμα
1161 386 1192 411 ἐκ
1213 384 1259 411 τοῦ
1276 385 1382 420 Πατρὸς
1402 385 1554 419 λαμὸἀνει·
1580 387 1628 412 καὶ
1645 386 1699 422 γὰρ
1715 388 1749 413 τὰ
1764 386 1808 414 τοῦ

1024 431 1130 466 Πατρδς
1148 431 1202 465 ἐμά
1215 431 1288 456 ἐστιν
1301 438 1308 444 ’
1322 430 1391 456 ὥστε
1408 431 1488 465 μόνον
1503 431 1563 466 οὐχὶ
1576 431 1626 467 βοᾷ
1641 431 1708 467 (56)·
1723 432 1808 458 Ὅταν

1023 477 1094 511 λέγω
1119 476 1172 503 τοῦ
1197 476 1270 510 ἐμοῦ
1294 476 1362 511 (57),
1387 477 1457 512 πρὸς
1480 477 1525 503 τὸν
1544 477 1609 512 ἐμὸν
1627 478 1737 513 Πατέρα
1757 478 1809 514 χρὴ

1022 523 1086 554 τοὺς
1100 523 1248 557 λογισμοὺς
1264 521 1321 559 [5η
1345 522 1422 557 ὑμῶν
1445 523 1593 558 ἀναφέρειν
1618 523 1666 549 καὶ
1690 524 1727 558 μὴ
1743 524 1809 558 πρὸς

1023 569 1116 603 ἕτερον
1138 568 1350 604 ἐπιστρέφεσθαι
1371 568 1438 603 (58).
1454 568 1520 594 Οὐδὲ
1534 569 1588 603 γὰρ
1609 567 1665 603 (59)
1682 569 1809 604 οὐδεμίαν

1023 615 1160 649 πρόφασιν
1177 615 1240 649 ὑμῖν
1265 614 1466 648 ὑπελειπόμην,
1483 614 1517 649 ἢν
1532 614 1563 640 οὐ
1577 613 1723 649 περιεῖλον,
1742 614 1810 648 πρὸς

1023 660 1116 695 ἕτερόν
1140 668 1167 686 τι
1193 661 1253 691 ταῖς
1275 660 1437 694 φαντασίαις
1463 660 1664 695 ὑποσύρεσθαι,
1692 660 1809 694 μάλιστα

1023 706 1090 732 διότι
1101 706 1148 732 καὶ
1159 706 1363 741 προδιειλέχθην
1371 705 1427 740 (60)
1440 706 1515 741 ὑμῖν,
1525 706 1565 732 ὅτι
1576 705 1674 732 πάντα
1684 705 1743 733 ὅσα
1753 705 1808 741 (ﬁt)

1023 752 1085 786 ἔχει
1100 753 1116 778 d
1129 752 1245 786 Πατὴρ,
1259 752 1316 787 ἐμὰ
1326 752 1420 779 ἐστιν.

1058 798 1093 824 λ’.
1110 798 1142 824 Τί
1153 797 1207 824 τῶν
1220 798 1362 833 ἀχράντων
1376 797 1480 824 τούτων
1489 797 1588 831 λογίων
1601 797 1807 833 λαμπρότερονς

1023 844 1048 870 τί
1063 844 1092 870 δὲ
1108 844 1283 877 παραστῆσαι
1296 842 1481 877 σαφέστερον;
1497 843 1538 869 ὅτι
1557 843 1587 868 τὸ
1601 842 1670 877 (62),
1687 842 1738 868 Ἐκ
1756 841 1809 868 τοῦ

985 873 1005 900 Β
1020 890 1093 923 ἐμοῦ
1107 873 1237 923 λήψεται
1254 888 1320 924 (65),
1337 873 1405 923 πρὸς
1416 873 1458 915 ’τὸ
1474 873 1612 923 lla-cpton
1627 873 1809 923 παραπέμπει

1021 936 1167 970 ’πρόσωπον
1182 935 1229 961 καὶ
1240 935 1277 966 ὡς
1296 935 1344 969 τὴν
1360 934 1415 961 τῶν
1430 934 1608 970 χαρισμάτων
1619 933 1761 968 ἐνέργειαν
1772 933 1810 964 ὡς

1020 981 1108 1007 αἰτίου
1137 980 1213 1017 παρὰ
1231 981 1278 1007 τοῦ
1303 981 1409 1015 Πατρδς
1438 980 1616 1015 ἱερολογεῖται
1640 980 1671 1006 τὺ
1698 979 1810 1014 Πνεῦμα

1020 1028 1179 1063 λαμϐάνειν,
1200 1027 1255 1053 τῶν
1271 1027 1449 1062 χαρισμάτων
1466 1027 1590 1058 ἐκείνων,
1614 1023 1655 1057 οἷς
1673 1026 1809 1061 ὲνισχύσει

1019 1076 1082 1106 τοὺς
1097 1074 1221 1109 μαθητὰς
1234 1074 1288 1100 τῶν
1304 1073 1459 1108 ἐρχομένων
1475 1073 1524 1107 μὲν
1536 1071 1585 1108 τὴν
1598 1072 1746 1106 ἐπίγνωσιν
1763 1071 1809 1097 σὺν

1019 1121 1146 1148 εὐσταθεϊ
1164 1121 1211 1147 καὶ
1230 1120 1426 1156 ἀπεριτρέπτῳ
1451 1118 1508 1154 (σι)
1527 1119 1681 1154 φρονήματι
1703 1117 1807 1153 φέρειν,

1019 1166 1200 1194 καθίστασθαι
1214 1166 1242 1192 δὲ
1259 1166 1307 1192 καὶ
1321 1165 1375 1192 τῶν
1389 1165 1513 1191 ἀθεάτων
1530 1163 1665 1198 μηδεμιᾶς
1687 1171 1810 1198 παρακο-

1018 1213 1166 1248 λουθούσης
1180 1212 1340 1248 δυσχερείας
1361 1211 1460 1242 θεατὰς
1487 1211 1536 1237 καὶ
1551 1211 1582 1246 δὴ
1600 1211 1646 1236 κα).
1669 1210 1724 1236 τῶν
1740 1210 1810 1244 ὑπὲρ

1019 1259 1097 1293 λόγον
1111 1259 1199 1294 ἔργων
1220 1257 1276 1293 (65)
1288 1256 1484 1292 δημιουργούς.
1507 1253 1571 1291 Ἀρ*
1586 1256 1615 1282 οὐ
1634 1255 1689 1290 (66)
1705 1263 1810 1281 παντα-

1019 1304 1098 1340 χόθεν
1126 1313 1166 1331 σοι
1189 1305 1264 1330 πᾶσα
1288 1303 1425 1338 πρόφασις
1441 1301 1571 1332 ἀσεϐείας
1592 1301 1807 1336 περικέκοπται;

1019 1349 1081 1386 ’Δρ’
1095 1350 1134 1377 ἔτι
1148 1350 1295 1385 τολμήσεις
1311 1348 1494 1382 συκοφαντίας
1507 1348 1554 1374 καὶ
1565 1347 1651 1382 ψεύδη
1670 1347 1725 1382 (67)
1738 1346 1810 1373 κατὰ

1018 1395 1069 1431 τῆς
1088 1395 1215 1430 ἀληθείας
1232 1395 1349 1421 ἐπινοεῖν
1370 1394 1387 1430 ἢ
1403 1394 1473 1420 κατὰ
1490 1395 1539 1429 τῆς
1555 1393 1652 1420 ἑαυτοῦ
1669 1393 1809 1429 μηχανορο

1020 1443 1116 1478 ραφεῖν
1132 1441 1270 1476 σωτηρίας
1286 1439 1342 1475 (68)
1358 1448 1365 1472 ;

1055 1487 1111 1523 [55]
1131 1487 1182 1513 λα’.
1204 1486 1280 1522 [κα¹.]
1297 1487 1406 1519 Ἔγωγε
1433 1484 1480 1512 οὖν
1494 1484 1551 1520 (69)
1567 1484 1627 1511 οὐδὲ
1651 1483 1699 1511 τοῦ
1715 1483 1809 1510 λοιποῦ

180 1530 319 1565 abjiciam,
331 1535 360 1557 ut
373 1530 395 1557 si
413 1530 574 1557 insanabilis
589 1531 637 1563 sis,
652 1538 764 1566 arguam
780 1536 808 1558 et
821 1531 966 1565 corripiant

1025 1542 1049 1560 τε
1071 1533 1210 1568 φροντίδος
1231 1531 1284 1565 ἔξω
1305 1531 1410 1566 σταίην,
1427 1531 1451 1557 εἰ
1471 1531 1521 1566 μὲν
1536 1531 1654 1561 ἀνιάτως
1666 1529 1739 1564 ἔχεις
1755 1529 1810 1564 (70)

181 1580 262 1611 teque
291 1576 367 1603 humi
397 1576 532 1611 iacentem
550 1577 639 1603 adhuc
651 1577 813 1611 percutiam,
830 1577 854 1604 si
875 1581 966 1604 autem

181 1622 271 1649 sanari
292 1627 384 1657 potes,
401 1622 565 1650 medicinam
593 1623 640 1650 tibi
667 1624 810 1658 propinem
848 1631 880 1650 ex
907 1623 968 1658 ipso

181 1668 305 1696 veritatis
319 1669 417 1704 poculo
433 1674 462 1696 et
478 1669 619 1696 lenitivam
633 1669 735 1696 doloris
750 1674 777 1697 et
792 1670 880 1698 morbi
901 1677 968 1704 pur-

181 1715 310 1750 gativam.
332 1714 359 1742 Si
378 1715 450 1742 enim
464 1716 491 1750 (ο
510 1723 631 1750 quonam
648 1721 674 1743 te
691 1716 753 1751 quis
767 1716 880 1743 nomine
891 1724 967 1743 com-

181 1762 293 1797 pellet?)
319 1760 437 1796 Spiritus
463 1769 478 1789 e
505 1761 586 1789 Patre
611 1762 753 1796 processio
771 1765 813 1790 est.
835 1762 967 1797 perfecta,

181 1807 301 1842 perfecta
328 1814 420 1835 autem
444 1808 571 1843 quoniam
597 1808 669 1835 Deus
692 1809 830 1843 perfectus
854 1816 887 1836 ex
911 1809 968 1837 Deo

181 1854 312 1888 perfecto,
323 1855 452 1889 quidnam
466 1854 518 1882 ista
534 1863 549 1882 e
562 1854 631 1882 Filio
645 1856 783 1890 processio
799 1855 968 1883 contulerit?

180 1899 208 1926 Si
225 1900 298 1926 enim
311 1900 377 1934 quid
390 1901 518 1932 contulit,
531 1900 597 1927 illud
608 1909 716 1936 quoque
728 1902 873 1929 ostendere
889 1910 967 1937 opor-

183 1945 252 1972 tebit
263 1945 336 1979 quod
349 1946 483 1978 contulit;
503 1947 575 1980 quod
599 1947 621 1974 si
642 1952 741 1981 praeter
764 1948 885 1975 divinam
903 1948 965 1983 Spi-

181 1992 249 2019 ritus
266 1992 424 2027 hypostasin
443 1992 480 2019 nil
494 1993 567 2020 aliud
579 1997 669 2028 potest
683 1998 730 2021 aut
749 1999 841 2021 mente
857 1995 966 2030 concipi

1020 1580 1068 1607 κα)⁸
1091 1579 1212 1614 ἐλέγχειν
1228 1578 1275 1605 καὶ
1291 1578 1421 1613 ἐπιτιμᾷν
1447 1578 1494 1604 κα)⁴
1519 1577 1596 1603 κάτω
1619 1576 1745 1611 κείμενον
1769 1575 1810 1602 ἐτι

1021 1625 1138 1661 βάλλειν,
1156 1624 1221 1650 εἰδὲ
1240 1624 1297 1659 (Ἠ)
1317 1623 1385 1659 πρὸς
1407 1622 1555 1658 θεραπείαν
1570 1622 1649 1658 ὁρᾷς,
1663 1621 1810 1657 φάρμακόν

1021 1681 1061 1698 σοι
1078 1670 1227 1705 προσάγειν
1250 1670 1282 1697 ὲκ
1295 1669 1342 1696 τοῦ
1358 1668 1440 1696 αὑτοῦ
1464 1668 1602 1703 κρατῆρος
1616 1667 1666 1701 τῆς
1681 1666 1811 1701 ἀληθείας

1020 1716 1188 1743 ἀκεσώδυνὸν
1207 1724 1237 1742 τε
1255 1715 1302 1741 καὶ
1316 1714 1502 1749 καθαρτήριον
1526 1713 1576 1747 τῆς
1600 1712 1690 1738 νόσου.
1707 1710 1739 1737 Et
1755 1711 1810 1745 γὰρ

1024 1760 1056 1795 (ὧ
1071 1762 1098 1788 τί
1115 1762 1148 1789 ἄν
1167 1761 1196 1788 σέ
1204 1761 1259 1797 (72)
1276 1769 1317 1791 τις
1333 1760 1388 1793 (75)
1404 1758 1579 1793 προσείποιῌ)
1595 1757 1643 1783 τοῦ
1652 1757 1811 1791 Πνεύματος

1022 1810 1038 1844 ή
1054 1808 1215 1843 ὲκπόρευσις
1228 1808 1244 1843 ἡ
1257 1808 1289 1833 ἐκ
1302 1806 1349 1833 τοῦ
1364 1805 1472 1841 Πατρδς
1486 1804 1586 1835 τελεία,
1609 1803 1700 1830 τελεία
1715 1802 1770 1836 (74)
1782 1801 1812 1827 δὲ

1021 1855 1062 1881 ὃτι
1083 1854 1149 1885 Θεὸς
1165 1853 1268 1884 τέλειος
1287 1853 1319 1878 ἐκ
1339 1851 1406 1878 Θεοῦ
1428 1850 1542 1880 τελείου,
1562 1849 1589 1875 τί
1613 1849 1673 1875 ποτ’
1699 1847 1732 1874 ἂν
1747 1848 1763 1882 ὴ
1779 1847 1811 1872 ὲκ

1020 1900 1067 1926 τοῦ
1092 1899 1157 1926 Υἱοῦ
1174 1897 1446 1933 συνεισενέγκῃ(75);
1473 1897 1497 1922 εί
1521 1896 1569 1931 μὲν
1584 1894 1639 1931 γάρ
1662 1902 1688 1921 τι
1705 1901 1811 1919 συνεισ-

1021 1949 1147 1983 ήνεγκεν,
1163 1947 1249 1973 εἰπεῖν
1264 1946 1353 1981 δεήσει
1370 1945 1424 1980 (76)
1445 1944 1493 1971 καὶ
1511 1944 1525 1970 ὃ
1546 1944 1719 1978 συνήνεγκεν·
1735 1942 1759 1967 εἰ
1780 1940 1810 1967 δὲ

1021 1993 1098 2029 παρὰ
1120 1993 1169 2027 τὴν
1193 1991 1287 2027 θεϊκὴν
1307 1991 1354 2017 τοῦ
1376 1990 1535 2026 Πνεῦματος
1558 1989 1708 2016 ὑπόστασιν
1733 1987 1810 2014 οὐδὲν

730 2088 846 2116 VARIIE
865 2088 1058 2116 LECTlONES
1075 2088 1119 2115 ΕΤ
1133 2087 1249 2115 NOTAE.

216 2166 273 2199 (54)
293 2166 367 2193 Μοῐι.
385 2174 409 2193 τ.
426 2167 506 2193 αὐτὰ.

227 2202 271 2237 55)
283 2202 341 2229 Μέν
352 2201 429 2228 deest
444 2202 470 2228 in
486 2201 558 2228 Mon.
575 2201 634 2229 Col.
650 2209 712 2236 μου.

226 2237 272 2269 56)
289 2237 360 2265 Mon.
379 2238 519 2272 μονονουχὶ
535 2237 610 2271 βοᾷς.

217 2273 274 2307 (57)
293 2272 365 2299 Μοιι.
382 2271 456 2306 λέγει
470 2272 549 2299 τοῦτο
565 2271 611 2299 τοῦ
626 2280 675 2308 πρ.
695 2271 754 2299 Col.
775 2279 802 2307 p.
818 2272 881 2305 283,
895 2272 966 2307 λέγω

179 2309 211 2335 ὲκ
224 2309 270 2335 τοῦ
289 2308 367 2342 ἐμοῦ.

215 2343 271 2378 (58)
291 2343 367 2378 llugo
386 2341 558 2378 (Etherianus
580 2343 599 2369 l.
625 2350 649 2370 c.
673 2351 680 2368 :
708 2341 853 2378 «Planius
876 2347 967 2370 autem

179 2377 316 2412 reserans,
328 2377 392 2412 quid
409 2378 443 2404 sit
458 2378 522 2404 illud
536 2378 608 2413 quod
621 2378 689 2404 dixit
702 2386 708 2404 :
724 2377 762 2403 Ue
774 2386 830 2413 meo
846 2378 966 2412 accipiet,

179 2415 309 2451 continuo
329 2413 469 2447 subiungit
484 2422 490 2439 :
507 2413 602 2451 Omnia
622 2420 680 2448 qum
699 2412 776 2451 habet
797 2412 888 2444 Pater,
908 2421 967 2451 mea

179 2454 250 2476 sunt.
275 2449 366 2481 Quare
388 2455 448 2483 mea
474 2450 611 2483 accipiens
628 2450 661 2475 de
681 2455 741 2474 meo
758 2447 836 2474 I’atre
857 2447 965 2482 accip'it,

179 2488 207 2510 et
229 2484 290 2511 ideo
309 2484 400 2511 dixit:
416 2482 484 2515 Quia
505 2482 604 2511 demeo
617 2483 737 2515 accipiet.
759 2484 822 2518 quia
840 2483 867 2509 in
887 2483 968 2510 Patre

178 2524 239 2545 sunt
261 2527 332 2546 mea.
352 2518 469 2553 Spiritus
497 2524 588 2546 autem
609 2519 642 2546 de
662 2518 742 2545 Patre
765 2518 882 2552 accipit;
905 2527 966 2545 nam

177 2561 240 2588 qua:
265 2554 352 2581 Patris
377 2558 451 2586 sunt,
477 2563 535 2581 mea
550 2559 624 2581 sunt.
640 2554 730 2586 Quare
748 2560 810 2579 cum
825 2554 890 2581 dicit
908 2564 913 2581 :
937 2555 968 2580 de

179 2597 246 2622 meo,
267 2590 300 2616 ad
317 2589 425 2615 Patrem
452 2594 559 2623 oportet
587 2590 768 2616 intentionem
795 2589 921 2624 dirigere,
941 2594 968 2616 et

178 2631 234 2651 non
250 2625 283 2652 ad
299 2625 382 2651 alium
401 2624 546 2652 divertere.
565 2634 575 2650 ι

216 2661 271 2693 (59)
286 2660 359 2687 Mon.
374 2659 431 2686 ἀλλ’
445 2660 507 2686 οὐδὲ
520 2661 584 2695 γάρ.

215 2695 274 2732 (66)
300 2696 347 2723 Sic
370 2731 375 2732 γ
394 2695 557 2732 γυιίεημιε
582 2695 814 2732 Ῠπροδιελέχθην).

177 2731 340 2766 προελέχθη.
357 2731 414 2758 Col.
430 2730 639 2766 προδιηλέχθην.

215 2766 272 2799 (δι)
288 2767 362 2793 Μοη.
379 2766 407 2793 ει.

213 2802 269 2835 (62)
286 2802 344 2829 Col.
363 2802 452 2828 omitt.
469 2801 508 2827 τό.

214 2836 271 2871 (65)
290 2837 349 2863 Col.
364 2837 454 2863 omitt.
473 2836 552 2870 πρός.

216 2874 272 2907 (61)
291 2872 393 2899 Monac.
412 2871 551 2906 ἀτρέπτῳ.

858 2695 964 2723 Monac.

1058 2165 1114 2201 (65)
1139 2165 1182 2201 Τὰ
1206 2165 1288 2201 ὑπὲρ,
1303 2165 1382 2201 λόγον
1406 2165 1475 2199 ἔργα
1506 2169 1571 2201 sunt
1592 2164 1808 2201 miraculae”.

1022 2199 1119 2236 Chrys.
1138 2200 1213 2227 hom.
1229 2199 1266 2227 59'
1283 2200 1310 2227 in
1328 2200 1397 2227 Gen.
1421 2208 1449 2226 ιι.
1465 2200 1490 2226 Ι.
1504 2200 1643 2236 Ϊιιθυᾱοι.
1659 2199 1765 2227 Heracl.
1780 2200 1810 2236 in

983 2247 1005 2274 ι)
1021 2235 1098 2274 Joaii.
1115 2243 1153 2267 xt.
1169 2236 1213 2268 40,
1230 2236 1301 2274 apud
1317 2236 1430 2274 got-der.
1454 2236 1481 2262 in
1498 2235 1612 2274 Catena,
1635 2250 1669 2255 —
1685 2235 1727 2274 ’l_‘6z_
1741 2235 1803 2270 ὑπὲί

1021 2272 1236 2314 φύὲχὶοριγοεοι
1247 2272 1302 2314 Lam
1317 2270 1448 2314 Qrigenes
1461 2275 1557 2298 contra
1568 2271 1639 2298 Cels.
1651 2279 1677 2302 v,
1693 2270 1736 2298 25.

1055 2307 1112 2340 (66)
1128 2305 1233 2333 Monac.
1252 2305 1295 2340 ἆρ’
1312 2305 1384 2340 οὐχί.

1056 2342 1111 2374 (67)
1127 2341 1185 2368 Col.
1205 2341 1317 2372 Ψεῦδος.

1056 2378 1112 2413 (68)
1129 2376 1206 2413 Hau_d
1221 2376 1439 2413 dissimilimodo
1454 2376 1492 2413 de
1503 2380 1578 2413 testu
1589 2375 1668 2403 Joan.
1684 2384 1746 2413 Evr,
1767 2376 1810 2406 Μ,

1019 2411 1160 2447 disputant
1174 2411 1307 2447 Georgius
1331 2411 1519 2447 Corcyreusis.
1535 2411 1663 2447 Nicotaus
1684 2411 1813 2447 Hydrun-

1020 2446 1094 2474 tinus
1111 2451 1137 2474 et
1150 2446 1311 2474 Theodorus
1327 2446 1433 2481 Smyrn.
1451 2447 1521 2481 apud
1534 2446 1662 2474 Allatium
1677 2447 1703 2473 in
1721 2446 1812 2474 Vindi-

1019 2483 1067 2509 ciis
1079 2482 1170 2517 synodi
1183 2482 1340 2517 Ephesium,
1350 2489 1410 2516 cap.
1427 2482 1472 2514 5|,
1488 2490 1515 2517 p.
1532 2481 1595 2509 295.

1057 2515 1111 2553 (69)
1130 2517 1187 2553 ρο).
1209 2515 1264 2551 ἐγὼ
1280 2518 1302 2544 δ’
1315 2515 1371 2544 οὖν.

1055 2551 1111 2589 (70)
1131 2551 1238 2579 Monac.
1263 2552 1405 2588 φροντίδος
1424 2551 1476 2584 ἔξω
1492 2552 1568 2588 θείην
1587 2553 1626 2585 ὤς
1641 2552 1679 2589 μὴ
1693 2551 1812 2585 ἀνιάτως

1019 2589 1125 2615 ἕνον-τα.

1034 2599 1235 2658 xiiii-Monac.
1254 2624 1297 2650 hic
1313 2622 1370 2658 ﬁgit
1385 2630 1445 2657 cap.
1463 2622 1507 2649 16.
1526 2622 1576 2650 Hic
1591 2623 1628 2651 uti
1650 2629 1722 2656 same
1736 2623 1811 2649 Pho-

1021 2660 1074 2686 tius
1097 2660 1283 2687 adversarium
1306 2657 1390 2685 veluti
1418 2657 1494 2693 gravi
1519 2659 1616 2686 morbo
1639 2658 1810 2686 laborantth

1019 2694 1142 2722 exhibet.
1159 2695 1199 2722 (ΞΓ.
1219 2703 1243 2722 c.
1259 2694 1286 2720 2.
1303 2693 1347 2720 60.
1365 2693 1408 2720 94.

1056 2729 1112 2763 (Η)
1132 2729 1191 2756 Col.
1208 2730 1249 2756 ὅτι
1261 2730 1293 2756 ἄν
1311 2737 1352 2754 σε.

1055 2762 1110 2800 (75)
1129 2764 1174 2800 Sic
1190 2765 1217 2791 iu
1235 2765 1293 2792 Vat.
1308 2768 1334 2790 et
1351 2762 1455 2800 Palab;
1473 2763 1581 2800 Monac.
1593 2773 1636 2796 τις
1648 2764 1724 2800 εἴπῃ.

1055 2799 1112 2833 (74)
1128 2799 1225 2826 Τελεία
1239 2800 1324 2826 altera
1344 2798 1405 2825 vice
1421 2798 1502 2826 deest
1515 2800 1543 2826 in
1558 2799 1630 2826 Mon.

1055 2833 1110 2870 (ἶῦ)
1129 2835 1187 2870 Col.
1200 2833 1442 2870 συνειστενούγκοι.

1056 2869 1110 2905 (76)
1128 2869 1185 2897 Col.
1203 2869 1298 2906 δεήσῃ.
