1941 3085
207 105 259 137 327

770 102 903 132 ΡΗΟΤΙΙ
922 101 1174 132 PATRIARCHE
1194 101 1248 132 (ΖΡ.

1781 105 1834 138 328

242 161 289 189 48.
308 161 380 188 Esto.
398 159 434 187 At
448 158 575 192 inquiunt
585 155 712 183 nonnulli
725 155 869 183 hatreticos
882 155 991 182 dicere:

1085 159 1141 190 μη’.
1163 154 1241 191 (λη’.)
1268 153 1341 183 Εῐεν.
1364 156 1446 184 Ἀλλὰ
1469 157 1524 193 γάρ
1542 158 1609 193 φασί
1625 167 1697 192 τινες
1713 160 1776 193 τοὺς
1788 163 1833 188 αἱ-

209 207 349 240 Quomodo
402 213 458 232 non
482 203 628 231 manifeste
659 201 810 237 repudiatis
840 208 995 236 praeconem

210 253 285 280 illum
299 251 426 279 Ecclesia:
434 249 561 284 orbisque
572 249 711 275 doctorem
722 247 846 280 Paulum,
856 247 996 274 crelestem

210 299 285 326 illum
303 298 401 327 virum,
421 296 468 330 qui
482 294 584 329 ingenti
603 301 722 328 vereque
740 293 845 320 caelesti
860 293 995 320 exclamat

209 352 294 372 voce:
309 343 378 370 Misit
392 342 460 368 Deus
474 341 604 375 Spiritum
624 339 685 366 Filii
702 340 743 365 sui
763 339 791 366 in
809 340 888 366 corda
907 345 995 365 vestra

209 391 388 417 clamantem:
407 388 492 418 Abba,
518 387 601 414 Pater
617 387 649 411 ⁶¹.
667 386 694 413 Si
713 386 796 421 igitur
815 384 915 413 Paulus
928 385 995 420 dog-

209 441 311 464 matum
326 440 462 463 rectorum
478 441 572 461 norma
589 432 720 468 Spiritum
736 433 802 459 dicit
817 440 833 459 e
844 432 913 459 Filio
927 440 993 466 pro-

208 484 316 515 cedere,
334 482 472 518 quomodo
491 481 537 516 qui
560 481 611 508 hoc
632 488 687 507 non
712 479 881 511 admittunt,
904 479 993 513 ipsum

207 530 401 565 mysteriorum
422 528 574 556 caelestium
596 527 736 554 doctorem
759 534 813 553 non
830 524 995 560 repudiant?

206 578 243 604 At
257 575 335 610 quis,
355 582 447 609 quaeso
467 573 580 600 Paulum
608 580 771 599 arcanorum
802 571 994 607 mysteriorum

207 623 349 650 doctorem
363 621 475 648 calculis
487 621 616 647 omnibus
636 619 740 654 respuit
751 641 758 652 ,
780 627 812 646 an
829 619 852 645 is
867 618 912 653 qui
930 626 994 645 cum

206 668 317 696 Christo
333 667 462 702 magistro
472 674 522 693 suo
536 671 563 692 et
578 665 716 692 communi
733 665 846 692 Domino
859 664 995 692 contradi—

206 718 315 743 centem
327 713 473 741 ostendere
485 713 631 744 nititur,an
644 720 709 739 vero
722 712 767 746 qui
778 712 862 746 ipsius
873 718 935 737 cum
949 710 994 738 illo

205 760 414 788 consensionem
443 760 672 793 concordiamque
701 764 842 785 reveretur
864 765 896 784 ac
920 757 993 784 cele-

205 806 283 833 brat?
298 806 326 832 Si
339 805 412 832 enim
433 805 566 832 Dominus
581 805 690 839 quidem
714 804 846 839 Spiritum
861 811 895 831 ex
913 803 993 831 Patre

204 852 353 888 procedere
364 852 452 883 docet,
467 850 580 878 Paulum
594 858 660 878 vero
675 850 779 877 inducit
796 850 906 878 haeresis
919 857 994 877 asse-

206 901 312 926 rentem
328 905 360 925 ex
376 897 456 929 Filio,
469 902 530 924 uter
545 904 654 932 qumso.
678 896 754 923 illum
772 896 919 930 repudiat?
936 895 993 922 lmo

205 945 298 980 potius
311 944 334 971 is
349 944 424 971 illum
442 943 577 978 repudiat,
590 943 635 977 qui
655 942 880 969 coritradictionis
898 942 994 968 adver-

205 994 251 1014 sus
266 987 410 1014 Dominum
421 995 485 1014 eum
501 986 860 1021 accusatinevitabilcmque
880 986 992 1013 temeri-

205 1033 267 1060 tatis
285 1041 394 1067 poanam
410 1033 460 1060 sibi
472 1033 614 1067 acquirere
632 1040 693 1059 cum
719 1032 872 1059 contendit.
893 1031 991 1064 Vides,

205 1079 342 1114 quomodo
356 1079 432 1106 orbis
445 1078 564 1106 universi
579 1078 718 1105 doctorem
740 1077 861 1105 doctoris
889 1077 993 1104 honore

205 1125 278 1152 haud
294 1133 395 1152 exuere
410 1124 492 1156 nosti,
504 1124 641 1158 quomodo
653 1132 727 1154 eum,
741 1123 786 1158 qui
799 1131 850 1150 nos
862 1123 895 1150 ad
909 1123 994 1158 pieta-

206 1176 259 1198 tem
274 1171 350 1198 ducit
360 1178 415 1197 non
428 1170 606 1198 veneratione
619 1170 787 1205 obsequiuve
804 1171 991 1205 prosequeris,

203 1217 252 1244 sed
269 1216 379 1243 infantia
400 1221 482 1251 atque
500 1216 649 1251 ignominia
671 1216 816 1251 inspergis.
845 1217 900 1244 Sed
924 1217 993 1244 nihil

203 1267 302 1298 preter
322 1271 428 1290 morem
451 1271 532 1290 suum
550 1264 594 1290 hic
615 1264 670 1299 agit
692 1263 813 1290 htBI'CSiS.
838 1263 904 1296 Qua:
918 1263 992 1290 enim

203 1308 293 1343 ipsum
303 1308 400 1336 Filium
418 1308 594 1343 Verbumque
605 1309 652 1335 Dei
666 1309 831 1336 ealumniata
845 1308 906 1339 fuit,
918 1307 992 1342 quod

203 1362 295 1383 secum
311 1355 370 1389 ipse
388 1355 533 1389 aliquando
546 1355 690 1391 pugnarit,
708 1355 846 1390 quomodo
863 1363 919 1382 non
937 1355 990 1383 sibi

203 1406 388 1428 consentanea
401 1401 475 1433 facit,
493 1401 557 1428 dum
575 1406 602 1428 et
613 1401 763 1438 genuinum
778 1401 837 1436 ejus
860 1401 992 1428 famulum

203 1452 231 1474 et
245 1447 411 1482 discipulum
423 1447 473 1482 ipsi
485 1448 622 1475 contraria
640 1448 777 1474 dicentem
797 1448 893 1482 objicit
913 1455 991 1474 eum-

1048 199 1182 234 ρεσιώτας
1200 199 1305 233 λέγειν·
1324 199 1386 232 Πῶς
1401 201 1429 228 δὲ
1445 201 1490 228 τὸν
1515 203 1627 237 κήρυκα
1646 205 1696 239 τῆς
1717 206 1833 242 Ἐκκλη-

1048 244 1119 276 σίας,
1132 245 1178 271 τὸν
1193 245 1242 280 τῆς
1253 246 1417 281 οἰκουμένης
1431 247 1591 275 διδάσκαλον
1607 249 1658 276 οὐκ
1671 249 1704 277 ἂν
1719 251 1829 286 ἁλοίητε

1046 291 1293 326 παραγραψάμενοι
1324 293 1444 327 Παῦλονς
1483 295 1590 321 ἐκεῖνον
1622 295 1668 322 τὸν
1703 296 1832 331 οὐράνιον

1046 336 1200 371 ἄνθρωπον,
1226 337 1255 368 ὃς
1280 337 1351 372 μέγα
1382 348 1412 365 τε
1432 340 1478 366 καὶ
1504 340 1541 371 ὡς
1568 341 1678 376 ἀληθῶς
1705 343 1832 378 οὐράνιον

1046 384 1234 419 ἀνακέκραγεν
1246 393 1252 398 ·
1276 385 1508 416 Ἐξιιπέστειλεν
1524 388 1540 414 ό
1558 387 1631 421 Θεὸς
1652 388 1683 415 τὸ
1708 390 1831 425 Πνεῦμα

1045 430 1098 457 τοῦ
1115 430 1185 457 Υίοῦ
1200 430 1294 457 αὐτοῦ
1310 432 1355 464 εις
1371 431 1423 464 τὰς
1442 433 1566 466 καρδίας
1580 433 1664 468 ὑμῶν
1681 434 1747 470 (10),
1758 435 1831 470 κρᾶ-

1046 476 1094 505 ζον
1108 485 1114 491 ·
1138 475 1234 509 Ἀϐϐᾶ,
1251 478 1267 502 ὀ
1283 476 1395 510 Πατήρ.
1410 477 1441 503 El
1458 475 1504 504 οὖν
1525 479 1630 511 Παῦλος
1646 481 1660 507 ό
1673 481 1727 507 τῶν
1742 481 1830 516 ὀρθῶν

1044 522 1188 558 δογμάτων
1215 522 1334 558 γνώμων
1361 523 1391 550 τὸ
1409 524 1521 558 Πνεῦμα
1541 525 1615 559 λέγει
1638 526 1669 552 ὲκ
1698 526 1746 552 τοῦ
1766 527 1830 554 Υἱοῦ

1045 569 1253 604 ἐκπορεύεσθαι,
1282 569 1341 601 πῶς
1375 571 1400 597 οἱ
1433 571 1470 606 μὴ
1500 571 1582 598 τοῦτο
1614 573 1831 608 παραδεχόμενοι

1044 614 1126 641 αὐτὸν
1150 615 1197 641 τὸν
1219 617 1398 650 μυσταγωγὸν
1424 616 1478 642 τῶν
1495 618 1630 652 οὐρανίων
1663 619 1831 654 παραδέχον-

1044 661 1168 696 ται(11);
1194 662 1248 688 Καὶ
1275 663 1317 695 τίς
1345 664 1404 689 ἐστι
1440 663 1545 690 Παῦλον
1576 665 1622 691 τὸν
1649 664 1750 701 θεωρὸν
1776 666 1831 692 τῶν

1046 706 1102 743 [50]
1132 708 1295 743 ἀπορρήτων
1317 709 1346 739 ὃς
1369 709 1489 740 ἁπάσαις
1519 709 1621 745 ψήφοις
1647 712 1829 747 παραγράφε-

1045 755 1168 790 ται(12),
1196 757 1210 782 ὁ
1224 755 1292 791 πρὸς
1314 756 1359 782 τὸν
1385 757 1544 784 διδάσκαλον
1561 758 1644 784 αὑτοῦ
1661 758 1709 785 καὶ
1739 760 1829 786 κοιιὺν

1046 802 1184 836 Δεσπότην
1212 802 1461 837 ἀντιφθεγγόμενον
1487 803 1617 835 ἐπιδεῖξαι
1632 804 1687 839 (15)
1715 805 1832 832 σπουδά-

1045 847 1143 882 ζων,ἢ
1171 847 1185 873 ὁ
1210 847 1259 882 τὴν
1284 848 1351 883 πρὸς
1370 849 1451 875 αὑτὸν
1489 850 1648 884 συμφωνίαν
1673 850 1757 878 αὑτοῦ
1785 851 1831 878 διὰ

1048 893 1219 927 σείάσματος
1233 894 1307 926 ἄγων
1321 894 1371 920 καὶ
1388 894 1515 929 ἁνυμνῶν
1525 904 1532 928 ;
1544 895 1576 921 Et
1593 895 1646 930 γὰρ
1659 896 1674 922 ὁ
1685 897 1829 932 Δεσπότης

1046 939 1095 974 μὲν
1111 940 1143 965 ἐκ
1153 939 1200 965 τοῦ
1214 939 1320 975 Πατρδς
1334 940 1364 966 τὸ
1379 940 1491 976 Πνεῦμα
1512 941 1712 976 ἐκπορεύεσθαι
1744 951 1829 977 μυστ-

1044 987 1156 1019 αγωγεῖ,
1188 986 1293 1012 Παῦλον
1313 987 1342 1013 δὲ
1367 987 1384 1022 ἡ
1401 987 1506 1022 αἵρεσις
1533 987 1706 1023 δογματίζειν
1725 989 1831 1023 εἰσάγει

1043 1032 1075 1057 ὲκ
1103 1031 1150 1058 τοῦ
1171 1031 1247 1063 Υῑοῦ,
1270 1032 1311 1064 τίς
1323 1032 1357 1059 ἂν
1372 1032 1416 1068 εἴη
1437 1033 1452 1059 ὁ
1482 1034 1732 1069 παραγραφὸμενος
1754 1035 1829 1071 (14);

1046 1077 1145 1113 μᾶλλον
1165 1078 1194 1105 δὲ
1209 1079 1223 1105 ὁ
1239 1079 1412 1114 γραφόμενος
1435 1079 1515 1106 αὑτὸν
1536 1081 1705 1117 Δεσποτικῆς
1724 1081 1832 1109 ἀντιλο-

1044 1124 1106 1158 γίας
1135 1124 1183 1151 καὶ
1209 1125 1288 1160 δίκην
1317 1125 1437 1160 ἄφυκτον
1462 1126 1508 1153 τοῦ
1532 1127 1708 1162 τολμήματος
1738 1137 1827 1164 χρεω-

1045 1172 1116 1197 στεῖν
1129 1170 1197 1206 (IS).
1218 1171 1310 1207 Ὁρᾷς,
1327 1172 1401 1203 ὅπως
1423 1171 1510 1206 ἔγνως
1529 1172 1574 1200 τὸν
1590 1174 1640 1208 τῆς
1666 1174 1831 1210 οἰκουμένης

1043 1217 1201 1244 διδάσκαλον
1231 1218 1286 1244 τῶν
1310 1217 1508 1245 διδασκαλικῶν
1542 1219 1631 1254 γερῶν
1653 1219 1691 1255 μὴ
1714 1220 1831 1247 ἀποστε-

1046 1264 1111 1298 ρεῖν,
1128 1264 1203 1294 ὅπως
1218 1264 1263 1290 τὸν
1280 1265 1347 1299 πρὸς
1361 1264 1411 1300 τὴν
1425 1264 1480 1300 (16)
1496 1265 1640 1292 εὐσέϐειαν
1657 1266 1754 1300 ὁδηγὸν
1769 1267 1832 1294 ἀντὶ

1043 1310 1090 1336 τοῦ
1102 1310 1136 1336 δι’
1151 1310 1241 1341 αἰδοῦς
1252 1309 1328 1343 ἄγειν
1335 1311 1381 1337 καὶ
1393 1310 1563 1346 σεϐάσματος
1577 1312 1718 1347 ἑπιρρήτῳ
1731 1312 1832 1348 γνώμῃ

1043 1356 1272 1391 δυσφημεῖςῌἹ).
1294 1356 1364 1382 Ἀλλ’
1387 1357 1462 1383 οὐδὲν
1480 1357 1496 1392 ή
1518 1357 1625 1392 αἵρεσις
1635 1358 1690 1393 (18)
1708 1358 1831 1384 καινότε-

1045 1410 1091 1437 ρον
1108 1402 1155 1427 τοῦ
1175 1402 1305 1436 συνήθους
1333 1403 1413 1429 ποιεῖ.
1434 1403 1467 1428 Ἦ
1478 1402 1531 1437 γὰρ
1547 1403 1629 1430 αὐτὸν
1656 1404 1828 1438 συκοφαντή-

1045 1455 1116 1473 σασα
1133 1446 1178 1472 τὸν
1194 1446 1259 1472 Tib-1
1271 1447 1320 1473 καὶ
1337 1447 1422 1481 Λόγον
1451 1447 1498 1474 τοῦ
1529 1447 1597 1474 Θεοῦ
1617 1448 1657 1478 εἰς
1677 1448 1827 1482 διαφωνίαν

203 1500 256 1528 que
289 1493 434 1521 ostendere
474 1493 572 1520 nititur
609 1493 733 1529 magistri
772 1493 815 1520 sui
852 1499 989 1522 correcto-

1045 1493 1184 1523 ἐκπεσεῖν,
1217 1491 1276 1524 πῶς
1302 1492 1352 1518 οὐκ
1381 1492 1515 1518 ἀκόλουθα
1536 1492 1650 1527 πράττει
1665 1492 1720 1529 (19)
1745 1493 1829 1528 ἑαυτῇ

203 1540 281 1567 rem?

237 1673 281 1701 49.
300 1672 335 1700 At
349 1673 469 1704 ubinam,
486 1681 589 1709 qumso,
606 1673 707 1701 Paulus
722 1673 847 1706 affirmat,
860 1673 990 1708 Spiritum

203 1720 341 1754 procedere
353 1728 368 1746 a
381 1719 450 1746 Filio
461 1720 545 1746 Ῡίϋδεε
552 1720 661 1754 quidem
673 1721 803 1755 Spiritum
818 1719 876 1746 Filii
892 1720 991 1756 (neque

204 1767 276 1793 enim
290 1766 396 1793 alienus
409 1771 467 1798 est;
484 1766 566 1799 absit)
581 1771 609 1793 et
621 1766 666 1793 ille
682 1766 752 1794 dixit
764 1771 791 1794 et
805 1766 850 1793 Dei
868 1766 991 1794 Ecclesia

203 1813 348 1841 conﬁtetur
368 1820 400 1840 ac
415 1812 562 1847 praedicat;
588 1813 726 1847 procedere
748 1818 840 1840 autem
862 1822 894 1840 ea:
914 1813 986 1840 Filio

203 1868 292 1895 neque
307 1868 339 1887 ex
355 1859 429 1887 illius
450 1859 541 1886 divina
560 1859 652 1895 lingua
671 1860 791 1895 prodiit,
809 1867 900 1895 neque
919 1860 991 1887 ullus

238 1938 261 1955 “
286 1939 416 1972 Galat.tv,
432 1938 459 1966 6.

1044 1538 1091 1564 κον.)¹
1106 1538 1150 1564 τὸν
1166 1537 1248 1565 αὐτοῦ
1272 1538 1383 1573 γνήσιον
1400 1537 1555 1574 θεράποντα
1573 1538 1620 1564 καὶ
1647 1538 1771 1574 μαθητὴν
1788 1539 1829 1570 εἰς

1043 1583 1198 1615 ἀντιλογίαν
1213 1583 1269 1617 (20)
1284 1583 1473 1610 ἁντανιστῶσα
1493 1583 1542 1609 καὶ
1556 1583 1750 1618 φιλονεικοῦσα
1770 1583 1828 1610 δεῖ-

1045 1630 1088 1662 ξαι
1100 1630 1146 1657 τοῦ
1158 1630 1317 1656 διδασκάλου
1335 1630 1492 1665 διωροωτήν
1506 1629 1561 1665 (21)

1081 1677 1134 1711 μθ¹.
1149 1675 1208 1712 [α’.]
1223 1676 1277 1702 Ποῦ
1305 1675 1361 1711 (22)
1384 1676 1412 1702 δὲ
1438 1676 1543 1707 Παῦλος
1562 1676 1595 1702 ἂν
1618 1676 1707 1710 ἐλέγει
1728 1676 1782 1711 (25)
1798 1677 1830 1704 τὸ

1041 1722 1151 1757 Πνεῦμα
1159 1722 1375 1755 ἐκπορεύεσθαι
1391 1722 1444 1749 τοῦ
1456 1721 1513 1758 [Si]
1526 1722 1610 1755 Υίοῦ;
1626 1720 1701 1749 εἶναι
1713 1723 1761 1758 μὲν
1770 1723 1828 1755 (26)

1041 1769 1096 1804 γὰρ
1118 1768 1165 1794 τοῦ
1191 1768 1258 1795 Υἱοῦ
1285 1769 1356 1802 (οὐδὲ
1379 1768 1434 1803 γὰρ
1462 1768 1621 1804 ἀλλότριον·
1642 1768 1678 1804 μὴ
1691 1768 1828 1803 γένοιτοῐ)

1040 1816 1167 1846 κάκεῖνος
1182 1813 1244 1841 εἷπε
1259 1815 1306 1841 καὶ
1331 1816 1348 1850 ή
1364 1815 1410 1841 τοῦ
1430 1815 1497 1842 Θεοῦ
1517 1815 1666 1850 Ἐκκλησία
1683 1812 1830 1850 συνομολο-

1040 1862 1084 1894 γεῖ
1098 1861 1146 1887 καὶ
1174 1861 1388 1888 συνεπίσταται·
1416 1861 1634 1895 ἐκπορεύεσθαι
1658 1860 1693 1888 δὲ
1717 1860 1752 1888 ἐκ
1773 1861 1831 1887 τοῦ

750 2025 869 2054 ἾΑΒΙΑΞ
886 2025 1077 2055 LECTIONES
1097 2025 1140 2052 ET
1155 2025 1271 2053 NOTE.

202 2113 274 2145 τινός
287 2113 360 2139 ἐστιν
371 2113 446 2144 ἴδιον,
460 2112 591 2148 ζητητέον
602 2110 690 2145 αὖθις,
701 2113 726 2138 εἰ
740 2112 902 2148 προσωπική
916 2112 989 2148 ἐστιν

203 2148 272 2184 αῦτη
290 2149 306 2184 ἢ
332 2149 450 2183 φυσική·
466 2146 560 2174 καὶεί
578 2148 626 2183 μὲν
652 2146 902 2184 φυσικὴίφυσικῆς.
917 2147 990 2178 τινος

203 2185 255 2224 (sic
267 2181 391 2224 iniit-od.)
410 2181 638 2224 ἐνεργείαςέσται
653 2183 683 2224 το
694 2181 818 2224 -ςηνεῦμα
840 2181 988 2224 ἀλλότριον,

203 2213 348 2246 κάντεῦθεν
363 2213 394 2253 δή
410 2213 512 2253 stat-1'71;
525 2213 641 2253 (ῥύσεως,
659 2218 720 2244 εἰδὲ
738 2213 913 2252 πρὸσωπικὴ,
923 2213 992 2253 inps;
1008 2213 1030 2241 D

204 2254 234 2280 ἓν
250 2251 395 2290 πρόσωπον
403 2251 564 2290 ὡρισμένως
573 2253 799 2290 ἀνενεχθήσεταιμ·
819 2252 869 2290 μία
881 2252 943 2290 γὰρ.
954 2251 993 2290 τῴ

202 2287 311 2324 ἀριθμῷ
325 2287 489 2324 προσωττικὴ
500 2289 623 2324 ἐνέργεια
652 2287 754 2319 ἀπάσαις
777 2287 916 2324 ᾲνάγκαις
933 2287 993 2324 sit;

203 2298 311 2324 αριυμῳ
325 2298 489 2324 προσωπικη
500 2298 543 2314 ενε
564 2298 623 2322 γεια
652 2298 754 2319 πασαις
780 2298 916 2320 αναγκαις
934 2298 993 2317 avo;

203 2325 281 2351 ἔσται
302 2323 445 2358 προσώπου
459 2324 527 2358 πρὸς
542 2298 571 2349 ἔν
587 2323 727 2359 ἐνέργημα
742 2322 883 2359 τείνουσα-ο
904 2322 993 2359 μάτην

203 2359 257 2395 ἄρα
270 2357 372 2386 λατῖνοι
388 2359 438 2394 τὴν
457 2357 522 2393 μίαν
539 2357 704 2395 coeptam;
712 2357 992 2395 προξξλητξκῂν-ξνέλρ-

203 2391 279 2428 γὲιάν
298 2403 328 2420 τε
349 2395 396 2420 καὶ
416 2391 538 2428 ὶδιότητα
562 2391 710 2429 τῴ⁷πατρὶ
736 2391 785 2418 καὶ
811 2391 849 2426 τῷ
875 2392 932 2427 Υἱῴ
951 2391 992 2418 δι-

201 2429 288 2457 δόασι.

240 2466 295 2499 (to)
312 2464 417 2491 Monac.
435 2472 496 2491 cum
513 2464 638 2499 plurimis
651 2464 683 2490 N.
703 2462 735 2490 T.
750 2462 815 2490 edit.
830 2462 919 2497 ἡμῶν.

242 2501 263 2534 (l
274 2502 296 2531 1)
310 2500 394 2526 Palat.
413 2500 434 2526 f.
449 2500 501 2526 227
513 2507 539 2526 a.
551 2499 637 2526 Vatic.
653 2499 672 2525 f.
689 2499 741 2525 202
754 2506 778 2524 a.
798 2499 899 2525 habent
915 2506 920 2523 :
936 2506 990 2523 πα-

205 2535 486 2571 ραγράφονταιπίιιιοά
505 2536 550 2562 hic
565 2534 715 2571 postularet
728 2533 886 2568 particulam
899 2540 991 2571 __ncga-

204 2568 298 2601 iivaiu,
318 2571 388 2597 unde
410 2568 514 2597 Monac.
536 2568 604 2596 cad.
634 2569 779 2596 lectionem
809 2568 988 2603 pra‘tulimus.

204 2606 303 2640 lieipsa
317 2605 373 2631 Col.
389 2614 415 2640 p.
429 2606 481 2632 289
489 2605 569 2631 habet
580 2613 587 2637 ;
600 2604 645 2630 *οὺ
657 2605 897 2640 παραγράερονται.
913 2603 986 2629 Huc»

203 2638 290 2675 usque
312 2638 399 2667 .vcrba
414 2640 650 2672 adversariorum;
666 2639 767 2667 abhinc
786 2638 900 2666 Photius
920 2645 987 2665 con-

202 2681 245 2705 tra
260 2684 308 2704 eos
320 2678 417 2711 arguit.

239 2711 294 2746 (12)
311 2710 383 2737 Moii.
398 2711 418 2738 f.
436 2710 486 2738 459
502 2718 528 2738 a.
544 2710 755 2746 παραγράφετε.

240 2746 295 2781 (15)
308 2746 381 2773 Mon.
395 2746 490 2778 δεῖξαι.

239 2782 294 2817 (14)
316 2781 388 2808 Μοιι.
414 2781 509 2808 habuit
534 2781 787 2817 παραγραφόμενοι·
818 2780 865 2808 sed
893 2784 985 2814 postea

205 2821 356 2846 correctum
372 2820 424 2843 est.

239 2851 296 2888 (15)
309 2851 381 2878 Mon.
390 2850 545 2886 χρεωστῶν.

1080 2112 1135 2147 (16)
1152 2112 1209 2147 Τήν
1223 2112 1300 2139 deest
1313 2112 1340 2139 in
1357 2111 1429 2139 Mon.

1080 2147 1136 2182 (17)
1147 2147 1217 2174 Mon.
1233 2148 1395 2182 δυσφημεῖν.

1080 2183 1136 2219 (18)
1152 2182 1223 2209 Mon.
1242 2182 1384 2218 διαίρεσις.

1081 2218 1136 2253 (19)
1158 2218 1230 2245 Mon.
1245 2219 1384 2252 πράττεις.

1080 2253 1135 2288 (20)
1153 2254 1210 2280 Col.
1228 2254 1274 2284 Ei;
1289 2254 1336 2288 τὴν
1353 2254 1438 2280 ἁντιλ.

1080 2289 1134 2332 (9.1)
1155 2291 1236 2332 ﬁdam
1249 2289 1284 2328 de
1298 2288 1483 2332 eodenitextu
1500 2287 1709 2332 disputationem
1720 2287 1754 2332 ‘i-n
1780 2295 1826 2332 ep.

1043 2325 1076 2352 ad
1094 2323 1210 2358 Atiuilei.
1229 2324 1270 2350 his
1283 2323 1373 2350 verbis
1393 2324 1542 2351 introducit
1563 2323 1675 2349 Photius
1689 2330 1699 2348 :
1720 2323 1828 2351 Ἄκοῦω

1043 2360 1070 2385 δὲ
1084 2360 1195 2389 τούτους
1227 2359 1444 2393 θρασυνομένους
1474 2359 1543 2385 κατὰ
1562 2358 1668 2384 Παύλου
1686 2359 1732 2384 καὶ
1752 2360 1826 2385 κατὰ

1042 2395 1088 2420 τοῦ
1102 2394 1194 2420 κοινοῦ
1213 2394 1344 2420 δεσπότου
1367 2395 1416 2420 καὶ
1429 2393 1590 2420 διδασκάλου
1607 2393 1653 2418 τὸν
1668 2393 1738 2419 Οεῖον
1754 2393 1827 2420 Παῦ-

1042 2429 1087 2455 λον
1104 2431 1143 2460 εἰς
1171 2429 1336 2464 συνηγορίαν
1372 2430 1420 2462 τῆς
1449 2428 1552 2459 οἰκείας
1588 2427 1825 2464 προϐαλλομένους

1042 2465 1189 2499 αἱρέσεωςι
1211 2461 1388 2495 ἐξα-ιτέστειλε
1401 2461 1469 2498 γὰρ,
1492 2464 1585 2499 φασὶν,
1610 2461 1687 2499 εἶπεν
1701 2483 1708 2494 ,
1763 2463 1826 2499 θεὸς

1040 2497 1133 2526 conv.
1151 2508 1178 2526 κ.
1200 2508 1226 2525 τ.
1241 2499 1265 2526 λ.
1287 2498 1357 2524 Ἀλλ’
1382 2497 1537 2531 οἵγεγτοῦτο
1559 2498 1640 2532 ῥητὸν
1654 2498 1703 2531 τὴν
1715 2497 1826 2528 Ῐοίκείαν

1041 2535 1186 2569 κρατύνειν
1200 2534 1321 2569 ἀμαθίαν
1332 2534 1489 2567 νομίζοντες
1502 2534 1590 2559 ἐκεῖνο
1600 2532 1821 2569 γινωσκέτωσαν,

1039 2567 1077 2601 ὡς
1093 2572 1121 2596 ἐν
1133 2568 1174 2601 οἷς
1190 2567 1245 2601 τοῖς
1265 2569 1312 2595 τοῦ
1339 2569 1444 2595 Παύλου
1467 2570 1559 2604 ῥητοῖς
1584 2567 1826 2604 ὑπολαμϐάνουσιν

1039 2605 1239 2640 ἐπερείδεσθαι,
1253 2604 1368 2636 ἑαυτοὺς
1384 2602 1484 2638 μᾶλλον
1496 2605 1703 2639 ἁμαρτάνοντας
1715 2602 1823 2636 ἐξελέγ-

1039 2649 1140 2674 χουσιν.

1073 2676 1129 2710 (22)
1145 2675 1216 2702 Μοῐι.
1235 2675 1303 2701 Dav.

1075 2707 1129 2745 ('25)
1148 2711 1193 2737 Sic
1209 2714 1264 2736 tres
1279 2710 1365 2736 nostri
1380 2709 1478 2741 codd.;
1489 2708 1558 2745 fort.
1576 2708 1664 2742 ἔλεγε.
1675 2708 1732 2735 Col.
1751 2707 1824 2745 Παῦ-

1037 2743 1091 2777 λος,
1120 2743 1258 2780 ἄνθρωπε,
1299 2745 1384 2779 λέγει.
1414 2745 1454 2771 Ex
1479 2744 1526 2771 ἆνε
1547 2744 1622 2778 λέγει
1644 2748 1732 2772 ortum
1755 2743 1823 2770 illud

1038 2783 1070 2808 ἂν
1091 2781 1191 2814 ἐλέγει.

1073 2817 1128 2852 (21)
1141 2817 1210 2843 Mon.
1225 2815 1250 2841 ει
1269 2815 1319 2850 μὲν
1337 2815 1401 2849 γὰρ.
