1940 3081
157 133 207 164 337

675 134 722 164 DE
740 135 771 165 S.
792 134 970 164 SPIRITUS
987 135 1237 166 MYSTAGOGIA.

1735 135 1788 166 338

155 192 203 226 τῆς
219 189 432 225 ἀποκαλύψεως,
448 191 498 226 τῆς
519 191 685 226 ἐπαγγελίας
698 201 729 218 τε
753 192 800 218 καὶ
815 191 867 226 τῆς
885 192 946 227 κρί-

1004 200 1133 227 proquam
1163 191 1330 219 contendere
1359 196 1454 226 potes,
1490 192 1556 220 licet
1585 192 1612 220 id
1639 192 1786 220 admodum

157 246 225 269 σεως
242 237 290 263 καὶ
304 237 342 270 (5)
369 237 505 269 συνέσεως
518 246 525 253 ·
547 238 589 264 ὅτι
619 238 686 273 μηδὲ
715 239 880 272 κακουργεῖν
903 246 946 265 σοι

157 286 289 318 πάρεστιν
306 283 373 318 μηδὲ
385 282 446 310 λίαν
469 283 625 319 βουλομένῳ
635 283 741 315 τούτοις
760 283 946 318 ὀνομάζεσθαι

156 329 201 356 τὸν
215 329 279 355 Υῑόν
294 328 342 363 t6),

192 375 241 402 νϐ’.
273 375 305 402 Ei
332 375 361 402 δέ
383 383 427 407 τις
450 375 480 401 ὲν
508 374 614 407 τούτοις
642 375 763 410 Πνεῦμα
791 374 946 411 νομίσοι(7)

159 419 420 456 παραλαμσάνεσθαι
438 420 489 447 οὐκ
506 420 572 447 αὐτὸ
588 420 619 446 τὺ
637 420 769 454 πανάγιον
782 421 830 447 καὶ
849 419 947 454 ὁμοσύ-

159 474 215 493 σιον
236 466 284 493 τοῦ
311 466 418 501 Πατρδς
434 465 541 493 καὶτοῦ
570 466 635 493 Υἱοῦ
669 465 792 501 Πνεῦμα,
820 466 889 493 ἀλλὰ
911 466 947 493 τὰ

160 513 264 539 ἐκεῖθεν
291 511 409 547 βρύοντα
435 512 593 548 χαρίσματα
606 512 657 548 (8),
683 511 750 539 διότι
765 512 834 547 πρὸς
856 513 947 539 έκεῖνο

159 557 208 594 τὴν
225 558 365 594 ἀναφορὰν
392 557 449 593 ἔχει
478 558 526 585 καὶ
548 558 613 584 αὐτὸ
636 559 723 586 ταῦτα
747 559 881 593 διανέμει,
898 557 949 593 τὴν

159 603 206 630 τοῦ
223 603 387 637 Πνεύματος
396 603 555 639 ἐπωνυμίαν
579 603 784 636 οἰκειώσασθαι,
801 603 890 630 καίτοι
908 603 946 638 (9)

160 649 246 675 πολλᾶ
261 648 352 683 λέγειν
366 648 437 684 ἔχων
451 649 528 684 ὅμως
543 648 592 676 νῦν
612 649 663 676 οὐκ
680 649 737 684 (10)
753 648 819 684 ἐρῶ.
839 649 889 675 Διὰ
902 648 947 680 τίς

161 695 218 730 (59]
233 695 305 721 Διότι
320 696 345 721 ει
360 695 407 721 καὶ
420 694 500 721 τοῦτο
515 694 718 730 συγχωρηθείη,
734 694 811 721 οὐδὲν
835 694 948 721 ἔλαττον

160 741 330 776 αὐτῶνιῌι)
357 741 542 776 ἀπελέγχεται
564 741 614 775 τῆς
642 741 818 776 παρανομίας
836 741 893 776 (12)
917 741 948 767 τὸ

160 787 346 823 ἐπιχείρημα·
373 787 435 813 ἐπεὶ
455 788 509 822 γὰρ
528 786 576 813 τοῦ
592 786 752 821 Πνεύματος
777 786 888 821 λέγεται
913 787 948 813 τὰ

160 834 327 869 χαρίσματα,
343 834 357 860 ὁ
372 833 402 860 δὲ
416 833 508 865 καινὸς
522 833 614 864 αὐτοῖς
630 833 772 860 ἐπιτάσσει
784 832 841 868 (1'5)
853 832 946 866 νόμος,

160 878 266 904 ἐκεῖθεν
283 877 409 912 προϊέναι
422 877 571 912 κηρύσσειν
587 877 643 912 (14)
659 878 688 903 τὸ
710 876 833 911 Πνεῦμα,
855 873 885 903 οὗ
900 878 947 904 καὶ

160 921 231 950 εἶναι
249 922 369 956 λέγεται,
395 923 486 950 οὐκέτι
501 923 532 950 τὸ
554 922 666 958 Πνεῦμα
679 919 717 950 ὧν
727 922 848 956 λέγεται,
861 923 949 950 ταῦτα

161 969 294 1004 προάγειν
330 968 441 1004 ἐροῦσιν
456 968 523 1004 (15),
551 968 609 995 ἀλλ’
641 968 870 1004 ἀντιστρέψαντες
893 968 949 1004 (16)

163 1015 279 1049 φήσουσι
293 1014 344 1048 τῆς
358 1014 492 1045 συνέσεως
502 1013 701 1050 ἐκπορεύεσθαι
716 1015 762 1040 καὶ
777 1014 902 1050 προϊέναι
919 1014 949 1041 τὸ

161 1060 284 1096 χάρισμα
310 1059 423 1094 καὶτῆς
440 1060 537 1094 σοφίας
562 1059 682 1086 καὶτῶν
707 1059 795 1087 ἄλλων
820 1060 949 1087 ἁπάντων

160 1106 215 1132 τῶν
225 1104 525 1140 προειρημένων-ὥστε
540 1105 571 1132 οὐ
587 1105 617 1132 τὸ
633 1105 757 1141 χάρισμα
770 1105 829 1140 ἢτοι
843 1105 887 1132 διὰ
901 1105 948 1132 τοῦ

161 1152 348 1187 πνευματικοῦ
373 1152 543 1187 χαρίσματος
555 1151 611 1186 (17)
627 1151 656 1178 τὸ
676 1151 788 1185 Πνεῦμα
817 1151 877 1177 οὐδὲ
892 1151 948 1186 (18)

160 1198 210 1233 τὴν
238 1198 346 1224 σύνεσιν
373 1198 488 1233 χορηγεῖ
511 1197 572 1224 οὐδὲ
591 1197 641 1233 τὴν
661 1197 758 1232 σοφίαν
781 1197 797 1232 ἢ
816 1196 871 1232 (19)
900 1196 949 1232 τὴν

161 1243 286 1279 δύναμιν,
304 1243 366 1270 οὐδὲ
389 1243 439 1278 τὴν
457 1242 592 1270 υἱοθεσίαν
609 1242 671 1270 οὐδὲ
688 1243 737 1279 τὴν
765 1241 949 1277 ἀποκάλυψιν,

160 1292 224 1318 οὐδὲ
238 1291 288 1326 τὴν
299 1291 403 1321 πίστιν,
422 1290 483 1316 οὐδὲ
498 1290 548 1324 τὴν
570 1288 711 1315 εὺσέὸειαν
723 1296 730 1304 ·
760 1288 829 1315 ἀλλὰ
849 1287 950 1323 μᾶλλον

162 1337 317 1364 τούναντίον
328 1337 345 1371 ἡ
360 1335 468 1367 σύνεσις
483 1335 529 1362 καὶ
576 1333 751 1368 ἀποκάλυψις
767 1334 813 1360 καὶ
829 1334 847 1369 ἡ
870 1333 950 1360 εὐσέ-

163 1383 227 1410 ϐεια
236 1383 283 1409 καὶ
299 1384 316 1418 ὴ
329 1382 421 1414 πίστις
434 1383 482 1409 καὶ
505 1382 519 1408 ὁ
538 1380 727 1416 σωφρονισμὸς
747 1380 900 1416 προάγουσι
914 1380 950 1406 τὰ

163 1429 334 1465 χαρίσματα,
352 1428 424 1464 ἅπερ
442 1436 484 1454 σοι
513 1427 592 1461 φίλον
610 1426 705 1453 καλεῖν
731 1425 888 1461 Πνεύματα,
902 1425 951 1452 καὶ

162 1475 217 1502 τῶν
246 1475 334 1505 ἄλλως
348 1473 480 1505 ὡσαύτως
502 1472 619 1500 ἕκαστον
631 1471 700 1508 (20),
714 1471 814 1507 μᾶλλον
829 1471 857 1498 δὲ
871 1471 951 1505 εἴπερ

162 1521 277 1547 ἕκαστον
305 1520 360 1546 τῶν
390 1519 569 1555 χαρισμάτων
600 1517 712 1553 πνεῦμά
740 1525 781 1543 σοι
809 1516 951 1543 καλεῖσθαι

163 1567 305 1601 νομίζεται
320 1566 368 1592 καὶ
379 1565 418 1601 τῷ
432 1565 542 1601 ἀριθμῷ
553 1564 608 1591 τῶν
617 1563 727 1598 δωρεῶν
738 1563 770 1590 τὺ
779 1562 882 1597 πλῆθος
896 1562 951 1588 τῶν

166 1613 333 1648 πνευμάτων
370 1611 541 1644 συναύξεται,
567 1611 614 1637 καὶ
644 1610 721 1637 οὐδὲν
758 1609 880 1636 ἐνταῦθά
908 1617 951 1635 σοι

164 1655 277 1691 Πνεῦμα
289 1657 376 1682 εἰπεῖν
391 1655 407 1691 ἢ
423 1656 546 1691 χάρισμα
567 1655 691 1690 διαφέρει
705 1663 712 1670 ·
739 1651 770 1681 οὗ
795 1655 823 1681 δὲ
841 1654 951 1688 λέγεται

163 1700 235 1728 εἶναι
248 1702 279 1728 τὸ
289 1702 520 1737 Πνεῦμα,ὲκεῐθεν
533 1703 550 1736 ἠ
565 1702 598 1737 σὴ
608 1701 754 1736 νομοθεσία
769 1700 952 1736 προέρχεσθαί

163 1756 194 1774 τε
207 1748 255 1774 καὶ
271 1748 439 1783 προάγεσθαι
462 1747 568 1774 κελεύει
595 1747 650 1782 (21)
661 1756 668 1763 ·
683 1747 741 1784 [60]
766 1747 883 1774 ἕκαστον
897 1747 952 1782 ἄρα

165 1794 199 1820 σὺ
213 1793 268 1820 τῶν
282 1794 462 1830 χαρισμάτων
473 1794 554 1830 ἢτῶν
570 1793 736 1828 πνευμάτων
749 1795 789 1825 είς
799 1794 846 1820 δύο
860 1792 950 1828 τεμὼν

165 1839 223 1866 ἀνθ’
241 1841 300 1871 ἑνὸς
317 1840 403 1868 πλείω
431 1841 574 1876 ποιήσεις;
598 1840 631 1866 tv’
675 1840 706 1866 τὸ
734 1840 782 1875 μὲν
802 1840 949 1876 χορηγοῦν,

164 1887 196 1912 τὸ
218 1886 247 1913 δὲ
274 1887 486 1922 χορηγούμενον,
509 1887 558 1913 καὶ
581 1887 612 1913 τὸ
639 1886 688 1921 μὲν
714 1887 846 1921 προάγον,
866 1887 897 1912 τὸ
922 1886 951 1913 δὲ

165 1931 363 1966 προαγόμενον,
379 1933 396 1967 ὴ
407 1933 497 1964 πίστις
513 1932 603 1959 πίστιν
616 1932 663 1959 καὶ
683 1932 700 1968 ἠ
720 1931 827 1962 σύνεσις
844 1931 952 1958 σύνεσιν

164 1978 213 2003 καὶ
228 1978 245 2012 ἡ
259 1977 386 2013 αἱσθησις
400 1978 537 2013 αἴσθησιν,
557 1977 604 2005 καὶ
631 1978 714 2004 πόσον
732 1978 765 2005 ἄν
776 1986 818 2009 τις
833 1986 950 2004 κατανα-

164 2021 240 2058 λώσῃ
250 2023 345 2058 χρόνον
355 2023 401 2050 τὸν
415 2023 460 2050 σὺν
473 2023 646 2059 διερχόμενος
657 2023 740 2059 λῆρον
751 2023 756 2049 !

1004 246 1058 272 pne
1083 238 1253 273 malignitate
1268 237 1344 270 velis,
1363 237 1460 266 Filium
1486 238 1529 266 his
1548 238 1706 267 nominibus
1720 239 1787 267 insi-

997 291 1080 318 gmn.

1034 378 1080 405 59.
1100 377 1178 411 Quod
1197 377 1220 405 si
1236 378 1297 412 quis
1316 377 1343 404 in
1368 377 1411 405 his
1430 385 1480 412 per
1506 378 1635 412 Spiritum
1649 377 1787 405 existimet

998 423 1084 458 accipi
1095 431 1150 450 non
1163 423 1251 458 ipsum
1265 423 1466 451 sanctissimum
1480 428 1508 450 et
1523 423 1786 451 consubstantialem

998 468 1072 496 Patri
1090 477 1122 497 ac
1140 469 1207 496 Filio
1223 469 1365 504 Spiritum,
1381 469 1429 497 sed
1445 469 1601 497 emanantia
1625 470 1689 497 inde
1716 469 1787 497 dona

999 524 1047 544 seu
1060 516 1237 548 charismata,
1256 523 1316 551 quae
1343 523 1377 543 eo
1399 516 1472 550 quod
1491 515 1525 543 ad
1540 515 1617 542 illum
1632 515 1788 543 referuntur

999 563 1072 590 etab
1084 562 1129 589 illo
1150 561 1361 593 distribuuntur,
1375 561 1492 596 Spiritus
1506 569 1605 589 nomen
1621 561 1718 588 sortita
1732 561 1788 588 sint

999 608 1062 640 (sibi
1079 607 1261 640 asciverint)‘:
1286 614 1441 642 quanquam
1459 607 1543 633 multa
1560 613 1669 641 possem
1679 607 1787 640 (contra

999 654 1062 689 hoc)
1083 654 1194 686 aﬂ'erre,
1213 661 1245 680 ea
1260 658 1351 680 tamen
1374 653 1401 680 in
1428 652 1571 688 praesentia
1587 660 1642 679 non
1659 651 1786 679 referam.

999 700 1073 728 Cur?
1088 699 1167 732 Quia,
1180 699 1243 726 licet
1259 699 1310 725 hoc
1325 698 1503 729 concedatur,
1517 698 1605 725 nihilo
1627 702 1719 725 tamen
1734 697 1787 724 mi-

999 752 1052 772 nus
1068 744 1179 778 iniquus
1200 743 1322 778 ipsorum
1347 747 1461 770 conatus
1479 742 1629 774 refellitur;
1657 741 1787 776 quoniam

999 788 1073 815 enim
1089 787 1162 815 dona
1185 787 1228 814 illa
1254 787 1382 814 dicuntur
1396 793 1458 814 esse
1481 787 1553 814 dona
1571 786 1701 821 Spiritus,
1717 793 1788 813 nova

1000 837 1092 861 autem
1107 833 1221 860 istorum
1239 833 1283 860 lex
1297 833 1430 868 praecipit,
1447 838 1477 860 ut
1495 832 1558 860 inde
1578 832 1710 867 Spiritum
1723 839 1787 867 pro-

999 879 1099 907 cedere
1129 879 1321 914 przedicemus,
1353 879 1431 913 cuius
1456 883 1483 905 et
1514 886 1575 905 esse
1595 878 1706 910 dicitur,
1731 886 1788 905 non

999 925 1308 960 ampliusallirmabunt.
1333 932 1348 951 ι
1373 925 1477 957 Spiritu
1498 924 1542 951 illa
1572 924 1685 959 produci
1704 924 1786 956 dona,

999 979 1115 1006 quorum
1131 971 1188 1006 ipse
1214 971 1314 998 dicitur
1330 971 1458 1006 Spiritus,
1471 971 1517 998 sed
1535 970 1593 997 vice
1609 977 1688 997 versa
1713 977 1788 997 asse-

1000 1022 1071 1049 rent,
1086 1018 1120 1045 ab
1137 1017 1316 1052 intelligentia
1335 1016 1482 1051 procedere
1498 1023 1530 1043 ac
1554 1015 1661 1050 prodire
1673 1015 1786 1047 donum,

999 1071 1051 1090 nec
1064 1070 1119 1090 non
1134 1071 1150 1090 a
1165 1063 1299 1097 sapientia
1314 1062 1472 1096 ueterisque
1493 1061 1620 1088 omnibus
1634 1068 1715 1095 supra
1730 1068 1789 1088 me-

999 1106 1128 1138 moratis;
1149 1113 1234 1140 quare
1259 1113 1315 1133 non
1341 1105 1454 1137 donum,
1483 1112 1581 1139 nempe
1607 1112 1656 1139 per
1686 1105 1788 1132 donum

1000 1151 1140 1185 spirituale
1160 1151 1218 1185 ipse
1238 1150 1366 1185 Spiritus,
1394 1150 1599 1185 intelligentiam
1619 1150 1731 1186 largitur
1746 1151 1789 1178 vel

1000 1196 1162 1231 sapientiam
1175 1196 1218 1223 vel
1233 1197 1374 1229 virtutem,
1391 1196 1432 1223 vel
1451 1195 1610 1223 ﬁliationem
1627 1195 1671 1223 vel
1683 1196 1788 1223 revela-

1000 1242 1102 1269 tionem
1122 1241 1164 1268 vel
1184 1241 1264 1268 iidem
1292 1241 1334 1268 vel
1353 1241 1492 1276 pietatem,
1509 1242 1557 1269 sed
1584 1246 1679 1269 contra
1697 1241 1789 1276 potius

1000 1287 1179 1323 intelligentia
1194 1292 1222 1315 et
1237 1288 1364 1315 revelatio
1379 1292 1407 1314 et
1426 1288 1512 1322 pietas
1523 1292 1551 1315 et
1564 1288 1630 1315 fides
1646 1292 1673 1315 et
1685 1287 1789 1315 sobrie-

1002 1337 1043 1360 tas
1057 1333 1212 1368 producunt
1225 1334 1307 1365 dona,
1319 1342 1380 1369 quae
1395 1335 1443 1362 tibi
1462 1335 1551 1370 placet
1565 1335 1680 1370 spiritus
1695 1335 1789 1370 appel-

1001 1379 1058 1407 lare
1074 1384 1101 1407 et
1115 1379 1230 1407 aliorum
1253 1380 1393 1414 quodlibet
1410 1379 1506 1407 eodem
1532 1381 1627 1413 modo;
1644 1380 1700 1407 imo
1723 1387 1790 1408 vero

1001 1425 1024 1453 si
1048 1426 1191 1461 quodlibet
1209 1426 1312 1454 donum
1326 1426 1478 1460 nuncupari
1491 1425 1623 1461 Spiritum
1636 1426 1788 1459 arbitraris,

1002 1473 1097 1507 utique
1113 1480 1175 1500 cum
1189 1472 1323 1500 donorum
1337 1480 1453 1500 numero
1464 1473 1570 1507 copium
1583 1480 1691 1508 quoque
1706 1480 1789 1507 auges

965 1528 986 1557 ρ
1003 1518 1148 1553 spirituum
1165 1518 1289 1553 nihilque
1304 1518 1420 1554 proinde
1441 1526 1489 1553 per
1506 1523 1532 1545 te
1550 1518 1642 1546 diﬂ‘ert
1663 1518 1789 1553 spiritum

1003 1565 1096 1592 dicere
1109 1565 1151 1592 vel
1167 1565 1285 1598 donum;
1305 1565 1383 1600 cujus
1398 1569 1489 1592 autem
1505 1565 1606 1592 dicitur
1626 1572 1687 1592 esse
1705 1564 1788 1599 spiri-

1003 1615 1059 1642 tus,
1075 1611 1139 1638 inde
1156 1619 1205 1645 per
1229 1611 1304 1646 leges
1316 1616 1376 1638 tuas
1397 1611 1526 1638 statuitur
1543 1611 1692 1646 procedere
1707 1614 1790 1644 atque

1003 1656 1130 1692 produci.
1149 1655 1260 1692 Singula
1281 1657 1363 1692 igitur
1385 1657 1455 1685 dona
1469 1665 1518 1684 seu
1538 1657 1657 1690 singulos
1678 1656 1791 1690 spiritus

1003 1701 1126 1729 bifariam
1143 1710 1239 1729 secans
1261 1710 1312 1737 pro
1336 1710 1390 1729 uno
1416 1702 1511 1737 plures
1534 1701 1637 1729 etIicies
1665 1701 1789 1736 spiritus,

1003 1755 1120 1782 quorum
1137 1748 1205 1774 alter
1216 1747 1252 1775 sit
1269 1748 1346 1780 dans,
1363 1748 1432 1775 alter
1446 1748 1482 1775 sit
1494 1748 1583 1779 datus,
1600 1752 1628 1775 et
1641 1747 1710 1774 alter
1725 1755 1789 1782 pro-

1005 1794 1118 1827 ducens,
1144 1794 1212 1821 alter
1227 1794 1384 1828 productus,
1401 1794 1468 1822 ﬁdes
1490 1794 1617 1820 nimirum
1637 1793 1791 1828 producens

1006 1839 1098 1873 ﬁdem,
1117 1844 1145 1867 et
1172 1839 1240 1874 quid
1253 1847 1322 1875 opus
1348 1845 1457 1875 tempus
1472 1844 1559 1868 terere
1583 1844 1644 1867 tuas
1673 1838 1790 1874 ineptias

1006 1886 1173 1914 recensendo
1183 1886 1195 1913 ?

707 2109 827 2139 VARI/ﬁ
848 2110 1038 2139 LECTIONES
1058 2110 1102 2139 ET
1121 2110 1236 2138 NO'I‘IE.

203 2190 242 2225 (5)
254 2191 325 2219 Moti.
337 2193 385 2218 καὶ
400 2192 459 2226 τῆς.

201 2226 239 2261 (6)
257 2226 371 2253 Brevius
386 2228 412 2253 in
429 2235 473 2261 ep.
491 2227 523 2254 ad
552 2226 669 2261 Aquilei.
695 2226 752 2254 haec
771 2226 923 2254 etl‘eruntur
941 2237 947 2252 ;

165 2262 283 2304 Λέγεται
299 2262 360 2304 γὰρ.
374 2262 455 2304 οῦδὲν,
468 2262 579 2289 ἔλαττον
593 2261 641 2304 καὶ
660 2261 771 2304 Πνεῦμα
789 2261 885 2304 σοφίας
903 2261 950 2300 καὶ

165 2297 292 2329 γνὼσεω,
316 2297 365 2322 καὶ
393 2297 535 2332 δυνάμεως
561 2297 607 2323 καὶ
632 2297 762 2323 τοιούτων
789 2297 949 2331 θεοπρεπῶν

165 2331 256 2358 ἄλλων
271 2339 278 2346 ·
299 2333 322 2358 εί
340 2330 386 2358 οὖν
403 2332 470 2358 διότι
482 2333 583 2358 τούτων
601 2331 632 2357 τὸ
645 2331 756 2365 Πνεῦμα
770 2331 892 2363 λέγεται,
907 2331 951 2357 διὰ

165 2366 246 2392 τοῦτο
262 2368 309 2393 καὶ
320 2367 349 2400 ἐξ
363 2367 453 2394 αὐτῶν
468 2367 631 2394 ἀπαιτοῦσιν
651 2367 862 2402 ἐκπορεύεσθαι,
885 2367 951 2402 ρρᾷν

166 2401 241 2427 ἐστιν
250 2399 378 2428 αὐτῶντὸ
395 2403 476 2436 σοφὸν
491 2402 541 2436 τῆς
553 2403 686 2434 ἐπινοίας,
696 2399 735 2432 εἰς
745 2399 802 2428 οἷον
815 2399 951 2436 βάραθρον

166 2436 271 2471 πλάνης
287 2437 384 2469 αὐτοὺς
399 2437 619 2472 κατακρημνίζει
638 2437 684 2462 καὶ
700 2437 853 2472 ὶποπλανᾲ.

206 2471 244 2506 (7)
260 2471 318 2498 Col.
341 2473 458 2506 νομίσει.

204 2508 242 2540 (8)
261 2506 303 2533 Ct'.
321 2505 394 2534 hom.
418 2508 452 2535 de
473 2507 521 2542 Sp.
534 2507 574 2542 S._
591 2506 784 2542 Cbrysostomo
807 2505 952 2542 ascriptum

167 2539 231 2568 curn
246 2542 335 2574 initio,
355 2542 426 2574 Χοὲς
461 2539 539 2576 ἡμῖν,
557 2539 580 2568 ὦ
602 2539 779 2575 φιλὸχριστοι.
796 2561 803 2568 .
819 2561 826 2568 .
842 2562 848 2568 .
881 2539 954 2573 apud

167 2576 336 2613 Beccum.De
346 2577 500 2613 prac.Sp.S.
515 2585 539 2604 c.
556 2578 599 2609 11;
612 2576 659 2603 Gr.
676 2576 749 2604 Orth.
762 2584 779 2609 l,
793 2576 953 2612 p.520-Ziﬂl.

205 2611 243 2645 (9)
260 2613 357 2638 Καίτοι
371 2611 448 2640 deest
466 2613 492 2639 in
509 2612 581 2639 Mon.

205 2648 261 2682 (10)
276 2647 333 2673 Οὐκ
349 2647 427 2674 deest
439 2648 466 2674 in
478 2647 551 2674 Mon.

205 2682 261 2714 (11)
274 2683 349 2709 Mon.
369 2681 452 2717 αὐτῷ.

205 2718 261 2752 (12)
280 2717 353 2744 Mon.
370 2716 523 2752 παροινίας.
539 2716 598 2744 Col.
616 2724 777 2751 παρανοιας.

205 2753 260 2785 (13)
279 2752 350 2779 Mon.
368 2753 555 2779 ὲπιτάσουσιν.

206 2787 261 2822 (14)
275 2786 332 2822 σοι.
351 2788 404 2821 πρὸ
420 2788 467 2814 καὶ
479 2795 544 2822 κηρ.

205 2822 262 2856 (15)
283 2821 356 2849 Μοη.
371 2822 457 2849 ἐοῦσι.

206 2857 264 2892 (16)
282 2857 598 2893 Μοιι.ὰντιστρέφαντες
619 2857 730 2891 habuit;
754 2857 826 2893 quod
863 2864 958 2885 corre-

963 2191 989 2220 D
1002 2194 1135 2229 cttnn‘est
1153 2198 1179 2216 in
1195 2189 1430 2229 ἀντιστρέφοντες.

1039 2225 1095 2259 (17)
1114 2224 1186 2251 Μοη.
1197 2224 1383 2259 χαρακτῆρος.

1039 2257 1094 2294 (18)
1110 2260 1179 2286 Οὐδὲ
1193 2257 1270 2286 deest
1283 2259 1310 2286 in
1317 2257 1395 2286 'Mon.
1407 2262 1434 2286 et
1447 2258 1474 2285 in
1492 2257 1550 2285 Col.

1041 2296 1095 2328 (19)
1111 2294 1170 2321 Col.
1186 2295 1245 2321 οὐδὲ
1262 2295 1313 2328 τὴν
1327 2294 1385 2320 δύν.

1051 2330 1096 2365 20)
1115 2329 1186 2365 Mon.
1204 2330 1318 2363 ἑκάστη.

1051 2362 1241 2400 “21)Eumdem
1258 2362 1391 2400 canonem
1415 2371 1423 2390 :
1445 2363 1538 2400 cuius
1553 2362 1654 2400 dicitur
1673 2362 1791 2400 Spiritus

1005 2397 1076 2431 esse,
1087 2397 1126 2427 ab
1137 2400 1232 2426 eodem
1249 2399 1382 2433 procedit.
1398 2402 1426 2426 et
1449 2397 1540 2425 ceteri
1558 2397 1726 2425 schismatici
1740 2401 1791 2426 La-

977 2454 981 2457 -
1007 2436 1071 2463 linis
1085 2434 1224 2470 atlingnnt,
1239 2434 1312 2470 inter
1333 2441 1411 2470 ψιοὶ
1426 2433 1468 2470 19.
1485 2434 1620 2470 _Plinrnes
1638 2433 1792 2470 apiudBec-

1006 2479 1079 2502 cum,
1091 2470 1131 2497 De
1141 2467 1186 2496 ιῖιι.
1201 2469 1274 2496 Eccl.
1290 2477 1314 2496 ο.
1332 2467 1366 2495 51-
1383 2467 1472 2503 (G.70.
1485 2468 1504 2494 1.
1520 2467 1581 2503 189)
1595 2468 1649 2496 ait:
1666 2468 1735 2495 Είδὲ
1748 2469 1792 2496 διὰ

1005 2506 1084 2532 τοῦτο
1109 2507 1142 2532 ὲκ
1153 2505 1200 2531 τοῦ
1212 2504 1276 2530 Υίοῦ
1301 2504 1390 2537 λέγεις
1414 2502 1444 2529 τὸ
1468 2502 1592 2537 Πνεῦμα.
1610 2503 1650 2530 ὅτι
1678 2503 1792 2537 Πνεῦμα

1007 2541 1072 2567 Υἱοῦ
1092 2540 1212 2573 λέγεται,
1230 2539 1256 2564 τί
1271 2540 1335 2571 περὶ
1349 2538 1396 2564 τοῦ
1413 2537 1512 2572 ΡΙωσὴφ
1530 2538 1649 2573 ἐροῦμεν
1669 2539 1792 2569 εἰπόντος

1007 2577 1063 2606 τοῖς
1086 2575 1210 2608 ἀδελφοῖς
1223 2581 1230 2588 ’
1252 2574 1297 2607 Μὴ
1315 2573 1456 2607 φοϐεῖσθε·
1487 2572 1535 2599 τοῦ
1555 2574 1619 2608 γὰρ
1646 2573 1714 2600 Θεοῦ
1732 2574 1791 2607 είμι

1008 2610 1063 2644 ἐγώ
1080 2607 1191 2640 (ϐεηζι,
1218 2609 1254 2636 20
1274 2616 1329 2635 sec.
1358 2607 1440 2644 LXX)
1460 2616 1467 2640 ;
1485 2608 1522 2643 μὴ
1547 2607 1717 2644 τὸν⁷¹1ωσὴφ
1742 2608 1792 2642 τὴν

1009 2645 1126 2678 ὕπαρξιν
1142 2646 1174 2670 ἐκ
1189 2644 1238 2676 τῆς
1252 2643 1326 2674 Θείας
1335 2643 1442 2677 φύσεως
1461 2643 1607 2677 ἐσχηκέναι
1626 2643 1790 2677 νομίζομεν;

1009 2681 1056 2707 κα).
1064 2680 1110 2706 τοῦ
1120 2679 1200 2705 Δαυῖδ
1211 2679 1333 2709 εἰπόντος
1345 2678 1409 2704 ’Τοῦ
1422 2679 1525 2713 Κυρίου
1536 2678 1554 2713 ῂ
1570 2678 1607 2712 γῆ
1624 2678 1790 2713 (Psalthtv.

1011 2715 1134 2747 LLXX),
1145 2715 1183 2749 μὴ
1200 2715 1232 2740 ἐκ
1244 2714 1294 2748 τῆς
1309 2713 1383 2744 Oeta;
1402 2711 1510 2749 φύσεως
1522 2711 1590 2739 εἶναι
1607 2714 1692 2749 αὐτὴν
1706 2711 1791 2749 δώσοτ

1013 2759 1062 2784 μεν
1165 2746 1222 2784 πᾶν
1235 2746 1304 2784 ὅπερ
1319 2749 1391 2778 τινὸς
1406 2746 1476 2774 εἷναι
1491 2746 1675 2784 λέγεταιενούκ
1690 2747 1792 2784 ἔτι-κα).

1011 2781 1042 2817 ἐξ
1058 2785 1140 2812 αὑτοῦ
1150 2783 1219 2810 εἶναι
1231 2781 1350 2818 ἀνάγκη.
1364 2784 1466 2811 Eodem
1491 2787 1571 2817 pacto
1592 2782 1720 2809 Nicolaus
1738 2781 1792 2808 Me-

1014 2822 1089 2848 thon.
1107 2828 1150 2854 ap.
1167 2819 1259 2846 eumd.
1272 2819 1290 2845 l.
1303 2817 1340 2851 c.,
1353 2827 1378 2854 ο.
1400 2819 1433 2846 58
1445 2820 1484 2852 (p.
1501 2818 1562 2854 19§)
1582 2817 1638 2844 ιοὺ
1654 2818 1792 2854 πᾶνγὸπερ

1013 2856 1094 2888 τινος,
1111 2851 1161 2890 ἤδη
1178 2855 1224 2882 καὶ
1239 2854 1269 2888 ea
1286 2853 1379 2887 αὐτοῦ,
1398 2859 1426 2882 et
1438 2851 1509 2888 apud
1530 2851 1670 2888 Hugonem
1696 2853 1790 2881 Ethcr.
