1940 3081
147 124 200 158 339

710 126 842 156 PHOTII
860 123 1112 156 PATRIARCHZE
1132 125 1187 154 ΕΡ.

1718 124 1771 156 340

182 183 227 211 60.
242 182 295 211 Sed
312 184 386 211 enim
411 188 440 211 et
465 184 517 212 hoc
545 188 641 211 contra
672 185 790 219 seipsam
819 184 928 211 haeresis

1020 182 1051 214 ξ’.
1072 181 1154 208 Ἀλλὰ
1167 181 1222 216 γὰρ
1239 181 1284 207 καὶ
1309 181 1388 207 τοῦτο
1419 181 1478 208 καθ¹
1507 182 1607 217 ἑαυτῆς
1627 181 1644 217 ἡ
1667 182 1773 217 αἵρεσις

146 229 259 264 colligit.
282 229 474 258 Sanctissimus
488 230 607 265 Spiritus
621 230 715 257 tribuit
738 230 808 257 dona
821 230 929 265 dignis;

147 275 258 303 hmresis
281 281 384 308 autem,
396 284 451 303 non
470 282 617 308 contenta,
646 280 676 302 ut
700 280 822 311 apparet,
851 275 933 310 hujus

147 319 349 353 distributione,
361 320 460 347 scindit
481 320 538 347 h:ec
557 324 583 347 et
600 320 761 348 comminuit
784 325 812 347 et
835 320 932 347 dividit

147 365 174 392 in
197 366 288 399 plures
305 369 405 399 partes,
428 371 458 392 ut
482 366 579 393 habeat
604 366 676 393 unde
703 370 850 393 sectatores
867 372 931 392 suos

147 409 272 444 pluribus
285 410 375 437 adhuc
383 415 464 445 atque
478 411 651 438 uberioribus
661 415 822 445 compenset
833 410 929 442 donis;

146 455 238 490 sicque
255 457 354 483 tuentis
380 457 486 484 illorum
510 457 628 484 turbatio
651 461 679 484 et
701 456 826 484 confusio
840 464 931 483 rerum

147 507 273 529 naturam
292 507 320 530 et
331 503 456 530 ordinem
471 504 601 538 pervertit
615 508 643 530 et
656 503 809 535 confundit,
830 502 932 537 prima-

145 553 198 581 que
218 547 365 582 impietatis
381 549 450 576 satio
464 549 622 576 innumeras
633 549 719 583 gignit
732 549 860 576 haereses.
877 547 932 575 Ve—

146 599 205 618 rum
222 594 330 620 tametsi
345 594 412 621 satis
429 595 487 622 haec
511 599 576 622 sunt
598 593 739 622 ﬂectendis
758 594 801 626 iis,
816 594 862 628 qui
876 601 932 621 non

145 637 254 671 penitus
267 646 328 666 sese
342 639 473 674 impietati
489 640 656 673 devoverint,
670 640 756 674 iisque
784 639 932 667 confutan-

145 681 197 713 dis,
214 683 259 717 qui
279 683 448 718 impudentia
461 685 500 712 uti
520 685 621 718 velint;
644 689 672 712 et
689 685 723 712 iis
739 685 784 720 qui
799 685 932 720 supersti-

147 727 250 754 tionem
273 733 374 760 amant,
390 729 424 756 ah
442 737 536 756 errore
554 729 725 761 revocandis,
742 734 862 757 attamen
881 737 933 757 nec

145 772 250 807 reliqua
276 775 495 808 przetermittam.
523 775 726 809 Egrotantium
763 775 836 802 enim
862 775 932 802 alius

146 817 208 850 hac,
229 818 298 846 alius
313 819 357 846 illa
373 827 438 846 cura
454 820 496 847 vel
511 821 606 847 morbo
623 820 728 847 levatur
743 820 785 847 vel
796 820 931 847 evincitur

151 868 260 896 sponte.
273 864 325 890 etsi
344 872 392 892 sua
405 865 555 893 voluntatis
572 865 692 900 nequitia
707 865 876 893 insanabilis.

984 228 1104 260 συνάγει·
1112 227 1141 252 τὸ
1156 227 1205 262 μὲν
1215 226 1346 260 πανάγιον
1357 226 1469 261 Πνεῦμα
1477 227 1599 262 διανεμεῖ
1607 226 1663 261 (22)
1690 228 1771 263 χαρί-

983 279 1073 306 σματα
1084 271 1139 302 τοῖς
1152 270 1237 303 ἀξίοις
1248 277 1256 286 ο
1265 269 1334 306 αῦτη
1343 270 1371 296 δὲ
1379 270 1465 296 οὐδενὶ
1477 271 1544 305 (25),
1553 271 1591 302 ὡς
1601 270 1698 302 ἔοικεν,
1706 271 1771 306 ἀρε-

983 316 1114 351 ωιομένη,
1121 315 1182 342 οὐδὲ
1191 317 1225 351 τῇ
1235 315 1328 342 τούτου
1339 315 1463 351 διανομῇ,
1473 316 1658 351 τέμνειταῦτα
1666 316 1770 352 καὶ(24)

983 362 1110 388 λεπτύνει
1124 362 1171 388 καὶ
1191 362 1232 392 είς
1254 361 1363 392 πλείους
1374 361 1430 396 (25)
1457 362 1555 397 μοίρας
1580 362 1770 397 καταμερίζει,

982 408 1015 434 ἶν’
1024 407 1081 442 ἔχοι
1093 408 1156 438 τοὺς
1165 408 1233 442 αὐτῇ
1245 407 1423 441 πειθομένους
1432 406 1487 442 (26)
1500 408 1700 442 φιλοτιμεῖσθαι
1711 409 1771 439 ταῖς

982 454 1101 490 δωρεαῖς
1113 454 1159 480 ἐπὶ
1176 453 1276 487 μᾶλλόν
1297 461 1328 479 τε
1346 453 1402 488 ('27)
1423 453 1469 479 κα).
1489 453 1681 488 δαψιλέστερον
1697 462 1704 468 ·
1724 454 1771 480 καὶ⁸

982 501 1093 534 γέγονεν
1103 500 1194 531 αὐτοῖς
1206 500 1222 535 ἡ
1233 500 1281 534 τῆς
1288 499 1406 531 διανοίας
1416 500 1521 534 ταραχὴ
1527 501 1572 526 καὶ
1580 500 1710 535 σύγχυσις
1721 501 1771 534 τὴν

981 546 1037 573 τῶν
1050 545 1224 581 πραγμάτων
1239 544 1321 580 φύσιν
1336 547 1383 572 καὶ
1396 545 1475 577 τάξιν
1490 546 1530 576 εἰς
1544 546 1699 581 ἀνατροπὴν
1724 545 1772 572 καὶ

982 591 1090 627 φυρμὸν
1107 591 1319 626 περιτρέπουσα,
1333 591 1382 617 καὶ
1403 592 1420 626 ἡ
1439 591 1534 626 πρώτη
1560 591 1697 626 καταϐολὴ
1722 591 1771 618 τοῦ

982 637 1188 672 δυσσεὸήματος
1205 637 1306 673 μυρίας
1330 637 1450 672 αἱρέσεις
1468 637 1663 664 άποτίκτουσα.
1691 637 1771 664 ’Δλλὰ

982 682 1037 716 γὰρ
1063 683 1087 708 εἰ
1106 681 1162 717 (28)
1191 681 1240 708 καὶ
1268 681 1451 716 ἀποχρώντως
1473 681 1530 716 ἔχει
1555 682 1642 708 ταῦτα
1664 681 1771 708 πείθειν

982 736 1012 754 τε
1022 727 1085 759 τοὺς
1102 728 1139 762 μὴ
1153 726 1293 758 παντελῶς
1308 728 1347 758 είς
1355 727 1482 754 ἀσέὸειαν
1494 727 1699 762 ἀποϐεὸηκότας
1714 727 1769 763 (29)

983 773 1030 800 καὶ
1049 773 1111 804 τοὺς
1124 773 1312 807 ἀναισχυντεῖν
1326 772 1469 808 ἑλομένους
1482 773 1630 808 διελέγχειν
1646 773 1702 807 (50)
1722 773 1771 800 καὶ

982 819 1046 849 τοὺς
1081 817 1292 853 δεισιδαιμονεῖν
1317 818 1505 850 ὲπικλιθέντας
1542 817 1770 853 ἐπανορθοῦσθαι,

989 863 1045 900 [61]
1072 864 1127 891 ἀλλ’
1140 863 1187 891 οὖν
1206 864 1267 891 οὐδὲ
1282 865 1316 891 τὰ
1344 864 1471 891 λείποντα
1484 865 1688 900 παραλείψομεν
1703 865 1769 899 (51).

147 908 243 940 Ἀλλος
253 910 302 945 μὲν
313 911 367 946 γὰρ
381 911 594 938 τῶνινοσούντων
611 912 693 947 ἑτέρᾳ
705 912 847 947 θεραπείᾳ,
864 912 957 946 ἕτερος
970 911 998 937 δὲ
1017 910 1050 937 δι’
1062 910 1156 945 ἑτέρας
1171 911 1188 946 ἢ
1209 911 1410 938 ἀπαλλάσσεται
1429 911 1475 937 τοῦ
1487 911 1649 946 νοσήματος,
1666 911 1683 945 ἢ
1699 909 1769 937 ἑκὼν

144 954 311 990 διιλὲγχεται
328 957 375 983 καὶ
391 957 435 983 διὰ
451 957 604 993 μοχθηρίαν
631 957 745 992 γνώμης
766 957 797 983 τὸ
821 957 931 984 ἀνίατον
948 955 1132 990 ὑφιστάμενος
1152 955 1207 990 (52)

180 1001 225 1028 61.
241 1002 422 1033 Quamobrem
440 1011 475 1030 ne
491 1003 541 1030 ista
555 1003 665 1038 quidem
678 1004 878 1039 praetereunda.
901 1003 930 1030 Si

143 1052 290 1082 generatus
305 1049 414 1082 quidem
432 1053 473 1076 est
495 1049 580 1076 Filius
593 1057 608 1076 a
622 1048 712 1082 Patre,
727 1049 850 1084 procedit
865 1056 930 1075 vero

143 1093 265 1128 Spiritus
281 1103 296 1121 a
310 1095 390 1128 Filio,
406 1097 544 1130 quomodo
560 1103 614 1123 non
629 1103 663 1123 ex
674 1096 724 1123 hac
737 1103 786 1123 sua
801 1095 930 1130 opinione

143 1139 268 1174 impietas
283 1141 309 1168 in
327 1142 426 1177 nepotis
441 1142 625 1170 conditionem
654 1142 784 1176 Spiritum
800 1141 929 1168 amanda-

142 1185 183 1212 bit
206 1190 234 1213 et
251 1188 421 1214 tremendum
446 1188 590 1223 theologia
606 1192 706 1215 nostra:
730 1187 887 1223 mysterium
901 1187 929 1214 in

143 1231 228 1258 risum
243 1237 272 1259 et
288 1240 374 1268 nugas
389 1233 542 1269 ablegahit?
688 1234 692 1239 '

178 1320 222 1348 62.
245 1320 343 1348 Videas
365 1327 456 1349 autent
480 1323 544 1350 hinc
557 1330 666 1357 quoque
679 1330 822 1350 excessum
835 1323 931 1358 impie-

143 1366 218 1393 tatis.
230 1365 258 1393 Si
276 1368 398 1401 proxima
411 1375 492 1395 causa
508 1369 626 1403 Spiritus
638 1373 679 1395 est
692 1368 782 1401 Pater,
798 1369 931 1403 quemad—

142 1413 254 1439 modum
271 1417 299 1439 et
323 1413 383 1440 Filii
408 1415 482 1446 (nam
517 1414 674 1442 immediate
700 1419 755 1442 tam
791 1415 930 1449 generatio

143 1466 224 1486 quam
240 1460 380 1493 processio
396 1460 519 1493 exsistit;
542 1468 633 1495 neque
648 1461 722 1487 enim
739 1461 829 1488 medio
841 1461 929 1495 aliquo

141 1502 227 1530 Filius
249 1509 412 1539 generatur,
441 1506 596 1540 pariterque
622 1505 778 1533 immediate
808 1505 926 1540 Spiritus

141 1549 288 1584 procedit),
296 1557 358 1577 cum
367 1551 512 1586 impiorum
521 1551 648 1579 delirium
655 1555 759 1578 asserat
779 1552 927 1587 procedere

141 1594 224 1622 etiam
238 1602 253 1622 a
264 1595 332 1623 Filio
346 1596 477 1632 Spiritum
504 1597 598 1624 eadem
618 1596 676 1624 ipsa
690 1604 783 1630 causa,
801 1596 929 1624 videlicet

1021 1001 1069 1033 ξα’.
1086 1000 1159 1036 [λθ¹.1
1172 1002 1271 1036 Διόπερ
1281 1001 1338 1035 (55)
1348 1001 1409 1028 οὐδὲ
1421 1001 1510 1028 ταῦτα
1517 1002 1641 1037 παριδεῖν
1655 1001 1768 1029 δίκαιον.

985 1049 1017 1074 Εἰ
1037 1047 1092 1082 (54)
1106 1048 1269 1082 γεγέννηται
1285 1047 1335 1082 μὲν
1349 1049 1364 1074 ὁ
1380 1048 1443 1079 Υἱὸς
1462 1049 1494 1074 ἐκ
1521 1047 1567 1074 τοῦ
1593 1048 1699 1083 Πατρὺς
1713 1047 1770 1082 (55)

984 1094 1162 1129 ἐκπορεύεται
1179 1093 1206 1120 δὲ
1219 1094 1249 1120 τὸ
1262 1094 1373 1128 Πνεῦμα
1393 1095 1426 1121 ἐκ
1452 1093 1498 1120 τοῦ
1512 1093 1589 1126 Υίοῦ,
1604 1093 1663 1126 πῶς
1676 1094 1736 1128 οὐχὶ
1752 1095 1768 1129 ἡ

983 1141 1127 1168 δυσσέϐεια
1141 1140 1213 1167 κατὰ
1232 1140 1281 1175 τὴν
1300 1141 1402 1167 οἰκείαν
1423 1140 1501 1172 δόξαν
1524 1141 1574 1167 οὐκ
1598 1141 1638 1171 είς
1660 1140 1771 1167 υἱωνὸν

984 1186 1015 1212 τὸ
1040 1185 1152 1221 Πνεῦμα
1173 1185 1354 1221 παραπέμψει
1378 1186 1432 1220 (56)
1461 1186 1509 1213 καὶ
1528 1186 1558 1212 τὸ
1586 1186 1699 1221 φρικτὸν
1721 1185 1770 1220 τῆς

981 1232 1121 1266 Θεολογίας
1137 1231 1219 1267 ἡμῶν
1234 1231 1285 1257 οὐκ
1299 1233 1339 1263 εἰς
1359 1232 1482 1267 μακροὺς
1495 1231 1626 1259 ἀπελάσει
1643 1232 1698 1267 (57)
1720 1231 1770 1267 λή-

980 1285 1044 1312 ρους
1066 1277 1146 1312 (⁵8)-;

980 1339 983 1342 -
1015 1322 1086 1359 [62.]
1095 1322 1144 1358 EB’.
1157 1322 1215 1358 [υ¹.]
1229 1323 1309 1354 Ἴδοις
1320 1323 1343 1349 δ’
1351 1322 1384 1349 ἂν
1397 1323 1545 1350 κάντεῦθεν
1555 1323 1603 1359 τὴν
1616 1323 1769 1358 ὑπερϐολὴν

978 1369 1026 1396 τοῦ
1037 1369 1258 1404 δυσσεόήματσς.
1272 1369 1303 1395 El
1320 1369 1453 1404 προσεχὲς
1470 1369 1521 1404 μέν
1535 1371 1610 1396 ἐστιν
1621 1370 1707 1396 αἴτιον
1721 1369 1768 1396 τοῦ

978 1415 1137 1450 Πνεῦματος
1160 1417 1174 1442 ὁ
1197 1415 1290 1450 Πατὴρ
1314 1415 1381 1450 (59),
1404 1415 1500 1450 ὥσπερ
1525 1416 1572 1442 καὶ
1609 1415 1656 1441 τοῦ
1684 1415 1767 1441 Υἱοῦ·

981 1462 1092 1496 ἀμέσως
1104 1462 1157 1496 γὰρ
1172 1461 1273 1496 ὁμοίως
1286 1461 1304 1497 ἦ
1318 1470 1346 1488 τε
1358 1461 1486 1496 γέννησις
1496 1461 1542 1488 καὶ
1552 1463 1568 1496 ἠ
1586 1462 1750 1497 ὲκπόρευσις
1759 1469 1767 1477 ⁸

980 1507 1040 1534 οὐδὲ
1055 1508 1108 1543 γὰρ
1122 1508 1166 1534 διὰ
1174 1508 1256 1542 μέσου
1265 1508 1337 1539 τινὸς
1350 1509 1364 1533 ὁ
1377 1506 1442 1538 Υῐδς
1457 1507 1584 1540 γεννᾶται
1600 1507 1656 1541 (40)
1675 1516 1681 1522 ι
1700 1507 1769 1541 ἁμέ-

980 1562 1034 1585 σως
1048 1554 1069 1580 δ’
1085 1554 1186 1589 ὁμοίως
1202 1554 1249 1580 καὶ
1260 1554 1291 1580 τὸ
1307 1553 1418 1588 Πνεῦμα
1430 1552 1610 1588 ἐκπορεύεται
1625 1561 1632 1568 ·
1647 1552 1722 1587 λέγει
1740 1552 1769 1578 δὲ

979 1599 1035 1627 τῶν
1048 1599 1153 1627 ἀσεϐῶν
1167 1599 1181 1624 ὁ
1197 1599 1278 1634 λῆρος
1294 1598 1492 1634 ἐκπορεύεσθαι
1504 1598 1534 1624 τὸ
1551 1597 1664 1632 Πνεῦμα
1676 1597 1723 1624 καὶ
1738 1597 1771 1624 ἐκ

711 1678 829 1707 VARIAE
847 1679 1039 1708 LECTIONES
1059 1682 1095 1709 Ει
1121 1679 1239 1708 ΝΟΤᾸΕ.

140 1758 160 1788 1.
175 1766 239 1789 n.c.
253 1759 296 1792 12,
315 1767 341 1794 p.
356 1759 424 1786 1227
440 1768 446 1786 :
463 1769 473 1785 ‹
489 1760 708 1795 lnvestigandum
719 1765 770 1791 est.
786 1760 924 1795 quomodo

141 1795 270 1825 sentiant.
289 1795 333 1829 qui
346 1795 466 1822 fatentur
478 1795 608 1829 Spiritum
626 1803 657 1822 ex
672 1795 739 1822 Filio
755 1795 921 1830 procedere;

141 1831 201 1858 sive
221 1830 282 1856 ideo
295 1830 356 1863 quia
377 1830 436 1857 Filii
453 1830 567 1861 dicatur,
580 1830 637 1857 sive
652 1831 714 1865 quia
735 1831 926 1857 universaliter

141 1872 222 1893 omne
236 1865 308 1899 quod
332 1866 447 1899 alicujus
474 1865 574 1892 dicitur
598 1873 668 1897 esse,
693 1873 726 1892 ex
752 1866 847 1892 eodem
869 1866 927 1900 ipso

141 1900 292 1934 procedere
304 1900 443 1930 videatur;
459 1900 510 1927 hoc
526 1900 548 1927 si
566 1900 602 1926 ita
617 1905 669 1932 est,
682 1900 745 1935 quia
758 1901 828 1928 Deus
838 1900 927 1927 Abra-

143 1936 206 1962 ham
223 1942 283 1962 esse
294 1935 392 1962 dicitur
405 1939 432 1962 et
446 1935 521 1962 Isaac
541 1939 569 1962 et
582 1935 675 1968 Jacob,
705 1943 738 1963 ex
764 1936 807 1963 his
835 1936 928 1969 utique

142 1974 172 1997 et
183 1969 324 2004 procedat.
342 1979 351 1994 ›

178 2005 236 2040 (22)
253 2004 359 2040 Moriar.
375 2004 422 2031 461
437 2005 465 2036 1),
481 2005 629 2038 διαγγέλει.
644 2004 702 2032 Col.
723 2005 857 2040 διανεμεῖ.

178 2039 234 2074 (25)
254 2038 314 2065 Vat.
327 2038 346 2067 f.
366 2039 419 2066 205
438 2048 463 2073 a,
477 2040 562 2066 οὐδέν.
579 2040 624 2067 Sic
641 2039 700 2068 Col.

177 2075 234 2109 (24)
252 2074 323 2100 Mon.
338 2075 377 2101 δέ.

179 2110 235 2144 (25)
247 2109 304 2135 Col.
326 2109 464 2141 πλείονας.

180 2145 235 2181 (26)
251 2144 328 2181 glori.
343 2145 503 2181 πειθομένῃ.

178 2180 235 2213 ι27)
251 2180 286 2205 Ta
299 2180 376 2206 deest
390 2180 416 2206 in
432 2180 505 2208 Ilion.

189 2215 234 2248 28)
251 2215 310 2241 Col.
323 2215 410 2242 omitt.
430 2216 464 2242 εί.

161 2249 234 2312 ⁶(29)
257 2249 329 2276 Μοη.
344 2251 570 2286 περιτρέποντας.
584 2251 642 2279 Col.
659 2259 688 2286 p.
716 2251 780 2283 294,
803 2251 929 2286 ἀπεσόηο

176 2294 235 2312 τας.

142 2294 235 2316 κοτας.

178 2321 234 2353 (511)
248 2318 320 2346 Μοιι,
329 2319 472 2355 διελέγχει.

179 2355 234 2387 (51)
250 2354 317 2390 7001.7
325 2354 538 2390 παραλείψομαι.

179 2390 237 2426 (52)
248 2389 295 2416 His
305 2389 386 2426 linem
405 2389 520 2425 imponit
532 2391 645 2426 Photius
655 2391 741 2425 longa:
750 2391 927 2426 disputationi

142 2425 176 2452 de
191 2424 250 2451 Gal.
268 2432 305 2456 Iv,
323 2425 350 2452 6.
365 2424 450 2457 Queni
466 2427 549 2453 verba
568 2425 643 2453 Pauli
664 2424 770 2460 aliaque
793 2424 821 2453 id
842 2433 927 2461 genus

144 2460 368 2494 interpretantem
384 2468 454 2495 pone
467 2466 621 2495 sequuntur
636 2461 792 2488 schismatis
807 2460 926 2488 asserto-

143 2503 198 2526 tes,
220 2502 267 2531 ex)
280 2494 391 2531 quibus
408 2496 637 2531 'l'heophylactus,
651 2495 781 2531 Bulgaria:
796 2495 927 2531 archiepi-

142 2538 241 2564 scopus
259 2529 341 2564 (apud
369 2529 493 2571 Beccum'
509 2529 554 2559 Gr.
587 2532 654 2571 art/1.
672 2540 691 2562 I,
704 2529 786 2571 ‘QlSL
800 2538 829 2557 n.
850 2529 897 2564 65)
918 2541 925 2559 :

143 2565 309 2599 Γέγραπται,
323 2565 400 2599 ἔφης,
416 2567 527 2599 Πνευμα
550 2567 615 2593 Υἱου
650 2567 696 2593 καὶ
717 2567 830 2599 Πνεῦμα
856 2567 925 2599 Χρι-

143 2574 309 2599 ιεγραπται,
323 2574 356 2599 εφ
377 2575 400 2597 ς,
416 2574 527 2600 ιινευμα
554 2574 615 2593 ιιου
650 2574 696 2593 και
717 2574 830 2600 υνευμα
856 2574 926 2601 Ᾱρι-

143 2601 207 2636 ατοῦ
223 2609 229 2636 ᾗ
246 2600 324 2633 κάγὼ
336 2575 457 2635 τᾶὶεμαι.
474 2602 531 2628 ἀλλ’
545 2603 593 2636 οὺχ
607 2602 644 2633 ὼς
657 2602 687 2633 eg
702 2601 806 2627 ἐκείνου
820 2602 926 2636 προϊὸν,

140 2635 198 2662 ἀλλ’
216 2635 252 2667 ὡς
269 2636 368 2661 οίκεῖον
383 2637 480 2662 αὑτοῦ·
497 2635 628 2670 συγγενὲς
647 2638 701 2670 γὰρ
717 2637 764 2662 κα)¹
783 2636 831 2662 οὐκ
844 2635 925 2663 άλλό-

139 2678 216 2705 τριον
230 2679 237 2686 ·
256 2671 352 2706 καὶγὼς
365 2672 430 2706 παρ’
448 2672 531 2697 αὐτοῦ
558 2673 614 2702 τοῖς
640 2672 725 2703 ἀξίοις
749 2671 926 2705 πεμπόμενον

141 2707 188 2732 καὶ
200 2705 399 2740 χορηγούμενον
408 2705 463 2732 (καὶ
475 2707 689 2740 μεταδιδόμενον.
707 2705 819 2733 Pbotius
834 2710 924 2733 tamen

141 2740 212 2767 infra
230 2748 338 2767 rursum
356 2742 387 2767 ad
397 2742 521 2768 eamdem
542 2743 681 2768 materiam
699 2741 862 2775 regreditur.
879 2741 923 2768 ubi

140 2783 222 2803 voces
241 2775 352 2809 Πνεῦμα
371 2776 434 2802 Υἱοῦ
448 2781 475 2804 et
490 2777 601 2810 Ιινρῦμα
617 2775 735 2812 Χριστοῦ
766 2783 821 2803 non
852 2776 923 2804 idem

140 2810 232 2837 dicere
247 2811 354 2837 asserit.

161 2817 232 2837 tcere
247 2817 354 2837 asserit.

177 2845 235 2880 (τε)
250 2844 278 2872 tn
288 2845 355 2873 Cod.
369 2846 440 2874 Mon.
457 2847 478 2874 ι.
492 2846 541 2874 tet
560 2847 587 2879 b,
600 2853 660 2880 cap.
677 2845 728 2880 λβκ

941 2198 968 2228 D
981 2198 1366 2248 δυ’σῖὲἓιῖἒτῖὁὶῖἷεεᾮᾶρῖ

1011 1761 1066 1795 (54)
1082 1759 1170 1787 Verba
1185 1761 1209 1787 εἰ
1224 1768 1285 1794 γεγ.
1302 1775 1338 1779 -
1350 1758 1577 1795 παραπέμψει-οι
1594 1758 1694 1795 Ριιοιὶο
1703 1759 1767 1795 γᾶρ-

975 1793 1079 1830 scripta
1092 1795 1220 1830 leguntur
1234 1793 1268 1822 in
1287 1795 1355 1830 cod:
1365 1793 1411 1821 Gr.
1432 1793 1519 1830 theoh
1532 1793 1687 1830 Vindohon.
1702 1794 1766 1822 524-

978 1829 1083 1857 Nessel.
1101 1829 1272 1864 (Lambeccio
1287 1835 1329 1857 est
1342 1829 1410 1857 Cod.
1431 1829 1492 1862 157)
1509 1829 1556 1856 fol.
1569 1829 1621 1856 247
1635 1829 1664 1858 1).

1012 1866 1067 1900 (55)
1084 1865 1156 1892 Μοη.
1167 1866 1205 1900 ἐκ
1222 1865 1270 1892 τοῦ
1285 1865 1392 1899 Πατρδς
1410 1866 1424 1890 ὁ
1436 1864 1511 1900 Υίός.

1013 1901 1068 1935 (56)
1083 1900 1151 1927 Cod.
1166 1899 1284 1927 Vindob.
1296 1900 1396 1926 citatus
1409 1904 1436 1926 et
1450 1899 1508 1926 Col.
1525 1901 1533 1910 '
1548 1899 1607 1930 πῶς
1620 1899 1681 1935 οὐχὶ
1698 1899 1769 1926 κατὰ

977 1935 1027 1970 τὴν
1041 1934 1095 1962 οἰκ.
1111 1935 1135 1962 δ.
1153 1936 1170 1970 ἡ
1183 1935 1326 1961 δυσσέϐεια
1344 1936 1395 1961 οὐκ
1423 1935 1462 1965 εἰς
1490 1934 1588 1961 υἱωνὸν
1612 1934 1710 1961 τὸΠν.
1736 1943 1766 1961 π.

978 1970 1085 1998 Monac.
1103 1970 1162 2002 πῶς
1175 1970 1205 1996 οὐ
1218 1970 1289 1996 κατὰ
1311 1969 1360 2004 τὴν
1379 1969 1482 1996 οἰκείαν
1500 1969 1578 2002 δόξαν
1595 1970 1612 2004 ἡ
1640 1969 1768 1996 εὐσέὸεια

978 2005 1040 2041 (sic)
1056 2006 1108 2041 οὐκ
1119 2006 1159 2036 εἰς
1176 2005 1242 2041 Υιὺν
1257 2005 1286 2030 τὸ
1302 2005 1351 2031 [Ιν.
1366 2013 1397 2030 π.

1026 2040 1072 2073 57)
1085 2040 1157 2067 Mon.
1172 2039 1316 2072 συνελάση.

1025 2075 1071 2110 58)
1086 2074 1200 2102 Photius
1213 2082 1257 2110 ep.
1274 2074 1306 2101 ad
1320 2074 1437 2110 Aquilei.
1454 2082 1461 2100 :
1478 2074 1510 2100 0!
1521 2074 1549 2100 δὲ
1564 2073 1649 2110 ταύτῃ
1664 2074 1692 2101 δὲ
1701 2074 1766 2101 δυσ-

978 2109 1070 2145 φημίᾳ
1084 2110 1194 2144 κάτοχοι
1210 2109 1269 2145 και
1281 2109 1379 2145 υἱωνὸν
1393 2110 1480 2135 εἰπεῖν
1494 2109 1532 2145 τὸ)
1542 2109 1655 2144 Πνεῦμα
1671 2110 1722 2136 οὐκ
1734 2110 1768 2136 ἂν

978 2138 1180 2180 ἀποκνήσαιενιῗ,
1198 2145 1224 2170 εί
1248 2144 1276 2180 δὲ
1286 2144 1359 2180 γτὴνγ
1376 2144 1467 2180 φωνὴν
1489 2138 1667 2180 φυλάττονται
1692 2145 1768 2179 φόῦῳ

980 2180 1035 2206 τῶν
1050 2176 1182 2212 εὐσεϐῶν,
1199 2179 1255 2206 ἀλλ’
1269 2179 1316 2205 οὖν
1329 2176 1367 2205 ’τὸ
1383 2176 1510 2214 φρόνημα
1527 2178 1560 2205 δι’
1584 2176 1622 2205 ὧν
1640 2176 1769 2214 δογματίζ

1389 2214 1439 2248 μὲν
1459 2214 1522 2245 Υίὸς
1547 2214 1579 2240 ὲκ
1595 2214 1643 2241 τοῦ
1663 2215 1769 2248 Πατρὺς

979 2251 1024 2276 διὰ
1045 2251 1199 2284 γεννήσεως
1219 2249 1339 2284 πρόεισι,
1353 2249 1384 2275 τὺ
1409 2249 1523 2283 Πνεῦμα
1537 2249 1566 2275 δὲ
1591 2250 1625 2276 ὲκ
1638 2249 1685 2275 τοῦ
1701 2249 1768 2276 Υῐοῦ

979 2284 1013 2312 δί’
1036 2286 1236 2320 ὲκπορεύσεως,
1258 2285 1307 2320 Δεἰς
1326 2284 1424 2320 υῑωνοῦ
1449 2284 1526 2316 τάξιν
1551 2285 1766 2320 περιστήσεται”

979 2320 1027 2346 καὶ
1041 2320 1101 2350 πῶς
1109 2318 1147 2346 ⁷ἂν
1162 2319 1203 2354 εἴη
1222 2318 1303 2345 τοῦτο
1315 2319 1433 2354 φορητὸν
1452 2321 1509 2350 τοῖς
1534 2318 1658 2346 εὐσεϐεῖν
1681 2328 1768 2346 σπου-

978 2354 1026 2389 δὴν
1057 2355 1229 2387 ποιουμένοις
1258 2354 1305 2380 καὶ
1334 2354 1373 2388 τῷ
1401 2354 1455 2380 τῶν
1477 2354 1650 2389 Χριστιανῶν
1675 2363 1763 2380 κατα-

979 2388 1051 2425 λόγῳ
1065 2388 1306 2425 συνεξετάζεσθαι;
1324 2389 1340 2424 ἦ
1356 2389 1422 2425 Διιιῷς
1446 2390 1493 2415 ἐπὶ
1506 2388 1576 2425 πολὺ
1600 2389 1767 2425 παρορώμε-

979 2433 1024 2451 νον
1038 2423 1231 2457 άνεξέλεγκτον
1244 2425 1274 2450 οὐ
1291 2423 1459 2456 συνελκύσει,
1475 2424 1537 2455 τοὺς
1548 2423 1683 2457 σιγῶντας
1705 2424 1766 2458 μὲν,

978 2460 1024 2487 νοῦ
1047 2460 1076 2486 δὲ
1107 2460 1140 2484 ἐκ
1169 2459 1235 2485 Θεοῦ
1263 2460 1310 2486 καὶ
1338 2460 1456 2494 χαρίτων
1473 2459 1621 2492 διελέγχειν
1645 2459 1767 2485 ἀπολαύ-

979 2504 1089 2535 σαντας,
1119 2495 1158 2526 εἰς
1182 2494 1232 2529 τὴν
1262 2494 1316 2520 τῶν
1339 2494 1595 2529 βλασφημησάντων
1610 2494 1765 2535 ambietan

977 2529 1065 2557 NlCOl.
1082 2530 1204 2556 Methon.
1219 2537 1243 2556 c.
1259 2529 1289 2556 21
1316 2539 1322 2556 :
1339 2528 1400 2555 Ἔτι
1426 2530 1450 2554 ει
1475 2528 1489 2553 ὁ
1506 2529 1555 2562 μὲν
1570 2528 1634 2560 Υἱὸς
1659 2537 1691 2555 εκ
1721 2537 1764 2555 που

977 2565 1085 2600 Πατρὸς
1103 2586 1110 2597 ,
1126 2565 1156 2600 τὸ
1175 2565 1203 2590 δὲ
1219 2564 1330 2598 Πνεῦμα
1349 2563 1446 2600 ἐκντοῦ
1472 2563 1700 2600 Υἰοῦλτάχαγκαὶ
1726 2564 1766 2595 είς

977 2598 1076 2626 υἱωνοῦ
1100 2599 1176 2631 τάξιν
1194 2600 1223 2625 τὸ
1240 2599 1352 2632 Πνεῦμα
1368 2599 1484 2625 τίθεται.
1505 2598 1605 2625 Eadem
1635 2599 1692 2625 fere
1716 2606 1764 2624 oc-

978 2639 1092 2661 currunt
1117 2635 1144 2661 in
1174 2634 1255 2661 Marci
1284 2634 1393 2668 Ephesii
1426 2633 1676 2669 syllogismisﬁod.
1706 2632 1766 2659 Mo—

978 2677 1040 2696 nac.
1054 2670 1099 2700 27,
1119 2669 1138 2695 f.
1155 2670 1208 2697 258
1223 2677 1237 2696 a
1259 2669 1277 2696 ί.
1287 2669 1339 2696 255
1358 2669 1384 2696 b.

1013 2705 1068 2737 (59)
1084 2703 1156 2731 Mon.
1175 2706 1199 2730 εἰ
1218 2705 1353 2740 προσεχὴς
1377 2703 1426 2738 μέν
1454 2705 1513 2730 ἐστι
1529 2701 1577 2730 τοῦ
1606 2704 1766 2738 Πνευματος

977 2739 1063 2770 αἰτιος
1078 2740 1092 2765 ὁ
1101 2740 1215 2775 ῨΠατήρ,

977 2774 1069 2835 Υἔξω)
1084 2774 1156 2801 .‘don.
1180 2771 1246 2801 ὀὔτε
1265 2774 1319 2810 γὰρ
1341 2774 1365 2801 δ.
1393 2782 1422 2809 μ.
1449 2782 1476 2801 τ.
1505 2773 1644 2808 γεννᾶται.
1658 2771 1766 2800 Βοοειό

1012 2818 1051 2835 Οἱ.

1012 2818 1051 2840 ος.
