1940 3081
200 114 252 146 347
761 112 901 147 PHOTIL
909 113 978 143 PAT

1034 112 1163 143 \RCHJE
1182 112 1236 142 (ΣΡ.

1773 112 1825 144 368

199 170 365 198 condemno.
377 169 422 201 At,
443 168 543 204 inquis,
571 169 607 196 illi
639 168 696 196 hmc
721 169 902 204 scripserunt,
919 175 947 196 et
960 169 978 196 it

1040 168 1239 204 ταψηφίξομαι.
1272 167 1362 199 Ἀλλὰ,
1389 167 1539 203 φησὶ(95),
1566 168 1722 203 γεγράφασι
1739 169 1823 196 ταῦτα

199 216 308 243 illorum
317 216 394 243 libris
405 216 572 247 continetur,
582 215 716 250 Spiritum
724 223 738 242 a
751 215 819 243 Filio
827 215 988 250 procedere.

200 259 301 288 Verum
320 261 384 295 quid
417 261 487 287 hoc?
501 260 528 287 Si
540 261 611 288 enim
631 261 728 289 melius
759 261 850 288 edocti
876 265 989 288 senten-

200 307 264 334 tiam
278 315 331 333 non
348 311 497 338 mutarunt,
512 307 534 334 si
557 307 638 342 jnstis
656 307 737 334 evicti
762 307 930 340 argumentis
954 307 988 335 ab

199 359 291 379 errore
314 359 367 378 non
391 357 573 385 recesserunt,
595 357 673 379 tuum
696 360 766 387 opus
778 352 846 380 dicis
856 357 988 387 tuumque

199 398 426 426 inemendabilem
449 399 578 437 animum
601 399 662 433 (alia
681 406 776 426 rursus
796 399 853 426 haec
869 403 911 426 est
939 399 988 427 ad—

198 452 293 472 versus
310 444 402 471 Patres
419 448 479 471 tuos
494 445 643 480 calumnia)
661 445 769 472 illorum
785 445 920 472 doctrinae
939 453 986 473 ac-

198 494 306 524 ceptum
322 489 417 516 refers.
428 489 456 517 Si
472 497 547 523 vero,
563 498 624 524 qua:
642 494 684 518 est
697 498 788 517 rerum
805 490 986 518 humanarum

197 535 329 567 conditio,
346 536 410 562 licet
426 536 592 570 cteteroquin
606 537 718 571 optimis
728 537 884 572 quibusque
901 538 987 564 virtu-

200 581 272 608 tibus
286 582 385 613 ornati,
396 582 438 609 vel
453 589 487 609 ex
500 582 652 617 ignorantia
668 583 782 617 quadam
800 584 868 618 lapsi
885 583 927 611 vel
941 591 987 611 ne-

198 627 324 662 gligentia
339 627 443 662 abrepti
458 632 533 659 sunt.
550 635 605 655 non
622 632 711 655 tamen
724 628 855 655 admoniti
878 629 986 656 restite-

199 675 264 698 runt
279 676 325 698 aut
347 671 380 698 ad
396 672 580 700 correctiones
599 673 721 699 animum
743 674 922 708 pertinaciter
935 674 985 701 ob-

198 716 343 749 durabant,
361 717 424 752 quid
436 718 487 745 hoc
499 718 532 745 ad
549 718 596 745 te?
609 718 751 751 Quomodo
763 727 828 746 vero
842 720 869 746 in
879 719 922 753 iis,
939 720 985 755 qui

198 761 266 789 nihil
274 762 361 789 simile
369 763 422 790 tuis
433 764 555 791 moribus
565 764 729 797 habuerunt,
743 765 896 800 perfugium
910 765 986 793 inve-

198 808 258 835 nies
274 815 364 842 preme
383 810 550 837 inevitabilis
574 810 725 838 evitandae?
742 811 769 838 Si
788 811 862 838 enim
877 819 983 845 eorum,

154 883 157 889 ι
186 853 298 887 ~quibus
313 858 341 880 tu
357 855 491 886 abundas,
510 855 546 882 illi
563 863 599 882 ne
610 856 822 890 leviterquidem
837 857 986 892 participes

198 899 261 926 facti
276 905 350 932 sunt,
368 900 414 927 sed
430 901 521 935 potius
539 901 663 935 plurimis
676 901 736 928 aliis
751 902 919 930 admirandze
931 903 986 930 vir-

198 944 264 971 tutis
279 945 443 980 pietatisque
454 946 650 981 speciminibus
662 948 752 975 ornati
773 949 889 984 impium
907 953 985 978 tuum

196 990 294 1025 dogma
309 998 342 1018 ex
357 991 508 1026 ignorantia
520 995 568 1019 aut
581 993 745 1028 negligentia
759 996 983 1029 pronuntiarunt.

196 1036 262 1070 quid
274 1041 303 1063 tu
318 1037 465 1064 humanum
477 1037 585 1064 illorum
606 1039 743 1066 defectum
756 1044 882 1075 tanquam
897 1042 984 1078 legem

196 1081 280 1116 impie
296 1082 424 1109 credendi
440 1083 488 1109 tibi
512 1083 657 1111 constituis
675 1093 763 1120 exque
784 1086 836 1113 hac
859 1090 905 1114 tua
924 1088 985 1122 lege

196 1126 269 1159 illos,
290 1128 337 1161 qui
350 1127 388 1154 nil
402 1129 537 1162 ejusmodi
564 1130 689 1157 sanxisse
715 1131 880 1166 deprehensi
908 1138 983 1167 sunt,

195 1172 305 1206 iniquos
330 1173 451 1209 legisque
479 1174 624 1202 violatores
649 1176 772 1204 declaras
801 1182 984 1213 extremaque

195 1216 345 1252 impietatis
359 1219 412 1246 sub
436 1219 537 1246 amoris
557 1219 809 1255 benevolentiaque
833 1221 908 1248 larva
923 1229 984 1250 reos

193 1262 320 1297 iudicas?
333 1264 394 1291 Non
416 1265 489 1292 bona
520 1269 628 1293 tuorum
644 1271 708 1293 sunt
728 1267 880 1295 studiorum
901 1276 984 1296 cona-

194 1314 327 1344 tuumque
337 1310 458 1344 praemia.
474 1311 527 1338 Sed
541 1311 602 1338 vide
616 1311 763 1346 impietatis
773 1320 916 1339 excessum
929 1313 984 1341 im-

195 1355 328 1390 probique
344 1355 529 1391 insipientiam
545 1357 640 1384 animi.
657 1357 686 1384 ln
703 1365 782 1384 suum
800 1358 983 1392 patrocinium

194 1406 293 1428 vocant
311 1401 454 1428 Dominum
471 1402 655 1436 :deprehensi
668 1403 780 1430 fuerunt
792 1404 937 1432 mendaces
955 1409 984 1433 et

193 1446 420 1480 calumniatores;
452 1447 620 1476 advocarunt
650 1453 780 1484 patronos
825 1451 981 1485 apostolos;

1039 215 1087 241 καὶ
1100 216 1157 245 τοῖς
1170 213 1281 240 ἐκείνων
1289 213 1380 248 λόγοις
1393 213 1597 249 ἐμπεριέχεται,
1613 213 1644 240 τδ
1656 214 1768 249 Πνεῦμα
1777 215 1823 242 τοῦ

1039 260 1105 287 Υἱοῦ
1118 260 1325 295 ἐκπορεύεσθαι.
1413 259 1469 286 Καὶ
1483 259 1509 286 τι
1522 259 1616 293 τοῦτο;
1637 260 1669 286 Et
1691 261 1739 294 μὲν
1752 260 1823 287 διδα-

1039 306 1147 341 χθέντες
1162 306 1193 332 οὐ
1210 305 1365 340 μετέθεντο,
1392 307 1416 332 εἰ
1443 306 1498 336 τοῖς
1512 305 1629 337 δικαίοις
1649 306 1771 340 ἐλέγχοις
1793 306 1821 333 οὐ

1040 351 1219 386 μετεϐάλοντο
1233 350 1300 385 (96),
1319 350 1350 376 τὸ
1368 349 1413 376 σὺν
1429 349 1509 385 ἔργον
1536 349 1627 383 λέγεις
1648 350 1696 375 καὶ
1711 350 1760 385 τὴν
1776 351 1823 386 σὴν

1037 396 1216 431 ἀνουθέτητον
1231 395 1344 430 γνώμην
1356 395 1433 430 (ἄλλη
1447 395 1528 422 πάλιν
1539 395 1608 430 αὐτ-η
1624 395 1694 422 κατὰ
1705 396 1757 422 τῶν
1771 396 1823 422 σῶν

1038 442 1171 477 Πατέρων
1186 441 1363 476 συκοφαντία)
1384 441 1423 473 είς
1440 440 1489 476 τὴν
1506 441 1618 468 ἐκείνων
1630 441 1775 477 ἀναφέρεις
1785 441 1824 468 δι-

1037 488 1195 515 δασκαλίαν.
1210 488 1242 514 Εἰ
1256 487 1285 514 δὲ
1301 486 1343 514 οἵα
1363 487 1397 514 τά
1419 487 1579 523 ἀνθρώπινα
1593 487 1683 514 καίτοι
1702 488 1737 515 τὰ
1756 488 1823 515 ἄλλα

1036 535 1093 566 τοῖς
1105 534 1226 568 ἀρίστοις
1237 533 1450 568 ἐνευθυμοῦντες
1464 534 1520 568 (97)
1533 534 1550 569 ἢ
1561 534 1658 569 ἀγνοίᾳ
1679 533 1733 560 τιν).
1746 543 1824 569 περι-

1038 581 1135 607 έπεσον
1153 580 1170 616 ἦ
1186 581 1365 616 παφράματι
1386 581 1578 616 ὐπηνὲχθησαν
1591 601 1598 612 ,
1624 581 1675 607 οὐκ
1697 581 1822 622 ἀντεῖπον

1036 625 1065 651 δὲ
1075 626 1265 661 διδασκόμενοι
1279 626 1338 653 οὐδὲ
1352 626 1420 660 πρὸς
1435 626 1465 652 τὸ
1483 625 1624 653 νουθετοῦν
1637 626 1823 661 ἀπηυθαδειά-

1038 679 1118 698 σαντο
1133 672 1200 707 (98),
1214 673 1241 699 τί
1254 671 1333 699 τοῦτο
1346 672 1415 707 πρὸς
1437 673 1483 705 σέ;
1498 672 1559 704 Πῶς
1573 672 1602 698 δὲ
1613 672 1738 707 εὑρήσεις
1751 673 1822 698 ἐκεί-

1037 726 1099 749 νους
1115 717 1277 753 καταφυγὴν
1301 714 1339 744 ὧν
1356 717 1431 743 οὐδὲν
1440 718 1533 752 ὅμοιον
1557 717 1624 754 πρὸς
1646 718 1681 743 τὰ
1704 717 1749 748 σὰ,
1775 717 1822 753 τὴν

1035 765 1155 798 ἄφυκτον
1177 764 1256 798 δίκην
1269 763 1419 797 ἀποφυγεῖν
1434 762 1512 798 (99);
1534 762 1564 788 Εἰ
1583 762 1637 798 γᾲρ
1655 759 1693 789 ὧν
1715 763 1748 789 σὺ
1772 763 1824 797 μὲν

1036 809 1185 841 ἀπολαύεις
1198 808 1312 840 ἐκείνοις
1326 809 1387 835 οὐδὲ
1401 808 1497 843 γέγονε
1513 809 1670 843 μετασχεῖν,
1684 808 1789 835 πολλῶν
1799 809 1821 835 δ’

1036 856 1124 883 ἀλλων
1148 855 1304 890 προσόντων
1330 854 1421 886 αὐτοῖς
1452 854 1591 890 θαύματος
1614 854 1708 887 ἀξίων,
1730 854 1765 880 δι’
1785 851 1822 881 ὧν

1036 902 1120 938 ἀρετὴ
1134 901 1283 936 διαλάμπει
1296 901 1344 927 καὶ
1364 900 1502 933 εὐσέϐεια,
1522 900 1554 927 τὸ
1568 901 1614 927 σὸν
1635 900 1664 933 ἐξ
1680 900 1791 934 ἃγνοίας
1805 901 1822 936 ἢ

1036 947 1107 974 κατά
1122 947 1273 983 παρόρασιν
1294 946 1398 982 ἐρρήθη
1422 945 1593 981 δυσσέϐημα,
1613 946 1639 973 τί
1652 947 1681 973 τὸ
1710 947 1822 973 ἐκείνων

1034 994 1205 1030 ἀνθρώπινον
1224 993 1281 1029 [69]
1296 993 1406 1029 ἥττημα
1423 992 1461 1028 (1)
1477 993 1558 1028 νόμον
1571 993 1621 1027 μὲν
1640 993 1710 1019 ὥστε
1727 993 1822 1019 δυσσε-

1035 1040 1094 1068 ϐεῖν
1113 1039 1203 1075 ἑαυτῷ
1217 1039 1415 1074 συνεισφέρεις,
1430 1040 1463 1065 ἐκ
1482 1038 1510 1065 δὲ
1525 1039 1572 1065 τοῦ
1592 1038 1640 1065 σοῦ
1659 1039 1742 1073 νόμου
1759 1039 1822 1070 τοὺς

1037 1086 1119 1123 μηδὲν
1124 1086 1229 1113 τοιοῦτο
1235 1085 1388 1120 νομοθετεῖν
1395 1084 1570 1120 φωραθέντας
1576 1084 1751 1119 παρανόμους
1757 1084 1822 1110 ἀπο-

1035 1133 1150 1168 φαίνεις,
1162 1132 1208 1159 κα)⁵
1215 1131 1343 1162 ἀσεϐείας
1353 1130 1470 1165 ἐσχάτης
1485 1131 1513 1157 ἐν
1527 1129 1691 1165 προσωπείῳ
1705 1129 1821 1164 στοργῆς

1034 1180 1082 1206 καὶ
1094 1179 1200 1209 εὐνοίας
1214 1177 1292 1213 δίκην
1306 1178 1432 1208 ἀπαιτεῖς
1444 1185 1451 1209 ;
1464 1177 1493 1202 οὐ
1509 1176 1564 1212 γὰρ
1575 1175 1645 1202 καλά
1660 1183 1702 1201 σοι
1718 1174 1755 1210 (‘2)
1767 1174 1821 1201 τῶν

1034 1225 1232 1260 ἀγωνισμάτων
1243 1223 1279 1250 τὰ
1297 1223 1434 1258 ἐπίχειρα.
1467 1222 1536 1248 Ἀλλ’
1551 1222 1602 1257 ὅρα
1624 1222 1675 1256 τῆς
1695 1220 1822 1252 ἀσεϐείας

1033 1271 1082 1306 τὴν
1098 1270 1317 1306 ὑπερϐολὴνοκαὶ
1331 1270 1380 1304 τῆς
1393 1267 1558 1303 κακοσχὸλου
1570 1267 1683 1302 γνώμης
1695 1267 1726 1293 τὺ
1742 1267 1819 1293 ⁸ἔισύν-

1033 1326 1106 1345 ετον.
1129 1317 1177 1348 Εἰς
1191 1315 1357 1351 συνηγορίαν
1378 1315 1476 1349 ἄγουσι
1499 1314 1546 1340 τὸν
1565 1314 1715 1346 Δεσπότην,
1729 1311 1821 1346 πεφώ-

1034 1372 1130 1400 ρανται
1154 1363 1193 1398 (5)
1219 1362 1471 1396 συκοφαντοῦντες·
1498 1361 1631 1387 ἐκάλεσαν
1654 1359 1822 1394 συνηγόρους

1032 1410 1097 1441 τοὺς
1113 1409 1249 1444 μαθητὰς,
1266 1408 1390 1435 ἑάλωσαν
1411 1407 1555 1438 κάκείνους
1565 1406 1610 1433 τὸν
1623 1405 1704 1432 αὐτὸν
1720 1404 1822 1440 τρόπον

1034 1455 1245 1491 περιϐάλλοντες
1273 1454 1468 1488 συκοφαντίαις
1481 1461 1488 1469 ’
1503 1453 1658 1487 κατέφυγον
1686 1451 1766 1478 πάλιν
1780 1451 1821 1481 εἰς

193 1491 312 1519 convicti
323 1496 388 1520 sunt
402 1493 469 1520 istos
482 1500 592 1528 quoque
611 1494 708 1521 eodem
736 1495 816 1522 modo
838 1495 978 1523 calumniis

1035 1501 1174 1535 Πατέρας,
1185 1501 1233 1527 καὶ
1245 1501 1308 1527 ἀντὶ
1323 1501 1407 1535 τιμῆς
1419 1499 1541 1535 μεγάλην
1556 1497 1647 1525 αὐτῶν
1658 1496 1821 1532 καταχέουσι

192 1537 552 1574 alireientes;conl‘ugeruut
569 1547 665 1566 rursus
679 1539 713 1567 ad
734 1540 848 1570 Patres:
867 1545 895 1568 et
920 1541 981 1569 loco

193 1584 305 1612 honoris
315 1585 454 1620 ingentem
468 1585 535 1620 ipsis
550 1585 749 1620 blasphemiam
765 1587 921 1615 olIundunt.

228 1631 271 1658 69.
289 1631 323 1658 Et
340 1631 432 1659 Patres
442 1632 553 1666 quidem
568 1637 676 1665 vocant,
693 1633 730 1659 ita
744 1639 795 1666 est,
817 1633 866 1662 sed
881 1642 935 1661 non
952 1639 983 1662 ut

192 1675 303 1703 Patrum
319 1677 371 1704 illis
382 1678 513 1704 honorem
528 1678 658 1711 tribuant,
668 1687 763 1706 verum
776 1685 806 1707 ut
839 1681 981 1709 inveniant

191 1727 244 1757 qua
270 1723 377 1758 possint
399 1724 504 1751 ratione
535 1724 594 1751 ﬁeri
618 1726 772 1760 parricidae.
801 1726 895 1762 Neque
925 1728 980 1755 divi

191 1767 268 1795 Pauli
281 1769 495 1804 perhorrescunt
513 1777 608 1797 vocem
623 1791 630 1803 ,
646 1778 727 1805 quam
756 1776 847 1799 tamen
872 1777 900 1800 et
928 1773 979 1808 ipsi

191 1818 287 1841 contra
308 1813 401 1841 Patres
417 1822 482 1842 suos
507 1823 560 1842 non
581 1816 636 1843 sine
658 1817 759 1852 ingenti
788 1819 891 1845 malitia
912 1827 980 1846 con-

192 1864 328 1894 torquent.
345 1860 394 1888 llic
412 1861 554 1896 enim,qui
567 1867 729 1896 potestatem
752 1865 858 1899 accepit
879 1865 979 1900 ligandi

191 1913 222 1932 ac
235 1906 368 1939 solvendi,
389 1911 417 1933 et
428 1914 494 1934 sane
507 1907 617 1935 vinculo
632 1910 774 1937 tremendo
789 1911 870 1938 simul
885 1917 913 1939 et
932 1919 979 1939 va-

189 1951 244 1978 lido
257 1953 397 1988 (pertingit
409 1953 480 1980 enim
489 1954 522 1980 ad
533 1954 620 1988 ipsum
632 1962 744 1990 regnum
752 1956 905 1992 etelorum);
922 1956 976 1990 hic,

189 1995 312 2030 inquam,
327 1998 429 2033 ingenti
443 1999 569 2033 claraque
589 2000 721 2027 exclamat
735 2009 801 2029 voce
818 2010 825 2029 :
840 2002 912 2030 Licet
932 2012 978 2031 nos

189 2045 236 2067 aut
245 2043 354 2077 angelus
371 2043 402 2069 de
423 2043 486 2070 caelo
512 2045 670 2078 evangelizet
699 2046 769 2072 vobis
799 2052 978 2082 prwterquam

188 2087 258 2122 quod
268 2088 503 2123 evangelizavimus
514 2089 596 2122 vobis,
612 2091 754 2117 anathema
777 2092 811 2118 sit
824 2093 858 2121 ".
876 2092 977 2122 Paulus

188 2139 285 2160 sonora
296 2139 324 2160 et
339 2142 479 2167 nunquam
497 2139 592 2162 tacens
608 2135 736 2164 Ecclesia:
755 2138 829 2171 tuba,
843 2139 885 2166 vir
916 2144 977 2168 tan-

222 2208 244 2224 ⁷³
255 2207 342 2236 Galat.
360 2216 379 2241 ι,
394 2209 420 2236 8.

1034 1546 1220 1582 βλασφημίαν.

1068 1637 1116 1669 EB’.
1131 1636 1185 1672 [8'.j
1201 1635 1255 1662 Καὶ
1268 1634 1395 1669 Πατέρας
1414 1633 1462 1669 μὲν
1473 1633 1587 1660 καλοῦσι
1601 1631 1730 1668 (καλοῦσι
1743 1631 1820 1667 γὰρ),

1032 1681 1147 1716 ἀλλὀὐχ
1164 1681 1209 1707 ἴνα
1222 1680 1253 1707 τὸ
1263 1680 1317 1706 τῶν
1330 1679 1460 1714 Πατέρων
1474 1677 1643 1712 ἀπονείμωσι
1655 1677 1748 1712 γέρας,
1762 1676 1820 1703 ἀλλ’

1032 1728 1065 1754 ἵν’
1083 1727 1122 1761 (4)
1141 1727 1279 1761 εὐρήσωσι
1294 1726 1333 1760 (5)
1353 1724 1386 1751 δι’
1405 1721 1443 1751 ὧν
1463 1724 1495 1750 ἂν
1511 1723 1632 1757 γένοιντο
1645 1722 1817 1758 πατραλοῖαι.

1031 1774 1086 1801 Καὶ
1098 1774 1159 1800 οὐδὲ
1170 1773 1219 1808 τὴν
1228 1771 1276 1799 τοῦ
1288 1772 1434 1798 θεσπεσίου
1443 1770 1549 1796 Παύλου
1562 1769 1703 1804 φρίττουσι
1715 1768 1819 1803 φωνὴν,

1031 1821 1064 1855 ἢν
1078 1820 1154 1846 αὐτοὶ
1176 1818 1248 1845 κατὰ
1263 1818 1317 1844 τῶν
1341 1817 1472 1851 Πατέρων
1501 1816 1592 1842 αὐτῶν
1623 1816 1692 1850 μετά
1720 1814 1820 1848 πολλῆς

1030 1865 1229 1901 ἀπορρίπτουσι
1243 1863 1294 1898 τῆς
1308 1862 1487 1896 κακουργίας.
1505 1861 1562 1888 Καὶ
1579 1860 1634 1895 γὰρ
1648 1857 1726 1892 οὗτος
1738 1861 1753 1887 ό
1769 1860 1820 1895 τὴν

1030 1911 1156 1944 ἐξουσίαν
1178 1909 1268 1937 λαϐὼν
1290 1910 1401 1944 δεσμεῖν
1428 1908 1476 1934 καὶ
1490 1907 1576 1940 λύειν,
1593 1909 1641 1934 καὶ
1659 1907 1691 1933 τδ
1710 1906 1757 1933 τοῦ
1772 1906 1818 1933 δε-

1031 1957 1100 1992 σμοῦ
1117 1957 1231 1992 φοϐερὸν
1248 1956 1306 1991 ἅμα
1324 1955 1371 1982 καὶ
1389 1953 1519 1990 κραταιὸν
1539 1953 1632 1988 (μέχρι
1658 1952 1713 1987 γὰρ
1730 1951 1816 1986 αὐτῆς

1029 2002 1194 2040 ἀναφέρεται
1214 2001 1265 2037 τῆς
1286 2000 1425 2036 βασιλείας
1443 2000 1498 2026 τῶν
1518 1999 1664 2034 οὐρανῶν),
1684 1996 1761 2030 οὗτος
1785 1998 1818 2033 δὴ

1030 2049 1135 2084 μεγάλῃ
1149 2048 1197 2074 καὶ
1208 2048 1361 2082 διαπρυσίῳ
1370 2046 1489 2081 κέκραγε
1501 2047 1534 2081 τῇ
1548 2046 1623 2080 φωνῇ
1637 2053 1644 2060 '
1659 2045 1723 2071 Κᾶν
1732 2044 1817 2079 ἡμεῖς

1028 2095 1047 2129 ἣ
1064 2095 1191 2130 ἅγγελος
1217 2093 1251 2125 ἐξ
1277 2093 1409 2125 οὐρανοῦ
1439 2092 1662 2127 edam-aliam:
1685 2091 1723 2126 (6)
1746 2091 1818 2125 ὑμῖν

1027 2143 1094 2176 παρ’
1105 2142 1121 2168 ὃ
1134 2141 1171 2176 (7)
1180 2139 1426 2175 εὐαγγελιζόμεοα
1434 2139 1515 2173 ὑμῖν,
1530 2138 1665 2173 ἀνάθεμα
1673 2138 1751 2165 ἔστω
1764 2137 1813 2172 (8).

737 2285 854 2315 VARIA‘J
875 2288 1070 2318 LECTIONES
1081 2289 1125 2316 ET
1139 2287 1254 2316 NOTAE.

221 2348 276 2380 (95)
291 2348 349 2377 Col.
367 2350 443 2383 φασί.

294 2385 382 2420 Palat.
397 2384 417 2411 Γ.
435 2386 488 2412 255
497 2393 524 2419 a,
539 2386 743 2420 μετεϐάλλοντο.

221 2419 276 2460 (ρΊ)
294 2418 383 2460 νειιὶοτ
418 2418 620 2460 ἐγευῷυνοῦτεςἒ
639 2423 648 2433 ⁸
668 2422 726 2460 Col.
754 2424 970 2460 ἐνευθηνοῦντες.

184 2454 215 2482 In
229 2454 324 2487 l‘alat.,
340 2455 419 2489 cujus
431 2455 574 2484 lectionem
588 2458 787 2492 adoptavimus,
802 2460 830 2486 in
877 2454 971 2488 rasura

184 2494 276 2558 es“('98)
296 2523 379 2553 Palat.
417 2525 662 2560 ἀπηυοαδιάσαντο.
692 2528 738 2555 Sic
771 2528 830 2555 Col.
862 2529 967 2557 Forma:

183 2559 353 2598 αὖθαρει-ᾲζω
366 2565 398 2598 et
408 2559 562 2598 abOdS;d§m
577 2564 733 2598 promiscue
746 2569 902 2592 occurrunt.

219 2595 274 2635 (99)
291 2594 340 2629 Ep.
360 2596 398 2635 ad
416 2597 541 2635 _Aquilei.
560 2594 679 2635 archiep.
698 2608 704 2625 :
721 2599 752 2635 lth
766 2600 822 2635 pév
842 2601 965 2635 ὑπομνη-

184 2630 371 2670 σθέντες-περὶ
382 2631 429 2657 τοῦ
443 2630 638 2670 ,προκειμένου
653 2630 802 2667 κεφαλαίου
815 2635 868 2661 τῶν
892 2630 967 2670 εἰρή-

184 2667 273 2703 μένων
290 2666 419 2703 Πατὲρων
439 2667 548 2703 ἀντεῖπε
566 2668 596 2694 τὸ
609 2666 751 2703 σύνταγμα
777 2670 824 2695 καὶ
842 2670 910 2703 πρὸς
919 2666 966 2696 ’ἐν-

183 2701 278 2739 εταεᾴν
290 2710 351 2739 τινα
371 2702 417 2728 καὶ
443 2701 584 2739 ἀπείθειαν
603 2701 817 2739 ἀπεθρασύνετο.
835 2701 966 2731 διέτεινάν

180 2744 212 2762 τε
227 2737 260 2771 τῇ
277 2737 345 2771 αὐτῇ
365 2738 527 2772 παρατροπῇ
547 2737 595 2771 τῆς
611 2737 699 2773 δόξης,
714 2740 761 2765 καὶ
776 2741 820 2765 ἐπ’
835 2741 904 2775 αὐτῇ
920 2740 965 2766 τὸν

181 2769 240 2804 βίον
257 2772 324 2804 μετὰ
343 2772 406 2803 τοὺς
426 2771 552 2804 ἐλέγχους
567 2773 764 2804 κατέστρεψαν,
780 2775 885 2804 ἀνάγκη
907 2775 967 2800 τοὺ-

181 2780 240 2804 ριον
257 2780 324 2805 μετα
343 2780 406 2803 τους
426 2780 552 2806 εΑεγχους
567 2780 764 2808 κατεστρεψαν,
780 2780 886 2810 αναγκη
907 2780 967 2800 του-

181 2813 249 2845 τους,
265 2806 515 2845 συναποϐᾀλλεσραι
530 2807 568 2841 τῷ
591 2811 753 2845 φρονήματι.
782 2810 812 2845 Et
832 2809 859 2835 δὲ
896 2819 967 2845 παρ-

181 2840 351 2876 αφοιγξαντο
374 2841 423 2876 μὲν
437 2842 453 2878 ἢ
470 2842 514 2869 διά
529 2840 597 2869 τινα
607 2840 696 2870 αἰτίαν
713 2843 760 2871 νῦν
780 2840 965 2881 ἀγνοουμένην

987 2358 1014 2387 D
1027 2358 1093 2392 ἡμῖν
1106 2357 1163 2399 τῆς.
1173 2356 1320 2399 εὐθύτητος
1334 2356 1532 2399 ἑξετράπῃεαν,
1552 2356 1665 2399 οὑρεμία
1688 2356 1719 2397 δέ
1732 2356 1819 2399 ζητη-

1027 2401 1070 2422 σις
1086 2392 1178 2422 αὐτοῖς
1194 2391 1417 2427 προσενήνεκται,
1434 2391 1487 2427 οὐδ’
1499 2392 1538 2422 εἰς
1555 2391 1673 2426 μάθησιν
1689 2391 1738 2427 τῆς
1752 2392 1816 2427 ἀλη-

1026 2427 1101 2462 θείας
1117 2427 1205 2457 οὐδεὶς
1216 2425 1323 2458 αὐτοὺς
1338 2425 1519 2462 παρεκάλεσε.
1538 2427 1662 2462 Πατέρας
1677 2425 1726 2459 μὲν
1739 2425 1815 2453 οὐδὲν

1025 2461 1136 2522 ἔλεὸττον
1155 2462 1263 2493 αὐτοὺς,
1284 2462 1308 2487 εί
1325 2459 1425 2497 καῖ’μὴ
1441 2461 1521 2487 τοῦτο
1547 2459 1635 2493 εἷπον,
1663 2462 1817 2497 ἐπιγραφό-

1026 2505 1058 2522 με
1077 2505 1103 2522 α.

1047 2505 1103 2523 ενα.

1025 2505 1103 2566 P£211).
1112 2531 1197 2567 Palat.
1211 2531 1242 2558 τὺ
1255 2532 1359 2567 ἐκεῖνον
1369 2530 1538 2565 ἀνθρωπίνου
1556 2532 1617 2567 ἧττ.

1056 2567 1094 2601 (2)
1109 2566 1168 2593 Col.
1182 2575 1208 2601 p.
1225 2566 1277 2594 298
1295 2575 1301 2593 :
1315 2566 1385 2592 καλά
1399 2574 1456 2593 σου.

1056 2601 1095 2636 (5)
1116 2601 1201 2628 V'atic.
1218 2601 1236 2627 Γ.
1252 2602 1304 2628 204
1315 2609 1340 2632 a,
1359 2601 1542 2634 πεφώνανται.

1056 2638 1094 2671 (Α.)
1111 2636 1195 2671 Palat.
1215 2636 1235 2664 Τ.
1251 2636 1303 2663 255
1318 2637 1345 2668 b,
1359 2637 1376 2671 ἢ
1391 2637 1451 2671 εὐρ.

1056 2667 1094 2705 (5)
1110 2670 1171 2698 Vat.
1189 2672 1254 2706 εὑρή
1260 2667 1345 2698 σουσιζ

1055 2707 1093 2742 (6)
1168 2707 1224 2734 Col.
1245 2707 1328 2733 Palat.
1346 2707 1566 2742 εὐαγγελίζεται.

1057 2741 1094 2776 (7)
1114 2741 1199 2769 Vatic.
1215 2743 1296 2776 παρά.

1056 2775 1093 2811 (Β)
1111 2775 1210 2812 (ἶοΙηι.
1236 2775 1263 2803 8ζ
1283 2776 1323 2802 Ad
1344 2777 1394 2804 hoc
1423 2777 1544 2812 Apostoli
1571 2776 1682 2804 oﬂ'atnm
1705 2778 1811 2812 pariter

1020 2816 1149 2872 provo‘cat
1174 2811 1253 2839 let.
1276 2820 1370 2846 opusc.
1389 2818 1483 2841 contra
1506 2817 1559 2840 vet.
1581 2812 1674 2840 Roma:
1692 2811 1812 2841 asseclas

1021 2854 1080 2872 ωι).
1116 2855 1142 2872 0.

1021 2854 1080 2881 cap.
1100 2854 1142 2873 Io.
