1940 3081
223 131 275 165 351

791 128 924 159 ΡΙΙΟΤΙΙ
943 125 1197 158 PATRIARCl-I/E
1214 125 1259 154 CP

1802 118 1853 150 352

225 193 277 219 set.
291 187 350 215 illos
366 187 417 214 tale
428 185 566 222 quidpiam
580 185 680 212 dixisse
689 184 830 220 (homines
847 184 921 211 enim
937 186 1016 209 erant

1069 181 1124 208 ἀλλ’
1139 180 1164 206 εί
1180 180 1226 207 καὶ
1242 177 1365 206 τοιοῦτόν
1378 187 1405 205 τι
1419 175 1567 204 συνέπεσεν
1582 174 1682 206 αὐτοὺς
1695 173 1782 200 εἰπεῖν
1795 174 1853 209 (ἀν-

225 241 278 261 nec
289 236 380 269 potest
404 240 434 259 se
455 232 605 259 immunem
632 230 667 257 ab
682 230 755 257 omni
784 229 905 256 humano
935 228 1014 264 lapsu

226 283 359 314 perpetuo
370 285 532 306 conservare
544 277 591 312 qui
619 284 652 304 ex
680 277 737 303 luto
765 275 894 310 ﬂuxaque
917 279 1017 302 natura

222 329 352 357 constat;
371 324 426 351 imo
454 331 509 351 non
528 331 669 358 nunquam
702 322 783 349 etiam
811 321 878 349 viris
907 321 1018 356 optimis

227 371 412 398 adnascuntur
429 370 522 405 aliqua
534 370 646 404 vestigia
663 368 860 402 macularum);
874 375 970 395 verum
985 367 1018 394 li-

228 421 281 447 cet,
301 417 422 451 inquam,
438 416 507 444 forte
533 416 566 443 ad
592 415 702 450 aliquod
718 414 876 442 indecorum
892 422 923 441 ac
936 417 1017 449 turpe

227 463 342 491 fuissent
357 464 436 498 lapsi,
450 471 500 499 ego
518 471 584 491 sane
597 463 699 498 probos
724 462 820 490 Noemi
835 461 906 488 ﬁlios
926 461 1016 488 imita-

228 517 272 537 rer
287 515 314 537 ει
330 518 378 545 pro
394 510 563 538 vestimentis
576 510 686 538 silentio
697 509 790 545 potius
805 513 888 544 atque
901 508 1016 544 gratitu-

227 554 291 582 dine
314 560 453 589 paternam
482 555 679 589 turpitudinem
699 555 867 589 obtegerem,
885 561 941 581 non
965 561 1015 580 au-

227 604 294 632 tem,
309 601 348 628 uti
362 606 390 629 tu
411 601 487 633 facis,
503 599 600 629 Chanii
618 608 747 636 sequerer
770 600 943 635 exemplum;
960 601 1016 628 imo

227 655 292 675 vero
306 652 334 674 tu
347 648 432 675 multo
448 648 573 676 acerbius
589 648 635 676 illo
650 652 733 682 atque
750 647 937 682 impudentius
951 650 1016 673 tuo-

227 701 288 720 rum
304 701 373 728 quos
389 702 480 728 vocas,
500 694 610 722 Patrum
631 693 831 728 turpitudinem
854 693 965 727 evulgas
982 693 1015 722 ⁷³.

227 738 275 765 llle
292 739 376 770 enim,
403 747 458 767 non
469 741 532 775 quia
544 740 685 771 revelavit,
698 739 746 767 sed
761 739 825 774 quia
840 747 895 765 non
905 738 1014 771 velavit,

227 783 445 811 maledictionem
462 785 612 818 sustinuit;
629 789 659 812 tu
676 791 741 812 vero
755 788 784 811 et
809 783 915 810 revelas
933 787 962 810 et
986 783 1015 810 in

227 829 279 856 hac
294 829 405 857 audacia
423 830 558 865 gloriaris,
571 836 599 859 et
616 832 660 858 ille
674 830 784 866 quidem
811 828 943 856 fratribus
969 836 1015 856 ar-

1068 227 1171 262 Θρωποι
1186 226 1240 261 γὰρ
1263 223 1335 261 ἦσαν
1355 225 1403 251 καὶ
1423 221 1594 257 ἀνθρωπίνου
1617 220 1855 256 παρολισθήματος

1067 273 1117 300 οὐκ
1133 273 1191 300 ἐστι
1209 271 1357 302 διαπαντὸς
1376 270 1433 305 (19)
1457 268 1586 301 ὑπεράνω
1606 266 1738 302 φέρεσθαι
1754 266 1801 292 τὺν
1824 267 1855 292 ἐκ

1067 318 1154 354 πηλοῦ
1170 320 1218 346 κα)⁴
1240 317 1353 354 ῥεούσης
1371 316 1436 352 ὒλης
1453 314 1649 349 συγκείμεψνθ
1667 313 1722 339 ἐσθ’
1739 313 1784 339 ὅτε
1799 312 1854 347 (‘20)

1067 365 1095 392 δὲ
1111 365 1158 392 κα).
1172 366 1227 396 τοῖς
1242 363 1364 400 ἀρίστοις
1384 361 1528 396 ὲπιφύεταί
1549 369 1610 387 τινα
1630 359 1738 395 κηλῖδος
1761 359 1822 394 ῐχνη
1835 359 1854 393 )’

1068 411 1125 438 ἀλλ’
1147 408 1194 438 οὖν
1218 411 1244 437 εῐ
1259 419 1285 437 τι
1307 409 1519 445 παρηνέχθησαν
1538 406 1777 442 ἐνασχημονῆσαι,
1794 405 1856 436 τοὺς

1068 458 1242 494 εὐγνώμονας
1257 457 1291 484 ἂν
1307 457 1360 483 τῶν
1374 456 1421 483 τοῦ
1443 455 1505 482 Νῶε
1526 455 1630 482 παίδων
1646 453 1702 488 (21)
1719 452 1856 488 ἐμιμησά-

1069 513 1140 542 μην,
1164 505 1211 532 καὶ
1231 504 1293 531 ἀντὶ
1316 501 1498 538 περιδολαίων
1521 503 1555 536 τῇ
1577 500 1665 535 σιωπῇ
1694 498 1794 534 μᾶλλον
1811 497 1856 525 καὶ

1067 551 1262 587 εὐγνωμοσύνῃ
1271 550 1320 586 τὴν
1330 548 1466 584 πατρικὴν
1480 547 1640 581 ὲπεκάλυψα
1651 545 1856 581 ἀσχημοσύνην,

1067 598 1128 634 οὐχ),
1143 597 1165 624 δ’
1179 596 1273 632 ὥσπερ
1289 596 1321 622 σὺ
1336 595 1407 622 κατά
1423 594 1469 621 τὸν
1484 594 1550 627 Χάμ
1563 591 1754 628 διεπραξάμην
1764 598 1770 605 ”
1789 591 1856 626 μᾶλ-

1067 644 1113 671 λον
1126 643 1155 670 δὲ
1170 643 1202 670 σὺ
1218 642 1284 670 πολὺ
1301 641 1463 676 πικρότερον
1483 640 1587 667 ἐκείνου
1602 639 1650 665 καὶ
1662 637 1857 671 ἀναιδέστερον

1066 692 1129 724 τοὺς
1145 690 1271 727 Πατέρας
1292 689 1338 722 οὓς
1353 689 1410 725 (22)
1425 689 1515 721 λέγεις
1531 687 1572 718 εἰς
1590 684 1783 720 ἀσχημοσύνην
1799 682 1856 720 [7‘2]

1068 737 1235 773 στηλιτεύεις
1244 743 1253 752 ·
1263 735 1277 762 ὁ
1290 735 1340 771 μὲν
1355 734 1410 770 γὰρ
1424 734 1473 768 οὐχ
1485 733 1526 759 ὅτι
1539 731 1726 766 ἀπεκάλυψεν,
1744 730 1802 757 ἀλλ’
1816 730 1857 756 ὅτι

1069 783 1106 820 μὴ
1121 782 1292 817 ὲπεκάλυψε,
1308 781 1358 816 τὴν
1375 780 1446 815 ἀρὰν
1461 779 1574 814 ὑπέχει·
1589 778 1621 804 σὺ
1635 778 1664 805 δὲ
1682 777 1729 804 καὶ
1750 777 1857 803 ἀποκα-

1068 829 1190 860 λύπτεις,
1206 829 1255 855 καὶ
1269 827 1389 863 σεμνύνῃ
1407 826 1464 862 (25)
1476 827 1509 861 τῇ
1522 825 1624 860 τόλμῃ·
1642 823 1690 850 καὶ
1704 824 1718 850 ὁ
1734 823 1784 858 μὲν
1801 823 1856 854 τοῖς

226 882 324 902 canum
353 875 449 909 eﬂ‘crt;
467 880 497 904 tu
524 885 589 904 vero
600 885 654 904 non
667 877 807 911 fratribus,
822 886 873 905 nec
899 877 946 904 uni
970 881 1016 904 aut

1069 876 1192 911 ἀδελφοῖς
1207 875 1238 902 τὸ
1257 874 1414 910 ἀπόρρητον
1429 872 1550 907 ἐκφέρει,
1568 871 1600 897 σὺ
1614 870 1642 896 δὲ
1655 870 1705 896 οὐκ
1720 869 1856 903 ἀδελφοῖς,

225 921 304 948 alteri
316 923 378 953 ;sed
393 927 523 958 quantum
536 927 577 950 est
590 931 621 950 ex
634 928 680 951 tuo
689 929 787 951 conatu
797 929 825 951 et
839 923 1015 959 impudentia.

226 967 385 995 universum
415 969 492 1003 quasi
509 973 643 997 terrarum
677 970 771 998 orbem
792 970 929 998 theatrum
950 977 1017 996 con-

227 1013 343 1041 stituens
357 1015 459 1049 ingenti
468 1015 622 1051 promulgas
635 1016 762 1049 clamore,
782 1021 843 1044 tuos
851 1016 945 1043 Patres
956 1024 1017 1043 sor-

225 1060 306 1088 dibus
322 1060 408 1088 fmdos
422 1069 494 1094 esse,
508 1066 536 1089 et
553 1062 579 1089 in
607 1062 728 1097 ipsorum
749 1063 917 1098 turpitudine
937 1064 1017 1090 luxu-

225 1106 304 1134 riaris
327 1107 525 1144 (debaccbaris)
541 1113 568 1136 et
592 1109 737 1144 ignominia
750 1110 858 1137 illorum
871 1110 972 1145 gaudes
990 1114 1016 1138 et

225 1154 315 1180 socios
327 1154 438 1188 quaeris,
451 1162 501 1189 per
514 1163 583 1190 quos
598 1155 706 1182 illorum
719 1155 838 1183 dedecus
852 1163 883 1183 ac
890 1155 1017 1183 deformi-

225 1203 308 1226 tatem
321 1200 349 1226 in
374 1201 510 1235 publicam
523 1200 620 1229 eﬂ‘eras
632 1201 720 1229 lucem
740 1206 769 1229 et
781 1202 940 1230 solemniter
968 1209 1015 1229 ce‘

225 1245 324 1274 lebres.

261 1293 305 1320 7i.
326 1293 577 1329 DixitAugustinus
591 1300 619 1323 et
648 1294 830 1330 Hieronymus
853 1293 985 1329 Spiritum
1000 1302 1016 1322 a

225 1339 296 1366 Filio
315 1340 477 1375 procedere.
506 1341 540 1368 Et
558 1342 629 1369 unde
652 1346 742 1376 potest
769 1342 862 1369 haberi
887 1346 935 1369 aut
957 1341 1016 1368 dari

226 1384 303 1416 ﬁdes,
332 1389 392 1418 post
421 1390 461 1413 tot
486 1394 572 1414 annos
603 1387 720 1422 elapsos,
738 1395 794 1414 non
821 1395 881 1414 esse
908 1387 1016 1415 illorum

227 1431 328 1465 scripta
343 1439 392 1465 per
406 1431 537 1459 malitiam
553 1431 720 1467 depravata?
735 1431 829 1467 Neque
848 1432 921 1460 enim
941 1433 1015 1460 arbi-

227 1476 293 1503 trari
311 1477 404 1508 debes,
418 1482 445 1504 te
462 1477 549 1505 solum
564 1485 625 1505 esse
643 1478 676 1506 ad
695 1478 863 1513 impietatem
881 1478 1015 1506 fervidum

1067 923 1127 950 οὐδὲ
1140 922 1208 958 πρὸς
1225 921 1275 948 ἕνα
1288 920 1304 956 ἢ
1318 920 1382 952 δύο,
1399 918 1457 946 ἀλλ’
1474 918 1525 944 ὅσα
1541 925 1574 951 γε
1589 917 1622 951 τῇ
1640 916 1673 950 σῇ
1692 914 1794 949 σπουδῇ
1810 913 1859 940 καὶ

1066 967 1245 1003 ἀναισχυντίᾳ
1259 967 1310 1002 τὴν
1326 964 1490 1000 οἰκουμένην
1513 963 1628 997 θέατρον
1651 960 1771 992 καθίζων
1787 960 1858 994 μέγα

1069 1014 1119 1050 μὲν
1136 1013 1293 1046 σαλπίζεις,
1318 1013 1356 1044 ὡς
1371 1012 1395 1038 οἱ
1418 1012 1459 1038 σο).
1478 1009 1601 1044 Πατέρες
1623 1005 1856 1042 ἐνασχημονοῦσι·

1066 1060 1268 1094 ὲνασελγαίνεις
1283 1059 1305 1086 δ’
1318 1058 1408 1085 αὐτῶν
1420 1058 1481 1088 ταῖς
1494 1054 1710 1091 ἀσχημοσύναις,
1725 1053 1774 1079 καὶ
1789 1060 1857 1086 τρυ-

1067 1108 1122 1142 φᾷς
1140 1107 1189 1141 τὴν
1204 1107 1266 1133 κατ’
1280 1105 1392 1132 ἐκείνων
1407 1103 1530 1138 ἀτιμίαν·
1547 1101 1593 1129 κα).
1607 1099 1795 1135 συγχορευτὰς
1810 1098 1859 1133 ζη-

1065 1154 1121 1184 τεῖς
1135 1152 1168 1179 δι’
1189 1149 1227 1179 ὧν
1242 1151 1291 1186 τὴν
1313 1151 1425 1177 ἐκείνων
1440 1149 1519 1184 ὓϐριν
1540 1148 1588 1174 κα).
1606 1145 1800 1182 ἀσχημοσύνην
1818 1143 1860 1175 είς

1065 1198 1096 1225 τὸ
1110 1197 1302 1233 λαμπρότατον
1315 1195 1515 1232 πανηγυρίσεις
1529 1193 1596 1229 (24).

1101 1301 1150 1326 οα’.
1168 1296 1231 1333 [ς’.]
1257 1294 1340 1324 Εἶπεν
1362 1296 1544 1330 Αὐγουστῐνος
1567 1293 1616 1321 καὶ
1641 1291 1804 1328 Ἱερώνυμος
1828 1290 1861 1317 τὸ

1067 1344 1182 1379 Πνεῦμα
1202 1344 1235 1369 ἐκ
1250 1342 1298 1369 τοῦ
1316 1342 1383 1368 Υίοῦ
1400 1339 1610 1376 ἐκπορεύεσθαι.
1633 1339 1688 1366 Καὶ
1702 1338 1784 1365 πόθεν
1801 1337 1861 1363 ἐστι

1066 1390 1159 1417 λαὸεἴν
1178 1389 1195 1425 ἢ
1218 1388 1310 1416 δοῦναι
1329 1388 1432 1419 πίστιν.
1447 1386 1574 1414 τοσούτου
1590 1385 1737 1421 ῥεύσαντος
1751 1384 1861 1419 χρόνου,

1065 1435 1107 1461 ὅτι
1130 1434 1167 1470 μὴ
1191 1433 1281 1461 αὐτῶν
1303 1433 1527 1468 κεκακούργηται
1545 1432 1580 1458 τὰ
1596 1431 1792 1465 συντάγματας
1812 1429 1861 1464 Μὴ

1066 1480 1121 1515 γὰρ
1140 1480 1263 1514 νομίσεις
1282 1479 1337 1515 (25)
1365 1479 1445 1514 μόνον
1461 1478 1557 1504 σαυτὸν
1577 1475 1648 1504 εἶναι
1669 1476 1770 1512 θερμὸν
1790 1475 1861 1511 πρὸς

226 1526 256 1549 et
270 1526 297 1549 te
322 1523 410 1550 solum
435 1524 537 1551 audere
558 1531 613 1551 non
636 1525 776 1558 audenda;
801 1525 848 1552 sed
875 1525 964 1560 potius
980 1533 1013 1552 ex

1069 1526 1195 1553 ἀσέϐειαν
1218 1526 1267 1553 καὶ
1292 1526 1430 1561 τολμηρὸν
1456 1525 1492 1552 τὰ
1517 1523 1666 1559 ἀτόλμητα,
1688 1522 1745 1549 ἀλλ’
1762 1523 1794 1548 ἐκ
1810 1521 1862 1556 τῆς

229 1567 281 1594 hac
308 1567 367 1602 ipsa
394 1568 479 1596 animi
504 1568 649 1596 aﬂectione
669 1573 783 1604 reputa.
810 1574 876 1597 tunc
906 1578 1016 1605 quoque

229 1612 309 1640 facile
326 1613 412 1641 fuisse
426 1614 617 1642 versutissimo
630 1615 738 1650 generis
761 1615 873 1642 humani
893 1615 965 1643 hosti
978 1620 1018 1643 ta-

227 1658 300 1686 libus
317 1659 390 1686 vasis
406 1660 558 1688 abundare.

264 1705 306 1732 72.
327 1706 471 1739 Dixerunt,
489 1715 557 1743 quos
571 1712 600 1735 tu
615 1707 746 1741 adducis,
763 1708 825 1735 ista.
847 1708 925 1741 Quod
945 1708 969 1736 si
983 1708 1018 1736 ob

228 1752 348 1787 aliquam
363 1754 558 1782 necessitatem
570 1755 613 1782 vel
624 1763 793 1790 paganorum
817 1754 951 1782 insaniam
968 1762 1018 1788 op-

228 1804 382 1835 pugnantes
395 1801 438 1828 vel
458 1801 539 1828 aliam
566 1801 722 1829 hzereticam
752 1801 910 1836 opinionem
936 1801 1017 1829 refel-

228 1844 326 1877 lentes,
342 1846 384 1873 vel
399 1846 553 1874 auditorum
566 1847 738 1882 indulgentes
756 1847 908 1875 inﬁrmitati
923 1848 964 1875 vel
981 1848 1017 1875 ob

228 1891 330 1925 aliquid
345 1892 417 1920 aliud
429 1893 471 1921 his
483 1894 581 1925 simile,
592 1894 682 1928 qualia
691 1894 781 1921 solent
793 1894 819 1921 in
830 1895 884 1921 vita
897 1895 1016 1921 humana

227 1937 350 1970 quotidie
362 1939 482 1972 evenire,
493 1939 526 1972 si,
543 1939 664 1974 inquam,
680 1940 714 1967 ob
730 1940 847 1975 aliquam
862 1941 921 1975 ejus
943 1940 1016 1967 modi

228 1990 336 2010 causam
351 1984 408 2012 sive
425 1985 506 2013 etiam
521 1986 555 2013 ob
564 1986 667 2021 plures,
688 1987 720 2014 iis
737 1987 806 2014 forte
821 1987 882 2014 talis
898 1995 950 2014 vox
968 1994 1016 2014 ex-

228 2028 303 2061 cidit,
318 2031 455 2064 quomodo
478 2036 507 2059 tu
524 2033 596 2067 quod
621 2033 658 2060 illi
685 2041 739 2061 non
756 2041 840 2062 sensu
861 2033 1017 2069 dogmatico

265 2104 287 2120 ⁷³
301 2104 370 2132 Gen.
387 2113 426 2139 Ix,
439 2105 532 2133 21-27.

1067 1572 1118 1607 σῆς
1132 1571 1294 1606 ἀναλογίζου
1320 1571 1420 1607 μᾶλλον
1437 1569 1566 1605 γνώμης,
1583 1569 1626 1596 ὅτι
1645 1568 1693 1595 καὶ
1707 1566 1861 1602 τηνικαῦτα

1065 1619 1142 1645 οὐδὲν
1161 1618 1191 1644 τὸ
1206 1618 1311 1645 κωλύον
1324 1615 1358 1654 ἦν
1374 1617 1502 1644 τοιούτων
1524 1616 1631 1642 σκευῶν
1647 1614 1800 1649 εὐπορῆσαι
1814 1613 1861 1639 τὸν

1066 1665 1258 1700 πολυμήχανον
1270 1663 1318 1691 τοῦ
1335 1664 1430 1698 γένους
1446 1662 1542 1699 ἐχθρόν
1559 1662 1625 1698 (26).

1103 1710 1161 1747 [7'5]
1173 1711 1222 1747 οβ’.
1240 1710 1298 1747 [ζα]
1312 1708 1395 1740 Εἶπον
1409 1709 1457 1741 οὒς
1474 1710 1506 1736 σὺ
1520 1709 1610 1743 λέγεις
1621 1707 1718 1735 ταῦτα.
1731 1707 1762 1734 El
1776 1706 1805 1733 δὲ
1815 1705 1863 1733 διά.

1069 1766 1131 1784 τινα
1151 1758 1316 1793 περίστασιν
1328 1757 1345 1791 ἢ
1362 1757 1430 1792 πρὸς
1449 1754 1630 1790 Ἑλληνιστῶν
1652 1752 1864 1788 ἀντιφερόμενοι

1070 1802 1173 1830 λύσσαν
1188 1803 1204 1839 ἢ
1216 1803 1285 1838 πρὸς
1297 1803 1381 1838 ἄλλην
1395 1801 1536 1838 αἰρετικὴν
1547 1800 1742 1836 διαμαχόμενοι
1753 1798 1832 1831 δόξαν
1841 1797 1862 1834 ἢ

1069 1851 1102 1885 τῇ
1130 1849 1184 1876 τῶν
1213 1849 1355 1884 ἀκροατῶν
1383 1848 1649 1884 συγκαταδαίνοντες
1673 1845 1818 1880 ἀσθενείᾳ,
1842 1844 1862 1879 ἢ

1069 1895 1142 1922 πόσα.
1170 1894 1284 1922 τοιαῦτα
1314 1894 1489 1929 καθεκάστην
1520 1894 1534 1920 ὁ
1561 1892 1731 1929 ἀνθρώπινος
1758 1889 1864 1916 ἐπιδεί-

1069 1951 1149 1969 κνυσι
1163 1942 1219 1977 (27)
1235 1941 1302 1976 βίος·
1318 1941 1343 1968 εἰ
1360 1939 1406 1968 οὖν
1423 1941 1537 1972 ἐκείνοις
1555 1939 1600 1966 διά
1614 1948 1640 1965 τι
1656 1938 1758 1965 τούτων
1772 1936 1830 1972 (28)
1842 1936 1862 1971 ἢ

1069 1987 1118 2013 καὶ
1129 1986 1174 2013 διὰ
1183 1986 1268 2012 πλείω
1280 1986 1409 2021 τοιαύτην
1417 1986 1531 2016 ἐκείνοις
1544 1984 1599 2019 (29)
1611 1985 1720 2018 ἀφεῖναι
1729 1981 1863 2010 συνέπεσε

1070 2032 1173 2068 φωνὴν,
1189 2031 1249 2064 πῶς
1264 2033 1297 2059 σὺ
1313 2032 1345 2059 τὸ
1360 2033 1398 2068 μὴ
1414 2032 1484 2059 κατὰ
1499 2030 1669 2066 δογματικὴν
1683 2028 1797 2060 ἐκείνοις
1816 2028 1865 2055 Ev-

777 2188 893 2216 νΑῐίΙΑΞ
910 2187 1110 2217 LECTIONES
1131 2188 1174 2216 ET
1194 2187 1310 2216 ΝΟΤΑΕ.

262 2267 318 2302 (l9)
332 2267 391 2294 Col.
405 2267 448 2294 διὰ
458 2267 570 2299 παντός.

262 2304 317 2337 (‘20)
335 2302 421 2329 Vatic.
438 2303 495 2329 ἐσθ’
509 2303 563 2329 ὅτε.

262 2338 317 2370 (2|)
335 2338 404 2365 Gen.
422 2346 459 2370 Ix,
472 2338 569 2365 21-27.

262 2374 318 2408 ('22)
330 2373 418 2400 Vatic.
433 2373 480 2404 ὡς.
496 2373 554 2400 Col.
573 2380 598 2407 p.
613 2373 664 2400 500
679 2382 686 2400 ι
702 2372 749 2404 ὡς.

262 2410 317 2443 (:25)
336 2409 420 2436 Palat.
437 2408 457 2435 f.
472 2409 524 2436 237
540 2417 565 2440 a,
579 2409 740 2444 ἐνσεμνύνῃ.
757 2408 816 2436 Col.
833 2409 961 2444 ὲνσέμνῃ.
976 2409 1018 2436 Ad

227 2452 269 2471 ma
275 2444 376 2479 rgim-m
391 2444 556 2479 ὲνσεμνύσῃ.

264 2479 319 2513 (2t)
335 2479 429 2515 Ep.ad
446 2478 721 2514 Aquileijmmediate
734 2483 797 2515 post
812 2478 894 2515 verba
908 2480 941 2507 ad
957 2487 1016 2515 cap.

227 2514 271 2544 66,
294 2518 356 2541 nota
380 2514 397 2541 5
418 2515 534 2542 adducta
557 2525 563 2542 :
583 2515 742 2545 Δεικνύντες
763 2514 862 2545 αὐτοὺς
879 2514 1019 2542 κάνταῦθα

227 2549 356 2586 γνησίους
365 2549 413 2576 τοῦ
425 2551 490 2585 Χὰμ
500 2551 637 2586 μαθητὰς,
648 2550 678 2580 ὃς
688 2549 736 2586 τὴν
749 2549 797 2586 τού
813 2550 917 2586 πατρδς
932 2551 1017 2585 ἀσχη-

229 2584 348 2621 μοσύνην
365 2586 394 2610 οὐ
406 2584 607 2621 συνεκάλυψεν
620 2607 626 2617 ,
643 2585 747 2611 ἀναιδεῖ
767 2584 804 2621 δὲ¹
817 2584 957 2620 προσώπῳ
969 2584 1017 2612 ⁷δι-

227 2618 385 2656 εχλεύασενῖ
400 2620 455 2646 ἀλλ’
475 2622 499 2647 οί
516 2618 569 2656 τῆς
581 2620 745 2654 Ἐκκλησίας
759 2618 888 2656 τρόφιμοι
902 2618 949 2656 καῖ
963 2621 1017 2647 τῶν

229 2654 310 2689 ἱερῶν
336 2655 506 2689 μαθημάτων
529 2654 579 2684 οὒκ
605 2656 785 2690 ἐπιλήσμονες
802 2654 878 2690 κατὰ
894 2655 938 2681 τὸν
958 2656 1018 2689 Σὴμ.

227 2690 275 2716 καὶ
292 2690 381 2726 Ἰάφεθ
394 2692 439 2716 κα)
451 2691 500 2724 τὴν
509 2692 645 2726 πατρικὴν
664 2689 873 2726 ἀσχημοσύνῃνῗ
889 2691 1019 2718 ἐπικαλύ-

168 2747 171 2750 .
227 2734 307 2762 πτειν
324 2725 497 2758 ἐπίστανται,
513 2724 636 2758 καὶτοὺς
657 2724 778 2762 μιμητὰς
789 2724 837 2751 τοῦ
850 2725 916 2760 Χάμ
936 2734 1020 2753 κατα-

226 2760 409 2796 γινώσκοντες
425 2762 652 2796 ἀποστρέφονται.

266 2795 322 2833 (ῗὶδ)
336 2796 394 2833 (ἐοι-
404 2795 535 2833 29m:-

267 2831 323 2871 (ξιξ)
342 2831 382 2871 En
404 2831 519 2859 Photius
540 2833 600 2859 sine
622 2832 720 2860 tabulis
734 2834 891 2871 ct_testibus
907 2831 1017 2859 Latinos

229 2873 292 2894 reos
305 2867 425 2894 insinuat
434 2872 624 2903 corruptorum
638 2876 749 2896 suorum
761 2867 870 2897 Patrum
882 2872 1002 2896 textuum

1031 2270 1053 2298 D
1068 2268 1100 2296 Et
1113 2276 1179 2296 sane
1194 2269 1287 2302 plures
1302 2268 1470 2303 posteriores
1481 2266 1567 2295 Graeci
1579 2265 1869 2303 contendebant,_An-

1067 2304 1168 2339 guslini
1184 2300 1339 2339 testimonia
1355 2303 1389 2330 de
1401 2303 1577 2339 processione
1589 2301 1749 2339 SpiritnsS.
1763 2309 1778 2328 a
1794 2300 1870 2339 Filin

1066 2336 1101 2366 ιῖι)
1114 2339 1292 2366 additamenti
1304 2336 1457 2366 fautoribus
1468 2338 1553 2365 ellicta
1566 2340 1592 2364 et
1606 2336 1793 2363 fraudulenter
1803 2336 1870 2368 ejus-

1066 2375 1143 2401 libris
1156 2375 1258 2401 inserta
1273 2374 1368 2404 fuisse,
1381 2373 1445 2400 dum
1457 2373 1500 2399 alii
1517 2373 1583 2399 alias
1595 2372 1654 2399 vias
1667 2371 1795 2398 inierunt.
1804 2372 1869 2403 Qun

1067 2410 1100 2437 de
1116 2417 1144 2436 re
1158 2409 1284 2436 conferas
1307 2409 1434 2436 Allatinm
1453 2412 1547 2435 contra
1570 2407 1722 2441 Hottingcr.
1747 2415 1773 2441 β.
1795 2407 1869 2433 Q95!—

1067 2445 1129 2472 509.
1145 2444 1201 2471 Nos
1218 2445 1262 2471 hic
1279 2444 1362 2471 unius
1376 2443 1458 2470 Marci
1477 2442 1586 2476 Ephesii
1607 2442 1689 2468 verba
1707 2442 1868 2472 referimus,

1067 2481 1113 2514 qui
1127 2481 1153 2506 in
1168 2479 1349 2506 Confessione
1364 2479 1452 2513 (apud
1466 2479 1580 2514 (ΣΙ-βεστ.
1593 2477 1653 2514 Cpl.
1670 2477 1778 2514 Αῃοίος.
1794 2484 1870 2514 (κρη-

1069 2511 1109 2543 ίτο
1125 2515 1214 2542 eamd.
1229 2515 1296 2542 Cod.
1314 2511 1418 2541 Monac.
1433 2514 1479 2545 27,
1498 2512 1518 2540 Γ.
1529 2511 1579 2539 ⁷151
1600 2513 1627 2547 b)
1656 2511 1785 2546 scripsit:
1807 2511 1870 2542 Τὰς

1067 2551 1096 2576 δὲ
1112 2551 1166 2577 τῶν
1180 2549 1296 2576 δυτικῶν
1315 2549 1447 2584 Πατέρων
1462 2549 1508 2574 καὶ
1524 2547 1799 2584 διδασκάλων-φωνὰς
1810 2566 1827 2584 ,_
1834 2547 1869 2573 αἲ

1068 2586 1118 2621 τὴν
1143 2585 1232 2612 αἰτίαν
1254 2584 1302 2621 τοῦ
1324 2581 1484 2621 Ilva-Iusto;
1648 2582 1774 2621 διδόασιν,
1799 2581 1870 2621 οὔτε

1069 2616 1195 2660 γνωρίζω
1238 2620 1285 2646 καὶ
1304 2619 1359 2660 γὰρ
1385 2616 1446 2645 οῦδὲ
1471 2616 1687 2660 μςέὸλὴϐφάχ
1701 2625 1772 2660 ποτε)
1792 2616 1870 2656 api);

1070 2651 1119 2691 τὴν
1129 2651 1279 2690 ’ἡμετέραν
1297 2651 1439 2691 γλῶτταν),
1454 2651 1507 2691 ούδ¹
1523 2651 1646 2691 ὑπο-τῷν
1665 2651 1870 2685 οίκουμενικών

1072 2687 1187 2718 σύνόδῶν
1201 2687 1445 2751 ὲδδκιμᾶσθησανέ,
1461 2688 1523 2716 οὒτε
1543 2687 1731 2724 παραδέχομαι
1745 2695 1870 2721 τεκμαι-

1072 2727 1202 2751 οόιιενοε.
1220 2727 1261 2751 ὅτι
1277 2725 1414 2751 atechnon
1431 2733 1474 2751 ναι
1495 2723 1551 2750 εἰσ).
1570 2724 1616 2750 καὶ
1639 2722 1870 2751 παρέγγραπτοι,

1072 2727 1202 2762 ρόμενος,
1220 2727 1261 2753 ὅτι
1277 2722 1474 2762 διεφβαρμὲναι
1495 2723 1551 2750 εἰσ).
1570 2722 1616 2750 καὶ
1639 2722 1870 2758 παρέγγραπτοι-

1107 2762 1163 2794 (‘27)
1182 2762 1240 2789 Col.
1258 2761 1454 2787 ἐπιδείκνυται.

1107 2796 1164 2832 (28)
1185 2796 1268 2832 Palat.
1288 2796 1309 2823 ι’.
1325 2795 1378 2832 237
1396 2793 1537 2832 δεδιᾴτοι
1551 2802 1577 2821 τ.

1107 2829 1162 2868 (29)
1183 2830 1313 2863 Ἐκείνοις
1327 2831 1371 2858 hic
1385 2829 1530 2858 redundat.
