1941 3085
112 113 158 144 357

639 108 688 138 DE
705 107 735 137 S.
757 106 936 137 SPlRITUS
956 107 1209 138 MYSTAGOGIA.

1682 108 1734 140 358

110 166 154 192 καὶ
168 172 231 195 τους
246 163 299 190 ἀπὺ
314 162 421 193 Δύσεως
436 161 646 197 παρατρέχομεν
656 170 664 177 ο
679 161 824 196 Είρηναῖόν
839 160 896 197 [77]

960 171 977 189 τι
994 161 1089 190 Patres
1113 163 1297 190 occidentales
1324 162 1495 198 praeterimus
1508 183 1515 196 ,
1532 163 1663 190 Irenaeum
1687 165 1735 192 Dei

110 220 138 237 τε
153 210 198 237 τὸν
214 209 344 244 ἀρχιερέα
363 208 431 234 Θεοῦ
453 208 500 235 καὶ
522 207 572 242 τὴν
586 207 642 234 τῶν
667 207 748 242 ἱερῶν
767 207 896 242 ἐφορείαν

110 257 163 283 τῶν
171 255 347 290 Λουγδούνων
356 254 514 289 δεξάμενον·
527 254 574 280 καὶ
590 253 746 280 Ἱππόλυτον
757 253 804 279 τὸν
814 253 895 280 αὑτοῦ

112 301 235 337 μαθητὴν
257 301 304 328 καὶ
322 302 351 327 ὲν
372 299 532 336 ἀρχιερεῦσι
554 299 681 334 μάρτυρα
700 299 756 334 (49)
769 307 776 314 ·
799 299 898 334 ἄνδρας

111 348 278 383 θαυμασίους
293 347 342 382 μὲν
354 347 382 373 ὲν
396 347 514 378 πολλοῖς,
529 345 585 372 ἔσθ’
595 346 640 372 ὅτε
651 345 680 372 δὲ
694 347 744 381 τῆς
755 346 898 381 ἀκριϐείας

111 394 205 427 λόγους
230 393 320 419 αὐτῶν
345 393 432 425 ένίους
461 393 511 419 οὐκ
540 391 754 423 ἀναστέλλοντας
779 392 898 419 κατασύ‹

112 440 217 474 ρεσθαι.

145 487 199 516 ος’.
220 482 293 520 [ια¹.]
313 481 377 519 ⁷Δρ¹
395 481 442 510 οὖν
456 483 502 510 καὶ
518 483 589 510 κατὰ
609 483 712 510 τούτων
728 483 856 510 ἁπάντων
869 483 900 509 τὸ

111 530 155 556 σὺν
179 528 360 564 προκομίσεις
380 529 552 564 διλήμματον
578 529 634 564 (50)
669 529 717 557 καὶ
741 529 791 561 τὰς
814 529 900 564 ὀφρῦς

110 575 257 601 ἀνατείνων
275 575 358 609 ἐρεῖς·
375 574 410 600 Ἢ
424 574 464 600 δεῖ
484 575 547 606 τοὺς
562 574 662 610 ἄνδρας
677 575 800 610 τιμῶντα
817 575 864 601 καὶ
882 574 900 601 ἃ.

110 620 215 651 τούτοις
228 620 385 655 γέγραπται
406 620 444 655 μὴ
458 620 702 655 παραγράφεσθαι,
721 621 738 656 ἢ
757 629 902 656 παραγρα-

112 667 246 701 φομένους
268 665 323 693 τῶν
348 667 478 702 ῥημάτων
501 667 560 693 ἔνια
584 667 630 693 καὶ
659 667 758 698 αὐτοὺς
781 667 902 698 ἐκείνους

113 711 406 746 συμπαραγράφεσθαι
418 711 491 746 (51);
512 712 567 738 Καὶ
582 711 642 744 πῶς
662 712 722 747 οὐχὶ
741 711 843 747 μᾶλλον
856 712 903 739 καὶ

111 757 276 790 δικαιότερον
303 757 333 783 τὸ
356 757 401 783 σὺν
428 754 500 783 οὗτοι
516 757 588 784 κατὰ
613 757 660 784 σοῦ
683 757 832 794 περιδέξιον
853 758 903 784 οὐκ

112 803 335 838 ἁντιστρέψουσιν
345 823 352 835 ,
375 803 519 838 Ἄνθρωπε
531 823 538 835 ,
559 803 701 838 λέγοντες,
715 803 742 830 τί
757 804 902 835 συνάπτεις

112 849 146 876 τὰ
156 837 315 882 ἀσΰναπτα;
332 849 363 875 Εἰ
382 849 431 883 μὲν
443 837 552 884 όιληθῶς
567 837 695 885 Πατέρας
709 851 784 885 ἡμᾶς
795 850 900 882 καλεῖς,
915 837 939 867 Β

113 895 172 926 πῶς
187 896 216 921 οὺ
229 895 352 929 φρίττεις
367 895 539 927 ἀνθοπλίζειν
557 896 628 922 κατὰ
645 896 775 930 Πατὲρων
785 916 793 928 ,
811 897 859 923 καὶ
872 897 903 923 τὸ

115 938 264 974 βαρύτατον
276 960 283 973 ,
310 940 382 966 κατὰ
396 939 443 966 τοῦ
462 940 553 967 κοινοῦ
573 941 709 967 Δεσπότου
730 942 840 968 πάντων
857 941 903 968 καὶ

114 985 306 1021 Δημιουργοῦ;
322 986 354 1012 Εἰ
374 985 396 1011 δ’
420 986 495 1018 ἅπαξ
514 986 717 1019 ὲνασελγαίνειν
742 986 904 1021 σπούδασμά

115 1038 156 1058 σοι
170 1031 231 1057 καθ’
244 1031 341 1066 ἡμῶν,
359 1032 417 1063 πῶς
437 1032 467 1058 οὐ
485 1032 610 1066 μέμηνας
629 1031 759 1066 ἐμφανῶς
779 1031 904 1066 Πατέρας

113 1085 143 1103 τε
159 1077 217 1112 ἅμα
238 1077 328 1103 καλῶν
343 1077 390 1103 καὶ
406 1077 456 1109 τὰς
471 1076 639 1111 πατραλοίας
654 1078 748 1112 χεῖρας
761 1077 905 1104 ἐπανατεί-

114 1131 167 1149 νων
184 1123 265 1157 ἡμῖνς
283 1123 338 1149 Καὶ
363 1122 408 1149 διὰ
423 1123 514 1149 πόσων
534 1123 566 1149 ἂν
585 1122 687 1158 ἑτέρων
701 1122 799 1149 διέλθοι
814 1123 844 1148 τδ
860 1122 905 1149 σὺν

115 1169 186 1196 κατὰ
201 1168 247 1195 σοῦ
261 1169 410 1204 φερόμενον
425 1169 545 1204 σόφισμα
560 1169 628 1204 (52)!
653 1169 733 1195 Ἀλλὰ
743 1169 798 1203 γὰρ
811 1168 906 1204 ὥσπερ

114 1215 177 1246 τοὺς
189 1214 352 1249 εἰρημένους
367 1214 505 1248 Πατέρας,
523 1213 594 1241 οὕτω
609 1215 642 1249 δὴ
654 1214 802 1241 καὶταῦτα
817 1214 906 1250 ὲῶμεν

117 1267 151 1286 τα
170 1268 228 1287 νυν.

166 1305 211 1341 78]
223 1305 270 1337 oC’.
284 1303 354 1340 [ιβ’.]
365 1304 420 1340 Τὴν
428 1305 518 1340 μέντοι
527 1305 659 1340 βασίλειον
673 1306 768 1342 στολὴν
787 1306 906 1341 (ἥδ-54),

116 1352 164 1379 τὸν
177 1354 266 1386 μέγαν
279 1351 420 1378 Βασίλειον
429 1351 471 1382 τίς
487 1351 537 1378 οὐκ
548 1349 601 1378 οἶδε
610 1352 699 1387 ψυχῆς
718 1352 767 1387 μὲν
776 1352 908 1388 θαλάμοις

116 1397 255 1431 ἀκήρατον
278 1395 462 1431 συντηροῦντα
487 1396 538 1432 τὴν
559 1397 716 1431 εὐσέϐειαν,
734 1398 908 1432 ὐποσιγῶντα

117 1442 147 1468 δὲ
174 1442 221 1468 τοῦ
247 1441 405 1472 Πνεύματος
428 1441 477 1476 τὴν
503 1441 648 1477 θειότητα;
672 1439 708 1469 Ὦ
728 1442 818 1478 ψυχῆς
838 1442 909 1469 θεῖον

118 1487 234 1521 ζεούσης
248 1487 368 1522 φίλτρον,
382 1488 432 1522 τὴν
451 1487 537 1522 φλόγα
550 1488 578 1514 δὲ
590 1488 659 1519 τέως
675 1489 725 1514 οὐκ
741 1489 780 1520 είς
790 1488 821 1514 τὸ
836 1489 907 1523 λαμ-

119 1534 252 1569 πρότερον
268 1532 515 1569 ἁναρῤιπιζούσης,
536 1534 580 1560 ἵνα
601 1535 638 1570 μὴ
663 1534 760 1561 θᾶττον
785 1543 906 1561 συναπο-

119 1580 220 1615 σόεσθῇ
244 1580 313 1616 αὐτῇ
340 1581 444 1616 προόδῳ
460 1582 506 1607 καὶ
524 1582 593 1616 αὐτῇ
610 1581 768 1617 παρρησίας
783 1581 908 1616 λαμπρό-

118 1633 181 1660 τητι
208 1625 278 1660 (55)!
314 1623 398 1657 Οὗτος
421 1623 468 1652 οὖν
495 1625 647 1661 οἰκονομῶν
671 1626 700 1652 ἐν
731 1625 821 1661 κρίσει
845 1627 909 1657 τοὺς

119 1671 216 1705 λόγους
240 1671 323 1697 αὑτοῦ
344 1671 399 1706 (56)
426 1671 474 1698 καὶ
499 1672 598 1707 μᾶλλον
622 1671 860 1706 ἀνακηρύττεσθαι
874 1671 908 1706 τῇ

119 1717 193 1743 κατὰ
225 1717 322 1752 μικρὸν
348 1717 467 1744 ἐπιδόσει
502 1717 654 1752 μεθοδεύων
684 1717 733 1752 τὴν
771 1716 910 1743 εὐσέϐειαν

120 1761 244 1797 (ἐπειδὰν
257 1761 311 1796 γὰρ
325 1761 418 1796 ἠρέμα
432 1762 491 1794 ταῖς
505 1761 560 1788 τῶν
576 1761 727 1796 ἀνθρώπων
746 1761 845 1796 ψυχαῖς
860 1761 910 1795 ἐμ-

121 1807 282 1839 ϐαθύνοιτο,
297 1807 482 1843 κραταιοτὲρα
500 1807 548 1834 τοῦ
569 1807 704 1842 δόγματος
726 1807 742 1842 ἡ
762 1806 828 1841 φλὸξ
844 1807 911 1833 ἀνα-

120 1853 223 1880 δίδοται
246 1853 319 1888 (57)·
340 1853 379 1890 τῷ
403 1854 481 1889 τάχει
499 1853 528 1880 δὲ
547 1854 594 1880 καὶ
613 1855 646 1889 τῇ
666 1854 754 1889 ἀθρόᾳ
773 1853 910 1890 προσϐολῇ

119 1899 171 1933 τῆς
186 1899 358 1934 λαμπηδόνος
371 1899 502 1931 πολλάκις
516 1900 546 1926 τὸ
568 1900 661 1935 νοερὸν
677 1899 754 1934 ὄμμα
764 1920 771 1932 ,
795 1900 841 1926 καὶ
857 1900 912 1935 μά-

120 1946 200 1972 λιστα
220 1946 274 1972 τῶν
291 1946 412 1978 πολλῶν,
429 1945 651 1981 ἐξαμαυροῦσθαι
667 1945 747 1972 εἴωθε
758 1965 766 1978 ,
786 1946 913 1982 καθάπερ

121 1993 168 2018 καὶ
186 1992 314 2027 ἀστραπὴ
335 1993 385 2024 τὰς
396 1992 472 2027 ὄψεις
486 1991 653 2023 ὲπισκοτίζει
667 1992 713 2018 καὶ
731 1991 849 2027 μάλιστα
863 1993 913 2023 τὰς

121 2038 317 2074 ἀσθενέστερον
344 2038 520 2073 διακειμένας
537 2037 622 2074 [58]),
637 2038 681 2064 διὰ
691 2037 769 2065 τοῦτο
784 2039 847 2074 σιγᾷ
865 2039 913 2074 μὲν

120 2083 136 2110 ὃ
148 2084 201 2119 πρὸ
214 2085 315 2117 παντὸς
326 2084 405 2112 ἄλλου
420 2085 568 2120 κηρύσσειν
578 2084 777 2120 ὲπυρπολείτο’
792 2084 910 2120 ἔπραττε

949 209 1118 236 sacerdotem
1133 214 1161 236 et
1173 208 1396 245 Lugdunensium
1411 210 1596 244 episcopatum
1614 214 1734 242 nactum,

949 258 977 281 et
991 254 1176 290 Hippolytum,
1192 255 1277 290 ipsius
1288 255 1451 290 discipulum
1464 260 1492 282 et
1509 255 1581 283 inter
1593 257 1737 291 pontifices

949 305 1108 335 martyrem,
1125 301 1198 328 viros
1221 301 1361 328 mirandos
1385 302 1493 336 quidem
1508 303 1679 337 inplurimis,
1694 304 1737 330 in-

952 346 1061 372 terdum
1093 349 1183 372 tamen
1212 348 1247 373 ab
1284 346 1456 373 exactissima
1491 348 1614 375 veritatis
1641 356 1737 376 norma

950 391 1050 418 alicubi
1067 391 1253 418 deﬂectentes.

989 482 1032 509 76.
1053 482 1094 509 An
1106 482 1187 517 igitur
1200 487 1228 509 et
1243 487 1335 510 contra
1353 483 1402 510 hos
1419 491 1515 511 omnes
1534 488 1609 511 tuum
1623 485 1736 520 objicies

954 527 1084 554 dilemma
1106 528 1231 561 elatoque
1257 528 1403 563 supercilio
1426 529 1502 557 dices
1523 538 1530 556 τ
1553 530 1607 556 Aut
1633 535 1740 565 oportet

954 573 1004 600 bos
1022 573 1095 600 viros
1111 573 1216 601 honore
1230 574 1357 609 prosequi
1378 579 1406 602 et
1421 582 1482 609 quae
1497 575 1605 602 fuerunt
1625 576 1659 603 ab
1673 575 1740 610 ipsis

953 619 1055 654 scripta
1075 627 1130 646 non
1144 620 1267 654 rejicere,
1293 624 1340 647 aut
1360 620 1380 647 si
1401 621 1531 647 nonnulla
1548 629 1641 647 eorum
1654 622 1739 648 verba

954 665 1109 699 rejicimus,
1123 665 1185 692 illos
1203 665 1276 700 ipsos
1298 666 1378 693 simul
1400 674 1529 702 respuere
1545 667 1693 694 debemus?
1709 667 1742 694 Et

954 710 1090 745 quomodo
1115 718 1169 737 non
1183 711 1274 745 potius
1289 715 1370 745 atque
1384 713 1489 746 aequius
1505 717 1579 739 tuum
1597 713 1648 739 hoc
1667 712 1743 747 inge-

954 756 1063 783 niosum
1091 762 1280 791 argumentum
1301 757 1343 784 isti
1370 757 1397 784 in
1418 762 1444 785 te
1461 759 1673 793 retorquehunt,
1699 758 1743 786 di-

955 806 1049 829 centes
1065 811 1070 829 :
1088 802 1159 835 Quid
1173 810 1205 830 ea
1220 803 1373 838 conjungis,
1392 811 1407 831 o
1422 803 1504 832 homo
1517 825 1524 837 ,
1537 813 1598 839 quae
1613 805 1742 841 conjungi

953 849 1110 883 nequeunt?
1124 848 1151 875 Si
1165 857 1230 876 vere
1242 857 1292 876 nos
1308 849 1403 877 Patres
1417 858 1560 885 nuneupas
1574 871 1580 884 ,
1605 853 1742 886 quomodo

954 901 1009 920 non
1032 894 1203 921 exhorrescis
1228 902 1303 922 arma
1324 895 1350 921 in
1370 895 1462 923 Patres
1482 904 1590 923 sumere
1616 897 1743 932 quodque

955 944 997 966 est
1014 939 1226 974 gravissimum,
1256 940 1284 967 in
1310 941 1398 975 ipsum
1421 949 1594 969 communem
1621 944 1743 971 omnium

955 985 1100 1012 Dominum
1116 990 1197 1021 atque
1211 986 1407 1014 Conditorem?
1422 987 1449 1014 Si
1463 993 1552 1015 autem
1569 989 1651 1015 semel
1665 994 1730 1024 petu
1742 1004 1745 1009 ι

955 1031 1038 1058 lantia
1057 1032 1202 1059 adversum
1220 1040 1271 1060 nos
1295 1033 1332 1060 uti
1356 1034 1510 1065 decrevisti,
1532 1035 1667 1068 quomodo
1688 1043 1745 1063 non

955 1077 1093 1104 luculente
1107 1078 1211 1105 insanis
1223 1098 1230 1110 ,
1255 1079 1319 1105 dum
1338 1079 1431 1106 Patres
1453 1087 1503 1106 nos
1518 1081 1598 1107 simul
1616 1088 1696 1108 vocas
1717 1086 1745 1109 et

956 1123 1144 1157 parricidiales
1161 1123 1188 1150 in
1200 1132 1251 1151 nos
1268 1124 1387 1152 intendis
1402 1126 1517 1152 manus?
1532 1126 1640 1161 thuot
1654 1127 1745 1155 adhuc

956 1167 1017 1195 aliis
1033 1168 1119 1195 modis
1135 1173 1210 1196 tuum
1228 1169 1279 1196 hoc
1302 1169 1439 1202 sophisma
1455 1171 1578 1197 converti
1599 1171 1745 1199 adversum

958 1218 984 1240 te
998 1214 1103 1248 posset!
1114 1212 1215 1241 Verum
1227 1215 1456 1249 quemadmodum
1465 1220 1630 1244 memoratos
1638 1216 1744 1251 Patres,

958 1259 994 1287 ita
1009 1264 1037 1287 et
1052 1260 1110 1287 haec
1123 1260 1151 1287 in
1161 1260 1290 1295 prmsenti
1304 1262 1388 1287 missa
1404 1261 1544 1288 faciamus.

995 1305 1040 1333 77.
1061 1306 1195 1333 Caeterum
1217 1306 1321 1341 regium
1337 1306 1412 1333 illum
1433 1307 1580 1338 amictum,
1605 1315 1744 1343 magnum,

959 1350 1079 1385 inquam.
1091 1351 1219 1378 Basilium
1230 1352 1291 1386 quis
1302 1352 1407 1387 ignorat
1418 1352 1444 1379 in
1454 1353 1635 1387 penilioribus
1646 1355 1746 1382 animze

959 1396 1086 1429 thalamis
1112 1404 1208 1431 puram
1237 1402 1317 1432 atque
1343 1397 1531 1424 iutemeratam
1569 1406 1746 1427 conservasse

958 1443 1099 1478 pietatem,
1118 1443 1237 1477 Spiritus
1258 1449 1349 1470 tamen
1369 1443 1539 1470 divinitatem
1564 1445 1747 1473 subticuisse?

960 1487 981 1516 Ο
996 1488 1114 1516 animam
1129 1488 1222 1516 divino
1239 1495 1332 1516 amore
1350 1490 1528 1521 wstuantem‘,
1546 1490 1595 1517 sed
1609 1491 1746 1520 flammam

959 1541 1014 1560 non
1027 1534 1053 1560 in
1068 1534 1242 1569 propatulum
1255 1534 1390 1562 elllantem
1408 1542 1443 1561 ne
1468 1535 1543 1562 ocius
1556 1536 1583 1562 in
1602 1536 1661 1570 ipso
1684 1542 1745 1565 ortn

958 1578 1070 1614 ipsoque
1084 1580 1216 1607 libertatis
1230 1579 1335 1615 fulgore
1362 1580 1565 1615 exstinguaturl
1584 1580 1634 1608 Hic
1664 1581 1747 1617 igitur

957 1625 1106 1660 disponens
1121 1633 1263 1652 sermones
1275 1633 1339 1653 suos
1359 1625 1385 1652 in
1405 1625 1511 1660 judicio
1526 1633 1557 1652 ac
1575 1626 1670 1654 sedulo
1683 1635 1746 1661 pro-

959 1678 1068 1703 curans,
1095 1675 1124 1697 ut
1149 1671 1280 1705 paulatim
1303 1671 1451 1698 crescendo
1473 1675 1500 1698 et
1521 1679 1570 1706 per
1584 1677 1676 1706 partes
1702 1673 1746 1700 in-

961 1716 1060 1743 stillata
1085 1716 1190 1743 firmius
1218 1716 1319 1743 veritas
1341 1717 1368 1743 in
1399 1717 1527 1744 cordibus
1559 1717 1735 1746 stabiliretur.

961 1761 1094 1796 (Quando
1109 1761 1183 1788 enim
1207 1761 1290 1788 fuerit
1312 1761 1414 1788 sensim
1435 1762 1462 1788 in
1486 1761 1629 1789 hominum
1648 1763 1747 1790 animis

960 1807 1106 1839 insinuata,
1121 1806 1235 1834 validior
1251 1806 1358 1834 ﬂamma
1373 1807 1505 1842 dogmatis
1519 1807 1661 1839 excitatur,
1675 1808 1747 1835 cele-

961 1853 1042 1880 ritate
1056 1861 1122 1881 vero
1133 1853 1331 1888 subitaneaque
1355 1853 1535 1888 impressione
1549 1853 1662 1888 fulgoris
1673 1861 1747 1889 ςαξοϐ

961 1899 1087 1926 mentalis
1126 1899 1222 1926 oculus
1254 1899 1407 1934 praesertim
1432 1899 1589 1932 rudiorum,
1619 1900 1748 1928 offuscari

961 1945 1042 1976 solet,
1065 1944 1297 1979 quemadmodum
1321 1949 1350 1971 et
1377 1944 1467 1979 fulgur
1491 1944 1583 1971 lumen
1606 1945 1748 1972 oculorum

960 1991 1097 2024 obtundit,
1110 1991 1228 2018 maxime
1240 1990 1516 2025 imbecilliorum).—-
1529 1991 1592 2018 ldeo
1606 1991 1667 2018 silet
1686 1991 1748 2026 qui-

961 2038 1034 2071 dem,
1046 2037 1118 2072 quod
1133 2045 1188 2072 pne
1198 2037 1252 2064 alio
1262 2036 1381 2071 quolibet
1392 2036 1539 2072 praedicare
1553 2036 1748 2064 ardentissime

965 2083 1125 2119 expetebat;
1141 2083 1280 2110 silentium
1301 2087 1391 2110 tamen
1407 2083 1564 2116 adhibebat,
1585 2077 1748 2117 uttempore

712 2183 830 2211 νΑιιιΑε
848 2182 1039 2211 LECTIONES
1058 2182 1102 2209 ET
1121 2181 1237 2209 NOTIE.

159 2264 214 2298 (49)
230 2264 259 2291 lu
275 2263 355 2298 epist.
369 2263 404 2291 ad
420 2263 550 2299 Aquilei,,
565 2263 610 2290 ubi
623 2263 725 2298 pariter
738 2263 905 2299 Dionysium,
923 2265 946 2293 D
995 2262 1101 2298 (ὃὸ-54)
1109 2263 1209 2290 Eodem
1224 2261 1304 2299 titulo
1313 2268 1387 2299 Step9
1401 2260 1745 2299 cohonestaturjiasilius,

123 2299 289 2326 Methodiqu
310 2303 337 2325 et
354 2300 484 2326 lrenmum
502 2298 626 2330 adducit,
641 2306 704 2326 cum
728 2298 829 2326 [remeo
848 2299 908 2326 loco

124 2334 259 2370 Hippolyti
269 2334 359 2370 jungit
369 2334 479 2369 Papiam
494 2343 500 2360 :
517 2334 577 2370 Ἔτι
588 2334 637 2370 μέν
649 2335 695 2360 καὶ
707 2333 851 2370 Εἰρηναῖον
861 2334 908 2370 τὴν

122 2368 297 2402 Λουγδούνων
308 2368 467 2400 ἐπίσκοπον,
483 2369 529 2395 καὶ
546 2368 653 2395 Παπίαν
663 2369 709 2396 τὸν
721 2368 772 2404 τῆς
784 2369 909 2404 Ἱεραπό-

121 2405 202 2436 λεως,
215 2404 260 2430 τὸν
273 2403 322 2438 μὲν
337 2404 384 2430 τοῦ
402 2404 551 2439 μαρτυρίου
566 2404 610 2430 τὸν
629 2403 758 2438 στέφανον
772 2403 908 2439 ἀναδησά-

123 2447 221 2474 μενον,
236 2440 297 2470 τοὺς
314 2439 342 2465 δὲ
360 2438 458 2474 ἄνδρας
473 2438 551 2470 ὄντας
568 2439 762 2471 ἀποστολικοὺς
783 2439 831 2466 καὶ
851 2441 908 2471 τοῖς

120 2473 169 2500 τοῦ
186 2473 243 2508 βίου
254 2473 364 2507 τρόποις
378 2474 408 2500 τὺ
424 2474 575 2508 θαυμάσιον
588 2473 835 2508 ὲξαστράπτοντας.

254 2483 268 2499 τ
273 2483 364 2501 οοποις
378 2483 408 2500 το
424 2483 474 2500 υαυ
479 2483 575 2501 νᾶα-ιον
588 2483 668 2501 εεαστ
673 2483 835 2501 οαπτοντας.

158 2483 169 2500 υ
186 2482 243 2508 ριου
254 2482 364 2507 τροποις
378 2482 408 2500 το
424 2482 575 2508 υαυμασιον
588 2482 825 2508 εςαστραπτοντας

158 2509 215 2544 (50)
232 2509 362 2544 Dilemma
372 2529 379 2541 ,
395 2509 467 2543 quod
482 2517 543 2544 cap.
557 2509 591 2536 66
605 2508 777 2536 efferebatur.

158 2543 215 2578 (51)
232 2543 290 2570 Col.
310 2551 433 2578 συμπαρ.

158 2546 201 2575 (51
232 2546 290 2570 Col.
310 2551 433 2578 συμπαρ.

158 2546 215 2614 (5Ξέ
233 2579 283 2613 Ep.
300 2578 478 2614 adrAquileiJ
495 2579 575 2605 Ἀλλα
589 2578 643 2614 γὰρ
657 2578 684 2605 εἴ
697 2587 737 2611 τις
750 2579 805 2605 τῶν
819 2578 907 2606 τοιού-

119 2623 176 2641 των
191 2614 279 2650 λόγων
303 2613 350 2650 καὶ
365 2614 489 2648 πράξεων
506 2614 555 2650 τῂν
572 2614 713 2650 ᾁσθένειαν
732 2614 786 2640 τῶν
806 2615 908 2650 ἀκροα-

119 2649 176 2676 τῶν
193 2649 240 2675 καὶ
252 2648 302 2685 τὴν
316 2648 472 2685 οἰκονομίαν
486 2648 533 2675 τοῦ
548 2649 638 2685 λόγου,
653 2650 703 2684 τήν
717 2657 746 2675 τε
764 2650 833 2685 πρὸς
846 2648 909 2681 τοὺς

120 2684 367 2720 ἀντιτεταγμένους
394 2684 483 2720 eam
507 2684 658 2720 περιελὼν,
683 2684 830 2720 γυμνὰτὰ
854 2685 910 2711 τῶν

119 2720 275 2754 εἰρημένων
291 2720 338 2745 καὶ
353 2718 390 2750 ὡς
405 2718 493 2753 δόγμα
508 2718 655 2754 προὸᾀλλοι
671 2718 908 2754 καὶπεριθάλποι,

120 2753 221 2786 αὐτοὺς
242 2754 362 2785 ἐκείνους
386 2754 447 2785 τοὺς
465 2753 500 2779 τὰ
523 2753 636 2780 τοιαῦτα
657 2755 705 2781 καὶ
720 2753 846 2787 εἰπόντας
863 2754 910 2781 καὶ

120 2789 277 2826 πράξαντας
290 2790 402 2826 εὑρήσει
415 2789 477 2816 κατ’
488 2788 571 2816 αὐτοῦ
584 2790 632 2824 τὴν
643 2789 804 2821 δικάζουσαν
818 2790 910 2825 ἀφιέν-

119 2832 170 2856 τας
186 2825 285 2860 ψῆφον.

959 2295 1004 2326 εἱό
1031 2307 1057 2325 v.
1132 2298 1248 2332 Amp/iit.
1274 2297 1320 2323 Ml
1349 2295 1575 2332 (Galland.Bibl.
1599 2295 1744 2332 ΡΡαΧΙΙΙ,

960 2334 1022 2366 Ἠο,
1038 2341 1065 2368 q.
1081 2331 1152 2367 90);
1170 2340 1218 2367 pro
1234 2331 1471 2368 ctokﬁriuterdum
1489 2331 1587 2366 legitur
1603 2331 1697 2366 στήλη.
1718 2332 1746 2359 lu

961 2366 1139 2408 Vat_.__rior_nert_
1155 2366 1457 2408 δοιψίιιιιίεβασίλιον.
1478 2400 1485 2408 Ι
1520 2400 1536 2408 Β
1560 2400 1566 2406 .
1585 2401 1601 2408 ,Α
1728 2400 1744 2408 Δ.

996 2403 1051 2439 (ἤὸ)
1077 2403 1114 2430 De
1131 2404 1182 2430 hac
1200 2402 1289 2439 Basilii
1311 2402 1338 2428 in
1352 2400 1503 2439 asserenda
1520 2400 1638 2439 Spiritus
1658 2400 1746 2439 sancti

960 2435 1102 2467 divinitate
1117 2437 1269 2466 oeconomia
1296 2437 1390 2465 confer
1412 2436 1533 2471 Gregory
1548 2435 1614 2462 Naz.
1636 2444 1680 2471 ep.
1699 2436 1744 2468 26,

960 2479 1029 2502 orat.
1054 2475 1099 2504 20.
1116 2483 1144 2509 p.
1157 2474 1224 2509 565;
1240 2478 1317 2509 orat,
1329 2471 1375 2509 ετ,
1394 2479 1421 2506 p.
1437 2471 1489 2498 609
1503 2470 1551 2509 et}.
1565 2470 1746 2509 _Bil|_ii’(‘(_lle-

961 2518 1051 2537 mene.
1079 2506 1148 2537 orat.
1176 2508 1226 2540 45,
1252 2515 1282 2534 ιι.
1308 2507 1359 2539 68;
1385 2512 1413 2533 et
1435 2511 1503 2533 erat.
1523 2506 1593 2541 5|),
1616 2506 1745 2533 Basilium

962 2546 1051 2579 ipsum
1077 2546 1157 2579 epist.
1188 2543 1237 2575 7|,
1259 2542 1556 2579 Jo.;l}eccum,_orat.
1578 2541 1603 2579 ί,
1628 2542 1744 2579 in__tom.

961 2575 1051 2614 Cvprii
1067 2575 1131 2614 (Cr.
1153 2579 1220 2605 orth.
1236 2586 1266 2607 tt.
1282 2586 1310 2613 p.
1330 2577 1397 2611 219)
1418 2581 1445 2603 et
1459 2576 1637 2603 Prudentium
1656 2575 1745 2603 Mara-

961 2610 1027 2642 num
1045 2615 1153 2642 Przefat.
1173 2614 1242 2645 Opp.
1261 2612 1290 2639 S.
1304 2611 1383 2639 Basil.
1402 2617 1420 2638 ι.
1436 2611 1479 2641 ιιι,
1494 2611 1507 2645 §
1523 2612 1549 2637 5.

961 2623 1027 2642 num
1045 2622 1153 2642 t'rzetat.
1173 2622 1242 2645 Upp.
1262 2622 1290 2639 δ.
1304 2622 1383 2639 Das”.
1402 2622 1420 2638 ι.
1437 2622 1479 2641 ιιι,
1494 2622 1507 2645 3
1523 2622 1549 2637 ο.

993 2623 1027 2642 Im
1045 2621 1153 2642 Fumat.
1173 2621 1242 2648 Upp.
1261 2621 1290 2639 δ.
1304 2621 1383 2639 Das”.
1402 2621 1420 2638 ι.
1437 2621 1479 2641 ιιι,
1494 2621 1507 2645 s
1523 2621 1549 2637 ο.

993 2651 1049 2684 (56)
1064 2651 1101 2677 Ex
1116 2649 1299 2684 psalmocxu,
1314 2648 1330 2684 5
1347 2646 1439 2684 (ομ)
1457 2647 1540 2681 petita
1557 2645 1673 2681 phrasis.

1066 2682 1151 2711 Palat.
1167 2685 1184 2710 Ι“.
1271 2682 1485 2720 [ιλ-ἀναδίδωται.

993 2716 1048 2756 (58)
1065 2717 1382 2756 Cf.»Greg._[iaz._C¢_zmru_t.
1397 2716 1535 2756 deASpiril.
1551 2719 1636 2742 sanet.
1651 2722 1745 2743 arcan.

958 2756 975 2782 3
987 2752 1080 2790 ;'Opp.
1094 2754 1125 2781 ll‘
1136 2762 1163 2788 p.
1177 2752 1244 2786 163,
1260 2753 1303 2780 ed.
1317 2752 1377 2779 Bill.
1393 2761 1418 2779 ν.
1433 2752 1464 2778 2|
1479 2759 1548 2786 seq;
1573 2758 1613 2778 or.
1642 2757 1746 2784 xxxvn,

959 2800 985 2826 ι).
1005 2789 1057 2819 608
1072 2790 1116 2818 ed.
1133 2789 1189 2817 Bill.
