1941 3085
168 140 220 172 397

685 146 733 175 DE
752 146 782 178 S.
797 146 976 179 SPIRITUS
994 148 1247 181 MYSTAGOGIA.

1742 155 1796 189 398

165 196 196 223 σὺ
215 196 265 232 τὴν
274 196 370 229 ἁπλῶς
387 197 525 231 ιξέλευσιν
540 198 684 234 σημαίνει,
696 200 758 235 ἥτις
777 201 836 228 ἐστὶ
857 202 950 237 συμϐε-

1008 204 1191 239 egressionem
1212 205 1373 240 simpliciter
1387 206 1531 242 signiﬁcat,
1558 215 1619 244 quae
1640 209 1796 238 accidenta-

165 242 252 278 ὃηκδς
262 242 391 278 γινομένη
408 243 454 270 καὶ
473 244 668 280 ἀπογινομένη,
682 245 752 272 ἀλλὰ
768 246 818 281 τὴν
838 246 955 282 οὐσιώδη

165 288 214 315 καὶ
239 289 356 323 φυσικὴν
379 290 426 315 καὶ
451 288 499 315 τοῦ
524 289 585 321 πῶς
615 287 686 317 εἶναι
712 292 884 327 αημαντικὴν
909 293 956 319 καὶ

164 335 215 370 τὴν
227 334 282 370 (88)
295 334 438 370 ὑπάρξεως
448 335 496 362 τοῦ
506 335 585 369 ἁγίου
598 336 758 372 Πνεύματος
772 338 953 374 ὲμφαντικήν·

164 380 205 407 ὅτι
218 381 249 407 οὺ
268 381 406 416 γεννητῶς
433 382 508 408 ἐστιν
533 381 571 414 ὡς
591 383 606 409 ὁ
620 382 692 415 Υἱὸς,
708 383 766 410 ἀλλ’
779 384 955 419 ἐκπορευτιῖκ

165 426 212 453 καὶ
228 427 318 458 ἰδίως·
333 427 380 453 τοῦ
393 427 443 462 μὲν
458 427 513 463 γὰρ
531 427 595 454 Υἱοῦ
608 428 674 455 ἴδιον
685 429 716 455 τὸ
733 430 766 456 ἐκ
779 429 828 456 τοῦ
848 430 955 465 Πατρὸς

163 471 310 506 γεννᾶσθαι
327 473 461 507 φυσικῶς,
481 473 527 500 τοῦ
543 474 572 500 δὲ
594 474 671 508 ἁγίου
694 474 854 510 Πνεύματος
878 476 907 502 τὸ
923 477 956 502 ὲκ

163 518 210 544 τοῦ
227 518 334 553 Πατρὺς
349 519 549 554 ἐκπορεύεσθαι
565 519 690 554 φυσικῶς
701 528 708 535 ·
725 520 772 547 καὶ
787 521 858 547 κατὰ
875 520 955 548 τοῦτο

165 564 245 599 μόνον
261 564 435 600 διαφέρουσιν
452 565 589 600 ἀλλήλων,
603 566 663 602 ἤτοι
682 567 754 593 κατὰ
769 568 818 602 τὴν
835 567 955 603 ἰδιότητα

163 611 212 645 τῆς
227 610 380 646 ὑπάρξεως,
399 611 429 638 ἓν
438 612 514 643 bna;
531 611 620 643 ἄλλως
631 612 681 647 τὴν
700 613 795 639 οὐσίαν
806 613 854 640 καὶ
873 613 956 648 φύσιν

162 657 210 684 καὶ
237 657 316 690 ἀξίαν
337 657 383 684 καὶ
405 657 533 692 δύναμιν,
552 659 610 690 καὶ,
628 659 721 691 ἁπλῶς
742 660 842 692 εἰπεῖν,
870 659 954 687 τᾶλλα

162 704 250 730 πάντα
266 703 333 738 πρός
350 713 379 730 τε
394 705 439 730 τὸν
456 704 564 739 Πατέρα
582 705 630 731 καὶ
647 705 716 740 πρὸς
734 705 876 741 ἀλλήλους.
892 705 955 737 Πῶς

162 747 208 775 οὖν
222 758 289 783 φατε
306 750 336 775 τὺ
352 750 429 784 ἅγιον
446 750 559 785 Πνεῦμα
575 750 631 785 (89)
650 749 727 787 [ll9]
753 750 954 786 ἐκπορεύεσθαι

162 795 208 821 καὶ
220 795 252 821 ἐκ
263 795 311 821 τοῦ
327 795 391 822 Υἱοῦ
405 804 412 828 ;
430 796 460 822 Εἰ
474 796 524 831 μὲν
534 796 572 828 ὡς
589 796 618 829 ἐξ
639 797 738 828 αἰτίου,
753 797 808 823 ἰδοὺ
821 796 867 823 δύο
880 797 954 823 αἴτια

162 841 209 867 καὶ
223 841 270 868 δύο
288 842 382 877 ἀρχαὶ,
398 841 495 877 Πατὴρ
508 843 555 868 καὶ
570 842 645 874 Υἱδς,
659 842 706 868 καὶ
725 842 835 877 διαρχία
852 842 954 877 μᾶλλον

1008 250 1041 277 lis
1055 255 1098 277 est
1116 257 1144 278 et
1163 252 1243 279 modo
1263 253 1354 280 locum
1369 253 1464 288 habet,
1483 254 1565 282 modo
1589 263 1646 283 non
1667 257 1795 292 amplius.

1007 302 1102 322 verum
1127 296 1334 324 substantialem
1345 302 1374 325 et
1389 299 1542 327 naturalem
1559 308 1674 336 quaeque
1686 306 1728 328 est
1747 302 1797 329 de-

1006 340 1135 368 clarativa
1146 341 1213 368 certi
1226 342 1391 370 exsistentite
1405 344 1477 371 modi
1488 348 1517 372 et
1530 345 1715 373 subsistentia;
1731 353 1796 373 san-

1006 386 1042 414 cti
1068 386 1186 422 Spiritus
1210 387 1373 420 indicative.
1398 390 1470 424 quod
1498 398 1554 418 non
1576 399 1625 426 per
1635 393 1798 428 generatio-

1006 439 1068 459 nem
1093 436 1135 460 est
1154 436 1184 460 ut
1197 433 1294 465 Filius.
1323 434 1372 462 sed
1396 442 1446 469 per
1466 437 1669 471 processioncm
1690 445 1796 474 suoque

1006 478 1117 512 proprio
1133 479 1225 506 modo.
1247 479 1307 506 Filii
1330 480 1403 508 enim
1419 481 1570 516 proprietas
1596 490 1638 511 est
1657 491 1690 511 ex
1715 484 1796 512 Patre

1006 524 1130 559 generari
1148 526 1320 559 naturaliter,
1346 528 1434 555 sancti
1455 535 1520 556 vero
1537 528 1656 564 Spiritus
1673 532 1795 566 proprie.

1006 575 1048 598 tas
1069 571 1229 599 naturaliter
1249 579 1282 600 ex
1301 572 1382 600 Patre
1408 574 1571 608 procedere;
1597 580 1626 603 et
1645 577 1795 604 secundum

1006 617 1059 645 hoc
1074 618 1246 645 solummodo
1271 618 1306 646 ab
1330 618 1447 647 invicem
1463 620 1605 655 dill'erunt,
1622 622 1679 650 sive
1693 630 1794 650 secun-

1005 663 1070 690 dum
1087 663 1271 691 subsistentia:
1299 665 1512 700 proprietatem,
1543 674 1605 694 cum
1629 668 1794 703 cmteroquin

1005 717 1090 736 unum
1108 710 1163 736 sint
1176 710 1266 744 quoad
1280 711 1463 739 substantiam
1476 716 1504 740 et
1521 717 1659 746 naturam,
1678 714 1795 750 dignita-

1006 759 1060 782 tem
1076 760 1104 782 et
1119 756 1259 788 virtutem,
1271 762 1363 791 atque,
1380 762 1474 785 utuno
1488 759 1572 786 verbo
1588 759 1689 792 dicam,
1705 768 1794 795 quoad

1005 801 1056 828 alia
1075 802 1167 829 omnia
1180 807 1237 829 tum
1255 810 1316 829 cum
1334 803 1414 831 Patre
1431 808 1488 831 tum
1503 812 1565 832 cum
1582 812 1612 832 sc
1626 805 1702 841 ipsis.
1716 804 1794 839 Quo—

1005 855 1068 874 nam
1084 847 1165 883 igitur
1180 853 1260 882 pacto
1273 848 1374 882 dicitis,
1399 854 1524 877 sanctum
1548 850 1679 886 Spiritum
1700 859 1797 887 proce-

161 887 177 922 ἢ
197 887 332 922 μοναρχία
348 887 379 914 τὸ
395 888 460 923 παρ’
484 887 550 922 ὑμῖν
571 887 627 923 (90)
653 888 872 923 πρεσϐευόμενον
885 896 892 903 ·
906 888 950 914 καὶ

1005 892 1070 920 dere
1080 894 1162 920 etiam
1175 902 1207 921 ex
1225 894 1312 922 Filio?
1332 895 1360 921 Si
1379 895 1453 922 enim
1469 896 1546 923 velut
1568 903 1601 923 ex
1625 905 1717 929 causa,
1731 905 1796 926 ecce

161 933 211 968 οὐχ
225 933 462 968 ἡμέτερονλέγειν
475 934 524 960 ὅσα
536 933 571 960 τὰ
587 933 677 961 ἄτοπα
691 933 797 968 ἕψεται.
813 934 846 960 El
857 933 880 961 δ’
895 934 954 960 ἐτέ-

162 988 217 1015 ρως
228 1000 235 1011 ,
247 979 284 1011 ὼς
295 980 328 1005 ἐκ
350 980 521 1015 φεραλλήλου
534 980 579 1006 διὰ
603 981 654 1014 τὴν
676 981 716 1012 εἰς
732 980 835 1015 ἄλληλα
850 980 953 1007 τούτων

160 1024 418 1060 ἁντιπεριχώρησιν,
427 1025 486 1057 καὶ,
498 1025 535 1056 ὡς
546 1025 639 1057 ἁπλῶς
650 1025 749 1058 εἰπεῖν,
760 1025 954 1058 ὲξαποστελλόο

161 1073 256 1106 μενδν-
270 1071 464 1105 ἐξαποστέλλει
482 1072 537 1107 γὰρ
562 1071 657 1107 ὥσπερ
675 1072 689 1098 ὁ
706 1071 799 1107 Πατὴρ
809 1071 856 1098 τὸν
877 1072 951 1102 Υἱδν,

159 1117 232 1144 οὕτω
245 1119 291 1145 καὶ
305 1119 319 1144 ὁ
331 1118 395 1149 Υἱὸς
406 1119 437 1144 τὸ
452 1118 565 1152 Πνεῦμα
577 1118 608 1144 τδ
619 1117 697 1151 ἅγιον
706 1126 712 1134 ⁸
732 1118 822 1144 Ὅταν
840 1117 884 1149 δὲ,
900 1125 953 1152 φη-

161 1166 214 1197 σὶν,
235 1165 309 1199 ἔλθῃ
328 1166 344 1191 d
371 1164 577 1198 Παράκλητος,
606 1164 642 1190 ὃν
670 1163 727 1198 ἐγὼ
745 1163 853 1198 πέμψω
881 1163 953 1198 ὑμῖν

160 1211 240 1245 παρὰ
255 1211 308 1238 τοῦ
324 1210 450 1244 Πατρός,
467 1210 500 1236 τὸ
516 1210 639 1244 Πνεῦμα
665 1210 722 1244 τῆς
750 1210 906 1244 ἀληθείας,
936 1210 952 1236 ὃ

159 1256 241 1291 παρὰ
251 1256 304 1283 τοῦ
323 1255 437 1289 Πατρός
453 1255 649 1289 ἐκπορεύεται
660 1274 667 1287 ,
683 1255 781 1282 ἐκεῖνο
801 1255 952 1290 μαρτψή-

159 1310 209 1329 σει
220 1301 287 1336 περὶ
299 1301 373 1336 ἐμοῦ
386 1309 393 1316 ·
414 1302 449 1334 εἰ,
461 1301 532 1326 κατὰ
548 1300 650 1335 ταύτην
664 1301 714 1335 τὴν
725 1300 855 1332 διάνοιαν,
874 1300 952 1327 ἐκπο-

160 1348 289 1384 ρεύεσθαι
306 1348 354 1375 καὶ
365 1349 397 1374 ὲκ
412 1348 468 1384 (91)
486 1347 534 1374 τοῦ
549 1346 626 1380 Υἱοῦ,
645 1347 754 1381 λέγετε,
766 1347 889 1383 ἔρρωσθε
902 1346 952 1381 μὲν

158 1395 206 1422 τὸν
227 1394 301 1426 νοῦν,
314 1394 487 1430 ἁμαρτάνετε
510 1393 538 1420 δὲ
553 1393 614 1420 καθ’
634 1393 727 1428 ἕτερον
753 1393 853 1427 λόγον’
877 1392 952 1427 πρῶ-

158 1451 204 1469 τον
218 1441 275 1477 (92)
293 1441 343 1476 μὲν
359 1441 408 1477 τὴν
425 1441 478 1467 ὑπὸ
501 1441 556 1467 τῶν
568 1440 638 1467 ἑπτὰ
657 1441 774 1467 συνόδων
794 1439 952 1475 βεϐαιωθεί-

160 1497 210 1516 σαν
221 1487 329 1515 ἔκθεσιν
343 1487 391 1523 τῆς
408 1487 527 1518 πίστεως
543 1488 576 1522 τῇ
594 1487 738 1522 προσθήκῃ
758 1486 845 1522 ταύτῃ
861 1494 951 1522 παρα-

158 1535 302 1566 ποιοῦντες
328 1535 376 1561 καὶ
403 1534 464 1561 τότε
480 1534 555 1569 μόνοι
569 1534 624 1560 τῶν
648 1534 793 1561 ἁπάντωνο
804 1533 900 1560 ἔπειτα
918 1534 949 1561 τὸ
961 1547 984 1578 c

158 1582 209 1609 καὶ
223 1580 453 1617 προσκείμενον,ὃ
465 1580 614 1615 σύνδεσμον
625 1579 720 1606 καλεῖν
731 1579 877 1615 εἰώθαμεν,
888 1579 950 1616 ἴσην

157 1629 206 1665 τὴν
220 1630 383 1664 ὲκπόρευσιν
396 1629 488 1655 δίδωσι
499 1629 571 1655 νοεῖν
587 1627 620 1655 ἐκ
630 1636 661 1654 τε
673 1627 720 1654 τοῦ
734 1627 841 1662 [ἰατρὸς
856 1627 903 1655 καὶ
918 1628 951 1655 ἐκ

157 1675 203 1702 τοῦ
220 1674 296 1708 Υἰοῦ,
314 1675 365 1701 κᾶν
392 1674 471 1710 ὑμεῖς
496 1674 597 1709 ἑτέρως
615 1675 694 1709 νοῆτε
712 1674 769 1710 (95)
782 1674 832 1710 τὴν
854 1674 887 1701 ὲκ
901 1674 949 1701 τοῦ

158 1720 235 1753 Υἱοῦ,
248 1720 320 1748 καθὰ
334 1721 556 1756 προειρήκαμεν·
570 1719 624 1755 χρὴ
637 1720 665 1746 δὲ
678 1719 716 1756 μὴ
738 1719 819 1755 μόνον
840 1722 949 1755 φρονεῖν

156 1768 253 1802 ὀρθῶς,
274 1767 342 1794 ἀλλὰ
368 1767 436 1802 μηδὲ
461 1766 651 1798 σκανδαλίζειν
680 1766 795 1798 ἄλλους·
820 1767 845 1794 εἰ
864 1767 919 1803 γὰρ
936 1769 950 1794 ὁ

158 1811 343 1844 σκανδαλίζων
369 1812 417 1838 ἕνα
444 1812 561 1847 φρικτῆς
575 1811 649 1844 ἄξιος
666 1811 763 1847 ὲκρξθη
793 1811 870 1847 παρὰ
892 1813 949 1845 τοῖς

157 1856 333 1890 Εὖαγγελίοις
348 1855 403 1892 (94)
423 1856 571 1888 κολάσεως,
589 1857 613 1882 οι
629 1856 679 1891 τὴν
699 1855 862 1892 οἰκουμένην
885 1857 950 1893 ὃλην

157 1900 251 1936 σχεδὸν
277 1900 499 1932 σκανδαλίζοντες
520 1900 601 1927 ποίαν
623 1899 702 1932 ἀξίαν
733 1899 842 1935 εὕροιεν
869 1901 950 1928 κόλα-

155 1954 199 1972 σιν
210 1953 218 1978 ;

1005 939 1066 966 duae
1080 946 1170 966 causa:
1192 944 1219 966 et
1239 940 1294 967 duo
1311 940 1455 976 principia,
1483 940 1566 968 Pater
1596 945 1624 968 et
1649 941 1744 975 Filius,
1768 948 1796 972 et

1006 989 1070 1013 tunc
1086 986 1112 1013 id
1136 986 1209 1020 quod
1228 994 1393 1014 veneramur
1419 994 1451 1014 ac
1473 987 1589 1014 colimus
1614 987 1796 1023 supplicando

1004 1029 1132 1064 dyarchia
1157 1030 1282 1065 (duorum
1304 1030 1488 1066 principatus)
1509 1032 1600 1066 potius
1631 1033 1684 1060 erit
1712 1040 1793 1068 quam

1005 1075 1161 1102 monarchia
1176 1075 1268 1111 (unius
1285 1076 1453 1111 principatus
1468 1084 1516 1104 seu
1530 1076 1658 1112 principii
1677 1077 1791 1114 unitas).

1002 1119 1099 1156 Neque
1114 1126 1238 1149 nostrum
1254 1127 1297 1149 est
1310 1122 1428 1156 edicere,
1451 1126 1553 1157 quanta
1576 1122 1640 1150 inde
1663 1128 1792 1152 secutura

1004 1166 1057 1193 sint
1076 1167 1204 1195 absurda.
1232 1166 1261 1194 Si
1275 1175 1340 1195 vero
1360 1168 1414 1195 alio
1437 1168 1530 1200 modo,
1558 1168 1633 1196 velut
1647 1176 1680 1197 ex
1699 1175 1796 1198 mutua

1003 1212 1175 1240 connexione
1189 1217 1300 1248 propter
1316 1221 1411 1241 eorum
1434 1214 1689 1242 circumsessionem
1704 1220 1742 1248 et,
1762 1221 1793 1244 ut

1003 1257 1166 1292 simpliciter
1186 1258 1287 1291 dicam,
1305 1263 1334 1286 ut
1358 1259 1393 1286 ab
1418 1267 1452 1286 eo
1475 1260 1576 1288 missus
1600 1261 1696 1295 (mittit
1708 1262 1793 1297 enim,

1002 1304 1233 1339 quemadmodum
1250 1304 1330 1332 Pater
1342 1305 1455 1338 Filium,
1468 1306 1505 1333 ita
1516 1306 1635 1334 etFilius
1648 1307 1793 1343 Spiritum,

1002 1349 1125 1383 Quando,
1140 1350 1240 1386 inquit,
1252 1352 1351 1378 venerit
1369 1351 1533 1384 Par-aditus,
1545 1361 1622 1389 quem
1630 1363 1677 1391 ego
1688 1356 1794 1384 mittant

1001 1397 1072 1424 vobis
1083 1405 1099 1424 a
1115 1396 1209 1429 Putre,
1225 1397 1354 1432 Spiritum
1367 1399 1496 1432 veritatis,
1512 1401 1556 1435 qui
1570 1409 1586 1426 ιι
1602 1400 1683 1428 Patre
1699 1410 1793 1437 procc-

1001 1443 1050 1476 dit,
1064 1442 1110 1470 ille
1127 1443 1304 1470 testimonium
1314 1444 1458 1478 perhibcbit
1474 1446 1505 1472 de
1520 1454 1561 1473 me
1575 1446 1609 1482 ")
1623 1454 1632 1480 ;
1653 1447 1677 1475 si
1693 1455 1791 1476 secun-

1001 1489 1065 1517 dum
1079 1489 1162 1522 hunc,
1182 1489 1303 1524 inquam,
1329 1497 1439 1517 sensum
1456 1491 1604 1526 procedere
1627 1497 1656 1520 et
1671 1500 1704 1521 ex
1723 1494 1792 1522 Filio

1001 1535 1111 1567 dicitur,
1125 1540 1190 1563 tunc
1198 1536 1317 1570 quidem.
1331 1537 1405 1572 quod
1413 1537 1447 1564 ad
1461 1542 1581 1566 mentem
1597 1543 1714 1575 spectat,
1727 1542 1786 1568 sani

999 1581 1075 1614 estis,
1094 1581 1212 1615 peccatis
1240 1586 1331 1609 tamen
1360 1582 1511 1610 secundum
1535 1583 1616 1612 aliam
1636 1585 1769 1614 rationem
1782 1589 1798 1620 9

998 1627 1087 1663 primo
1101 1627 1210 1662 quidem
1231 1627 1293 1656 ﬁdei
1309 1629 1511 1663 expositionem
1526 1637 1541 1657 a
1555 1636 1662 1666 septem
1681 1633 1791 1668 synodis

998 1673 1185 1701 conﬁrmatam
1210 1674 1262 1701 hoc
1287 1674 1473 1703 additamento
1492 1675 1667 1706 immutantes
1685 1682 1712 1706 et
1737 1679 1791 1706 fal-

998 1723 1100 1751 santes,
1113 1723 1141 1745 et
1150 1718 1260 1753 quidem
1274 1718 1347 1746 inter
1366 1726 1463 1746 omnes
1475 1720 1542 1753 soli;
1559 1720 1657 1748 deinde
1672 1721 1740 1749 illud
1753 1727 1789 1754 el,

996 1763 1069 1798 quod
1100 1763 1321 1798 coniunctionem
1350 1771 1448 1792 vocare
1475 1765 1596 1793 solemus
1613 1785 1622 1798 ,
1655 1767 1788 1802 aequalem

998 1807 1201 1843 processioncm
1222 1808 1269 1835 dat
1294 1808 1447 1843 intelligere
1463 1813 1520 1836 tum
1540 1818 1573 1837 ex
1590 1811 1670 1838 Patre
1683 1816 1740 1839 tum
1755 1820 1789 1840 ex

998 1853 1077 1885 Filio,
1095 1853 1163 1881 licet
1177 1861 1225 1881 vos
1250 1854 1329 1881 aliter
1355 1854 1509 1890 intelligetis
1525 1863 1584 1883 eam
1594 1865 1656 1891 qua:
1669 1865 1703 1885 ex
1718 1857 1789 1886 Filio

998 1900 1147 1928 secundum
1164 1907 1196 1928 ea
1208 1907 1269 1935 qua;
1285 1900 1473 1935 praediximus.
1493 1901 1607 1937 Oportet
1621 1894 1713 1931 autein
1732 1911 1789 1932 non

998 1946 1087 1974 solum
1099 1950 1174 1973 recte
1188 1945 1302 1978 sentire,
1316 1946 1365 1974 sed
1381 1954 1471 1981 neque
1496 1947 1565 1975 alios
1590 1949 1787 1978 seandalizarc.

156 1991 185 2019 Si
208 1990 281 2018 enim
317 1989 363 2024 qui
387 1997 471 2016 unum
506 1989 674 2017 scandalizat
702 1990 844 2018 tremenda
875 1999 961 2027 penes
979 1991 1329 2027 Evangeliajudicatusest
1342 1992 1486 2028 punitione
1497 1993 1606 2029 dignus,
1640 2003 1787 2030 quamnam

155 2037 221 2074 ipsis
240 2034 447 2065 convenientem
459 2042 568 2070 poenam
585 2035 741 2063 invenerint
761 2036 806 2072 qui
828 2037 987 2066 universum
1003 2037 1199 2074 propemodum
1223 2037 1409 2065 scandalizant
1425 2043 1560 2067 terrarum
1571 2040 1665 2068 orbem
1679 2041 1685 2068 l

192 2085 237 2114 ια’.
253 2085 346 2114 Εἰπὼν
358 2088 373 2114 ὁ
383 2087 447 2119 Υἱὸς
459 2087 507 2114 καὶ
519 2086 585 2118 Θεὸς
609 2087 675 2123 περὶ
691 2086 739 2113 τοῦ
756 2086 834 2121 ἁγίου
858 2087 945 2114 Ilvati-

1033 2087 1094 2114 lla.
1110 2087 1179 2114 Cum
1209 2086 1295 2114 Filius
1321 2085 1366 2113 Dei
1384 2090 1412 2114 et
1435 2086 1508 2114 Deus
1524 2086 1558 2115 de
1572 2092 1667 2116 sancto
1684 2087 1787 2124 Spiritu

156 2144 251 2170 ματος,
262 2136 303 2162 ὅτι
319 2136 398 2170 παρὰ
416 2135 469 2162 τοῦ
491 2135 608 2169 Πατρὸς
624 2134 820 2170 ἐκπορεύεται,
833 2136 880 2162 καὶ
895 2135 946 2171 οὐχ

154 2181 238 2215 ἅπαξ,
254 2181 322 2209 ἀλλὰ
350 2183 396 2209 καὶ
416 2182 457 2213 δίς
471 2182 542 2209 κατὰ
556 2182 605 2217 τὴν
616 2181 701 2217 αὐτὴν
721 2181 883 2209 ἀκολουθίαν
896 2181 944 2208 τοῦ

153 2228 245 2263 λόγου,
261 2229 319 2261 πῶς
327 2229 378 2255 οὐκ
392 2227 478 2262 εἶπεν,
494 2229 536 2255 ὅτι
551 2229 607 2256 Καὶ
617 2228 684 2263 παρ’
694 2228 787 2263 ἐμοῦ;
802 2229 858 2255 Καὶ
867 2225 944 2256 οὗτοι

155 2274 205 2310 μὲν
219 2274 424 2310 ἀποκρίνονται,
438 2274 480 2301 ὅτι
490 2274 526 2305 ὡς
542 2273 617 2310 [120]
624 2274 766 2310 ἄνθρωπος
775 2274 946 2301 ὲταπεινολό-

153 2328 237 2355 γησεν
249 2320 306 2356 (95)
317 2327 323 2334 ·
339 2320 422 2355 ἡμεῖς
437 2319 465 2346 δὲ
479 2320 587 2355 ταχέως
603 2319 779 2352 ἀπαντῶντες
794 2319 944 2355 ἐλέγχομεν

152 2367 250 2398 αὐτοὺς
266 2365 509 2401 ψευδολογοῦντας·
523 2366 554 2391 τὸ
567 2365 623 2401 (96)
640 2367 695 2402 γὰρ
710 2366 808 2399 εἰπεῖν,
822 2366 877 2392 Ὃν
887 2365 944 2401 ἐγὼ

152 2412 259 2447 πέμψω
274 2411 355 2446 ὑμῖν,
370 2411 421 2447 οὐχ
436 2411 474 2443 ὼς
494 2411 637 2447 ἄνθρωπος
654 2412 777 2448 εἴρηκεν,
791 2411 861 2439 ἀλλὰ
877 2412 945 2448 μᾶλ-

187 2492 210 2508 ”
221 2491 300 2519 Joan.
319 2500 365 2526 xv,
381 2491 426 2520 26.

995 2133 1095 2162 dixerit
1120 2132 1194 2169 quod
1213 2141 1230 2160 ιι
1253 2132 1337 2160 Patre
1358 2133 1493 2168 procedit,
1511 2141 1601 2169 neque
1620 2135 1705 2162 semel
1724 2139 1786 2162 tan-

995 2184 1063 2212 tum,
1080 2180 1127 2207 sed
1137 2183 1165 2206 et
1176 2179 1219 2206 his
1229 2179 1380 2207 secundum
1392 2179 1517 2207 eamdem
1530 2179 1665 2207 sermonis
1676 2180 1784 2213 seriem,

994 2226 1132 2262 quomodo
1150 2233 1206 2253 non
1233 2226 1304 2253 dixit
1319 2235 1325 2251 :
1349 2226 1472 2253 Procedit
1496 2226 1577 2253 etiam
1592 2234 1609 2253 α
1632 2227 1694 2253 me?
1710 2226 1744 2254 Et
1757 2227 1785 2254 hi

994 2273 1104 2308 quidem
1120 2270 1285 2307 respondent
1309 2272 1398 2307 ipsum
1416 2279 1465 2307 pro
1477 2272 1648 2299 humanitate
1665 2280 1715 2300 sua
1735 2273 1787 2301 hu-

994 2319 1096 2347 militer
1108 2326 1169 2346 esse
1183 2318 1325 2352 locutum;
1347 2325 1398 2345 nos
1416 2325 1482 2345 vero
1499 2318 1590 2346 statim
1603 2323 1786 2347 occurrentes

994 2364 1127 2393 mendacii
1139 2372 1187 2392 eos
1196 2364 1393 2392 convincimus.
1408 2363 1496 2391 Verba
1510 2363 1583 2391 enim
1594 2363 1640 2391 illa
1652 2372 1728 2400 quem
1739 2373 1786 2401 ego

993 2413 1099 2439 mittam
1112 2411 1183 2439 uobis
1195 2418 1251 2439 non
1267 2415 1296 2438 ut
1312 2411 1394 2438 homo
1406 2410 1486 2444 dixit,
1494 2410 1542 2438 sed
1555 2410 1646 2446 potius
1661 2415 1692 2438 ut
1701 2411 1783 2439 Deus.

701 2561 819 2589 νΑιιιλΕ
836 2559 1028 2589 LECTIONES
1047 2558 1091 2586 ΕΤ
1112 2556 1226 2587 NOTAE.

264 2631 347 2673 Yind.
362 2630 432 2673 phil.
451 2630 504 2673 ξτάὸ
518 2640 525 2658 :
537 2629 605 2673 (τῇς,
623 2629 688 2657 fort.
707 2629 757 2665 τὴν
769 2629 818 2665 τῆς
832 2630 880 2657 ὑπ.

200 2666 244 2703 89)
264 2666 331 2703 Cod.
346 2666 393 2703 cit.
407 2666 438 2703 εδ
454 2666 503 2703 I_lv.
520 2666 550 2692 τὸ
565 2666 655 2703 ἄτιον.

199 2699 244 2747 90}
265 2702 310 2747 Sic
320 2701 393 2737 apud
407 2701 536 2737 Euthym.
548 2705 577 2728 et
594 2701 622 2728 in
637 2700 764 2733 cod.cit.;
777 2700 839 2728 cod.
855 2699 939 2728 theol.

152 2739 188 2768 40
202 2747 210 2766 :
225 2739 302 2774 ἡμῖν.
541 2772 547 2778 ι

187 2774 242 2809 (9t)
260 2775 293 2800 ὲκ
309 2771 430 2809 ἁεοξείιι
439 2772 500 2809 cod.
516 2771 598 2809 Vind.
615 2772 661 2801 Gr.
679 2772 719 2800 th.
733 2772 783 2809 :40.

190 2806 246 2851 (92)
265 2808 334 2837 Cod.
360 2807 442 2836 Vind.
457 2807 504 2836 Gr.
516 2808 564 2843 ph.
588 2808 662 2836 248:
688 2807 796 2844 πρῶτα,
811 2806 940 2842 Euthym.

155 2853 268 2881 πρωτοι.

190 2881 245 2917 (95)
264 2880 330 2910 Cod.
344 2880 391 2909 Gr.
412 2879 481 2915 phil.
494 2877 540 2907 cit.
562 2879 657 2906 νοεῖτε.

1026 2626 1179 2669 (94)λξαρὰ
1191 2635 1218 2653 τ.
1242 2624 1389 2658 Εεῦαγγελ.
1418 2623 1496 2652 deest
1512 2624 1541 2652 in
1556 2632 1617 2652 eoo.
1633 2623 1712 2653 Vind.
1732 2626 1780 2655 Gr.

1173 2695 1285 2733 minime
1299 2694 1398 2733 dicunt
1414 2693 1504 2733 Latini
1531 2694 1673 2723 Christum
1690 2695 1783 2723 humi-

991 2730 1055 2761 liter
1067 2730 1095 2760 et
1109 2740 1158 2767 pro
1172 2738 1221 2759 sua
1237 2730 1407 2767 humanitate
1427 2730 1471 2767 hic
1482 2731 1614 2767 locutum,
1625 2738 1719 2767 verum
1733 2739 1784 2766 pro

991 2766 1191 2797 consuetudine
1212 2766 1251 2794 uti
1275 2770 1372 2794 αξιοι-ο
1397 2766 1434 2793 ila
1449 2766 1568 2800 Spiritus
1577 2766 1782 2800 processioncm

991 2804 1026 2832 ad
1042 2804 1150 2831 Patrem
1166 2810 1217 2830 ceu
1234 2801 1268 2829 ad
1278 2801 1395 2836 primam
1414 2808 1524 2829 causam
1536 2801 1673 2829 retulisse.
1690 2801 1782 2830 Inanis

992 2847 1057 2874 ergo
1067 2845 1187 2874 sequeqs
1198 2836 1409 2874 argumentatio.

1025 2871 1081 2911 (96)
1100 2871 1146 2902 Sic
1159 2871 1286 2908 Euthym.
1302 2872 1368 2900 edit.
1381 2871 1500 2900 Vindoh.
1524 2871 1586 2900 cod.
1601 2871 1685 2901 theol.
1696 2871 1754 2909 τῷ.
