1941 3085
140 137 193 168 399
701 134 832 166 PHOTII
847 133 927 164 PAT]

981 133 1098 163 ιΙὶΟΗίΕ
1119 134 1173 163 CP.
1707 130 1761 162 400

88 216 90 219 .
137 191 226 219 llomo
241 190 314 219 enim
337 198 393 218 non
419 189 503 217 mittit
517 189 619 222 Deum,
638 188 774 223 siquidem
790 188 861 215 Deus
881 192 923 215 est

981 194 1017 212 ιον
1030 186 1067 218 ὡς
1083 186 1166 217 Θεός·
1183 185 1327 221 ἄνθρωπος
1341 186 1396 220 γὰρ
1416 186 1447 212 οὺ
1473 185 1578 221 πέμπει
1599 184 1675 218 Θεδν,
1705 187 1761 220 sive

101 243 110 254 λ
138 236 257 272 Spiritus
283 239 401 264 sanctus.
416 233 461 262 Bis
475 233 557 268 igitur
571 233 640 261 dixit
664 242 680 260 α
697 232 778 260 Patre
795 232 823 259 in
841 232 923 267 hujus

981 231 1036 263 Dab:
1050 231 1081 258 τὸ
1097 231 1211 266 Πνεῦμα
1227 231 1258 258 τὸ
1271 230 1360 265 ἅγιον.
1374 231 1421 263 Δὶς
1432 231 1478 258 οὖν
1490 231 1522 257 τὸ
1536 231 1617 265 παρὰ
1631 231 1685 258 τοῦ
1703 233 1764 258 Πα-

138 282 272 310 sermonis
290 280 523 309 conﬁrmationem
539 284 567 307 et
585 284 615 306 ut
637 279 671 307 ad
691 279 830 306 silentium
851 278 924 306 redi—

138 332 213 363 geret
231 335 279 355 eos
303 326 349 362 qui
363 326 461 354 dicturi
484 330 572 358 erant,
588 325 676 360 ipsum
691 333 723 352 ex
737 325 806 352 Filio
817 332 925 360 quoque

138 374 295 409 procedere.
313 373 396 408 quue
411 380 445 399 ex
462 373 588 400 acumine
597 371 792 407 sapientissimi
808 371 925 406 impera-

139 419 205 446 toris
222 419 320 455 [Διειίὶ
341 417 486 453 Comnenil
502 417 620 452 prodiit;
651 417 701 444 hac
713 417 786 443 enim
803 415 926 451 proposi-

138 463 211 490 tione
221 471 286 491 usus
293 469 336 491 est
349 471 411 492 cum
420 468 514 491 contra
526 462 755 490 Mediolanensem
766 461 924 497 episcopum

138 507 298 544 disputaret.

971 277 1040 311 τρὸς
1054 277 1166 313 εἴρηκεν
1182 277 1223 308 εἰς
1249 276 1395 312 βεὸαίωσιν
1410 276 1457 303 τοῦ
1471 276 1593 304 τοιούτου
1620 277 1702 311 λόγου
1716 278 1764 304 καὶ

973 323 1041 358 πρὸς
1059 322 1240 357 ὲπιστόμησιν
1254 322 1308 349 τῶν
1322 321 1473 357 μελλόντων
1483 321 1573 356 λέγειν
1589 322 1632 349 ὅτι
1647 322 1695 349 καὶ
1707 322 1764 357 (9'1)

973 370 1005 396 ὲκ
1024 368 1072 395 τοῦ
1085 368 1151 395 Υἱοῦ
1169 368 1366 404 ἐκπορεύεται·
1381 368 1461 395 τοῦτο
1477 367 1507 394 τὺ
1520 367 1617 404 λῆμμα
1643 368 1692 404 τῆς
1713 369 1764 403 ἁγ-

974 415 1077 451 χινοιας
1090 415 1149 441 ἐστὶ
1177 414 1225 442 τοῦ
1250 415 1436 442 συνετωτάτου
1457 414 1589 450 βασιλέως
1607 414 1674 450 (98)·
1700 415 1763 441 τού-

973 470 1013 497 τῳ
1027 461 1084 496 (99)
1110 460 1165 496 γὰρ
1190 460 1326 496 ἐχρήσατὸ
1341 469 1407 487 ποτε
1423 460 1494 488 κατὰ
1517 460 1565 488 τοῦ
1589 461 1762 489 Μεδιολάνων

976 505 1127 533 ἐπισκόπου
1138 505 1177 540 (I)
1190 505 1390 540 διαλεγόμενος.

683 587 802 615 νΑιίιλΕ
820 585 1019 616 LECTIONES
1034 585 1078 613 ET
1100 584 1216 615 NOTE.

185 667 232 702 9'1)
253 667 300 694 καί
316 667 394 696 deest
406 667 476 702 apud
495 666 623 702 Euthym.

184 700 229 737 98)
254 703 371 735 Ἀλεξίου
386 700 460 730 addit
474 703 535 729 cod.
552 700 636 730 tlteol.
657 700 736 728 Vind.
754 702 797 728 40.

173 736 230 774 (99)
247 738 374 774 Euthym.
389 738 435 766 ed.
450 736 539 764 τοῦτο.

1018 665 1057 701 (l)
1077 664 1175 702 Petrus
1198 665 1406 702 Mediolanensis
1435 675 1496 694 esse
1513 666 1636 699 videtur,
1661 666 1695 694 de
1711 673 1765 702 quo

982 700 1083 728 Baron.
1101 701 1134 728 ad
1148 708 1194 727 an.
1211 700 1288 732 lilii,
1303 702 1384 729 Allat.
1403 702 1442 729 De
1455 710 1570 729 conserta.
1590 702 1605 728 l.
1623 709 1651 733 ll,
1667 709 1692 729 c.
1719 700 1763 734 10,

981 743 1010 762 n.
1025 735 1043 762 2
1061 741 1090 763 et
1103 735 1136 764 ϐ.
1152 734 1186 763 0.
1203 735 1223 763 I.
1241 736 1293 764 5⁵19
1306 742 1334 764 et
1352 737 1379 764 in
1398 737 1523 772 Append.
1539 737 1574 764 ad
1589 737 1729 764 lectorem.

402 919 546 956 121-1231
569 919 609 950 IN
633 917 784 949 LIBRUM
806 917 859 948 DE
881 917 1061 948 SPIRITUS
1084 916 1228 948 SANCTI
1250 917 1514 949 MYSTAGOGIA

194 1016 772 1067 ANIMADVEBSIONES
808 1017 1157 1063 HlSTORICzE
1196 1019 1271 1063 ET
1310 1019 1724 1066 THEOLOGICJE'

384 1167 386 1169 _
433 1138 475 1159 AD
490 1138 600 1161 OPERIS
616 1137 893 1161 ILLUSTRATIONEM
911 1136 1229 1164 REFUTATIONEMQUE
1244 1139 1474 1162 PERTINENTES.

138 1278 160 1308 Ι.
175 1294 210 1300 -
227 1276 316 1305 Photii
330 1277 398 1304 liber
419 1277 561 1304 uniuersim
581 1276 738 1312 expenditur
755 1281 780 1304 et
804 1276 925 1304 illustra-
944 1282 963 1309 Β
980 1277 1087 1312 pondus
1103 1277 1198 1312 paucis
1216 1277 1364 1309 declarare,
1395 1276 1455 1312 ejus
1477 1282 1679 1312 argumentum,
1696 1279 1765 1306 scri-

503 1316 557 1339 tur.

174 1370 199 1397 Ι.
213 1369 288 1397 Inter
302 1368 469 1404 dogmaticas
482 1368 695 1404 disceptationes
711 1373 768 1395 tum
788 1372 926 1396 vetustate

137 1423 169 1443 ac
196 1415 383 1447 diuturnitate,
402 1418 459 1442 tum
487 1415 526 1442 rei
551 1414 684 1450 gravitate
714 1421 747 1441 ac
765 1413 927 1441 difficultate

137 1462 259 1489 omnium
276 1465 428 1497 temporum
441 1460 625 1488 nobilissimas
639 1461 684 1488 vix
697 1460 742 1488 ulli
759 1460 871 1487 inferior
885 1465 928 1488 est

138 1507 326 1537 controversia
338 1508 370 1535 de
384 1506 499 1541 Spiritus
510 1508 596 1534 sancti
610 1508 782 1542 processione,
799 1515 859 1541 qua:
872 1514 926 1533 non

137 1555 211 1589 apud
222 1554 364 1588 theologos
378 1557 483 1580 tantum
495 1554 606 1588 agitata,
619 1561 712 1580 verum
728 1558 756 1580 et
767 1553 926 1588 populorum

139 1599 361 1628 contentionibus
385 1599 484 1626 mirum
504 1599 532 1626 in
548 1599 659 1626 modum
679 1603 787 1632 vexata,
805 1598 927 1634 profanis

138 1652 247 1680 quoque
259 1644 328 1672 odiis
348 1648 375 1672 et
390 1644 507 1679 politicis
524 1644 622 1672 studiis
644 1644 759 1672 solerter
785 1645 849 1673 olim
877 1653 928 1672 nu-

140 1691 202 1717 trita
216 1697 248 1717 ac
257 1693 403 1724 propagata
416 1689 449 1716 ad
463 1689 624 1717 hodiernum
636 1697 723 1725 usque
735 1690 805 1718 diem
818 1690 927 1718 Graecos

139 1743 172 1763 ac
185 1735 295 1763 Latinos
309 1735 414 1768 dividit,
430 1734 488 1762 sive
509 1735 600 1770 potius
614 1735 754 1763 orientalis
770 1735 898 1763 Ecclesiae
912 1743 928 1762 a

140 1781 271 1810 catholica
292 1782 396 1809 unitate
423 1781 602 1816 separationis
619 1789 675 1808 non
699 1789 784 1809 causa
804 1781 927 1816 quidem,

140 1836 206 1856 ansa
223 1823 313 1855 tamen
329 1827 464 1862 praecipua
484 1835 516 1854 ac
537 1831 695 1862 pra-textus,
720 1827 776 1855 imo
790 1835 855 1855 vero
873 1827 928 1854 ful-

140 1881 217 1901 crum
229 1872 427 1900 validissimum
441 1872 778 1908 praesidiumqueexsistit.
796 1872 926 1906 Quamvis

140 1923 232 1946 autem
243 1926 286 1950 ea,
302 1926 362 1953 qum
378 1919 449 1946 circa
474 1917 591 1953 Spiritus
615 1918 702 1946 sancti
726 1919 928 1954 processionem

980 1323 1082 1358 ptionis
1096 1322 1224 1356 indolem,
1247 1322 1378 1357 temporis
1391 1323 1521 1357 adjuncta
1541 1328 1694 1359 caeteraque
1705 1332 1766 1359 qua:

980 1369 1033 1396 huc
1046 1373 1171 1404 spectant
1189 1368 1308 1396 breviter
1323 1368 1459 1403 prosequi,
1475 1368 1552 1402 plura
1579 1368 1669 1396 denuo
1686 1377 1766 1396 aecu-

980 1413 1064 1442 ratins
1078 1413 1273 1450 perpendenda
1289 1413 1366 1440 alteri
1391 1413 1510 1440 uberiori
1528 1413 1562 1441 de
1576 1413 1673 1441 Photio
1686 1414 1764 1442 lucu—

980 1460 1097 1488 brationi
1121 1465 1303 1488 reservantes.
1318 1459 1411 1493 Neque
1433 1467 1498 1486 vero
1518 1459 1598 1487 nobis
1617 1460 1764 1488 universim

980 1506 1162 1534 celeberrima;
1186 1505 1257 1533 illius
1283 1505 1475 1532 controversiae
1502 1505 1645 1533 historiam
1670 1505 1762 1534 advnt-

981 1551 1070 1584 brare,
1084 1558 1173 1586 neque
1188 1551 1247 1585 ejus
1266 1550 1401 1586 dogmatis
1418 1550 1571 1578 uberiorem
1597 1551 1766 1586 explanatio—

980 1605 1042 1624 nem
1057 1597 1162 1625 tradere
1176 1605 1255 1624 mens
1270 1601 1321 1628 est,
1334 1604 1429 1624 verum
1444 1604 1475 1624 ea
1491 1597 1623 1625 duntaxat
1645 1598 1765 1625 historiae

980 1652 1013 1672 ac
1027 1644 1169 1680 theologia:
1182 1643 1303 1671 delibare
1313 1643 1488 1676 documenta,
1502 1651 1562 1678 qua:
1581 1644 1683 1671 arctius
1702 1652 1765 1672 cum

981 1689 1033 1716 hac
1056 1689 1144 1716 Pbotii
1164 1689 1298 1724 polemica
1315 1688 1506 1716 dissertatione
1533 1689 1673 1717 cohaerent
1690 1695 1719 1717 et
1732 1690 1767 1718 ad

981 1734 1069 1769 aptius
1089 1734 1122 1761 de
1134 1734 1177 1761 illa
1191 1733 1369 1769 judicandum
1383 1733 1508 1761 conferre
1517 1733 1582 1768 quid
1592 1741 1624 1760 ac
1636 1733 1767 1769 prodesse

981 1780 1180 1815 quodammodo
1205 1779 1380 1808 videbuntur.
1403 1779 1497 1815 Neque
1516 1779 1544 1807 in
1569 1780 1622 1812 his,
1639 1787 1700 1815 quae
1726 1780 1765 1807 liti

981 1825 1070 1852 adhuc
1083 1829 1197 1860 possunt
1209 1832 1269 1853 esse
1283 1825 1409 1858 obnoxia,
1421 1825 1586 1852 sententiam
1602 1826 1686 1853 veluti
1699 1825 1766 1853 defi-

981 1871 1093 1899 nitivam
1105 1872 1324 1907 pronuntiamus,
1334 1872 1380 1900 sed
1389 1872 1480 1907 potius
1490 1872 1612 1907 quaedam
1623 1881 1767 1908 suggerere

982 1919 1106 1946 volumus
1126 1921 1183 1945 tum
1200 1919 1326 1949 aliorum,
1338 1919 1438 1953 quibus
1449 1918 1584 1953 ejusmodi
1598 1919 1687 1946 studia
1702 1919 1767 1946 arri«

140 1964 258 2000 litesque
271 1964 304 1992 de
315 1972 346 1991 ea
361 1965 470 1992 obertas
484 1965 539 1999 jam
554 1965 663 2000 plurimi
680 1966 855 2000 disputarunt
869 1973 929 1993 eru-
943 1961 964 1990 C
981 1963 1058 1995 dent.
1070 1967 1128 1991 tum
1142 1963 1260 1998 denique
1270 1963 1375 1999 exiguis
1388 1964 1489 1991 nostris
1504 1963 1576 1991 curis
1587 1967 1615 1991 et
1630 1963 1763 1999 indagini-

141 2009 190 2037 diti
207 2009 450 2044 (1"),sullicienter
478 2010 590 2038 omnino
614 2011 774 2046 quaestionis
799 2011 927 2043 indolem,

141 2055 285 2091 originem,
319 2063 548 2090 progressumque
574 2055 742 2091 patefaciant
779 2064 929 2092 eorumque

142 2099 239 2128 studiis
255 2100 394 2128 historicis
404 2109 437 2128 ac
451 2101 611 2136 dogmalicis
625 2110 732 2130 summa
748 2102 807 2129 laus
820 2102 855 2129 sit
875 2102 925 2130 tri-

142 2146 249 2174 buenda
278 2155 285 2174 :
310 2146 354 2174 vix
382 2147 525 2182 quisquam
548 2153 640 2175 tamen
669 2149 818 2184 negaverit,
842 2149 927 2176 multa

142 2192 231 2220 adhuc
245 2191 273 2218 in
294 2191 344 2220 hac
358 2193 470 2219 materia
492 2192 566 2228 [124]
588 2193 814 2228 historiographis
828 2200 925 2227 super-

142 2245 202 2266 esse
221 2237 390 2271 illustranda,
409 2238 540 2266 nonnulla
553 2246 660 2273 quoque
674 2246 743 2265 nova
754 2238 929 2273 inquisitione

142 2283 274 2318 novisque
301 2283 399 2311 studiis
428 2283 560 2319 indigere,
590 2284 741 2318 praesertim
763 2292 826 2311 cum
851 2284 929 2319 plura

141 2329 241 2364 scripta
254 2328 287 2356 ad
296 2336 356 2356 eam
366 2329 531 2364 pertinentia
541 2329 661 2356 nondum
673 2330 807 2364 publicam
817 2337 930 2365 aspexe—

142 2377 198 2404 rint
211 2377 299 2404 lucem
315 2382 342 2403 et
362 2375 484 2410 quaedam
503 2375 574 2402 illius
598 2375 716 2403 historia:
735 2380 826 2411 partes
841 2377 930 2405 adhuc

142 2422 257 2457 caligine
272 2427 300 2449 et
313 2421 478 2449 obscuritate
490 2419 663 2446 detineantur
679 2420 824 2456 hiatusque
836 2429 870 2448 ac
887 2422 930 2449 la-

142 2475 228 2495 cunas
242 2467 303 2502 plus
329 2465 413 2494 semel
437 2465 593 2493 ostendant.
611 2465 670 2499 Qua
681 2463 713 2493 'in
730 2475 759 2494 re
785 2466 874 2495 Photii
892 2467 930 2496 De

143 2512 256 2547 Spiritus
268 2512 353 2539 sancti
373 2512 537 2546 mystagogia
556 2511 624 2538 liber
646 2511 751 2539 fructus
765 2513 843 2540 all'ert
857 2513 928 2540 haud

143 2558 370 2591 contemnendos;
386 2565 498 2591 eosque,
509 2558 554 2592 qui
565 2557 636 2584 illius
648 2557 929 2592 dogmatishistoriam

143 2604 246 2632 iteratis
260 2604 334 2631 curis
347 2604 486 2630 tractaturi
499 2607 590 2637 erunt,
604 2604 712 2640 egregie
734 2612 800 2632 sane
813 2605 927 2639 juvabit.

143 2650 249 2678 Interea
263 2657 312 2677 I'lOS
325 2654 448 2678 nostrum
464 2657 525 2677 esse
540 2657 694 2682 censemus.
710 2656 856 2685 antequam
881 2659 930 2686 per

147 2699 238 2730 partes
249 2695 350 2722 editum
367 2702 440 2722 nunc
456 2694 546 2722 Photii
567 2695 665 2722 librum
693 2695 850 2731 theologica!
866 2697 930 2724 erisi

145 2741 328 2776 subjiciamus,
343 2741 464 2776 ejusdem
487 2742 513 2769 in
531 2749 560 2770 re
575 2742 725 2778 theologica
753 2743 870 2777 pretium
891 2751 924 2771 ac

183 2814 238 2850 (l‘)
246 2815 304 2843 Prae
318 2817 425 2844 caeteris
433 2817 590 2844 nominandi
603 2821 667 2843 sunt
676 2816 730 2843 Leo
738 2816 861 2847 Allatius,
876 2815 928 2844 Pe-

147 2849 245 2883 tavius,
277 2850 379 2879 Natalis
393 2851 557 2886 Alexander,
581 2851 759 2885 Maimbourg,
775 2851 812 2878 Le
825 2851 926 2885 Quien,

978 2010 1030 2037 bus
1039 2010 1129 2037 denuo
1141 2010 1262 2037 rimanda
1273 2015 1300 2037 et
1318 2010 1526 2045 perscrutanda.

1014 2054 1041 2081 2.
1053 2054 1180 2082 Doctrina
1195 2055 1229 2082 de
1246 2055 1365 2090 Spiritus
1381 2055 1467 2082 sancti
1484 2063 1515 2082 ea:
1530 2055 1585 2082 solo
1599 2054 1680 2082 Patre
1700 2063 1765 2090 pro-

980 2101 1115 2133 cessione,
1128 2108 1189 2136 quae
1208 2100 1307 2128 saeculo
1324 2100 1451 2128 Ecclesiae
1470 2105 1579 2136 quarto,
1594 2108 1656 2128 cum
1675 2109 1765 2136 pugna

981 2153 1043 2173 cum
1057 2146 1257 2174 Macedonianis
1270 2146 1398 2180 ferveret,
1409 2147 1531 2174 nondum
1551 2147 1639 2174 fuerat
1660 2147 1764 2179 audita,

982 2193 1060 2227 cujus
1072 2193 1159 2228 prima
1173 2193 1256 2220 veluti
1273 2194 1376 2221 semina
1392 2201 1423 2221 ac
1433 2194 1545 2230 vestigia
1562 2194 1590 2220 in
1602 2193 1765 2221 Nestoriana

982 2238 1101 2273 primum
1130 2239 1324 2271 controversia,
1345 2239 1443 2268 deinde
1463 2240 1490 2267 in
1517 2240 1766 2268 concertationibus

980 2291 1042 2311 cum
1059 2283 1244 2312 Munothelitis
1253 2290 1281 2312 et
1306 2285 1493 2313 lconomachis
1508 2285 1760 2320 deprehenduntur.

980 2329 1106 2358 Photium
1122 2330 1231 2358 demum
1257 2331 1426 2366 praecipuum
1451 2335 1656 2366 propagatorem
1683 2337 1762 2359 nacta

980 2381 1030 2409 est,
1052 2377 1130 2412 cujus
1147 2376 1280 2403 industria
1298 2385 1351 2404 non
1374 2377 1503 2405 suscitata
1525 2381 1645 2410 tantum,
1667 2385 1763 2404 verum

980 2423 1061 2449 etiam
1084 2422 1264 2456 undequaque
1298 2422 1416 2457 expolita
1441 2430 1473 2450 ac
1493 2422 1577 2450 veluti
1599 2423 1627 2450 in
1647 2428 1764 2459 systema

980 2466 1054 2503 [125]
1075 2468 1182 2494 redacta
1198 2467 1324 2497 fuit..Hic
1338 2467 1410 2494 enim
1425 2472 1477 2499 est,
1493 2467 1531 2495 ait
1545 2468 1619 2504 llugo
1633 2468 1764 2495 Etlieria-

980 2520 1032 2539 nus
1046 2512 1103 2548 (lib.
1114 2520 1133 2539 Il
1150 2518 1246 2540 contra
1253 2513 1375 2540 Graece.
1386 2512 1505 2540 l6.Bilzl.
1517 2513 1573 2541 PP.
1585 2514 1763 2549 LnngiXll,

979 2565 1006 2593 p.
1020 2557 1098 2592 1250)
1113 2568 1122 2583 ‹
1137 2558 1183 2592 qui
1196 2558 1459 2593 postTheodoritum
1472 2558 1499 2585 in
1513 2566 1637 2593 aequorea
1650 2564 1756 2594 puteum

979 2603 1087 2631 fodiens
1101 2611 1193 2635 arena,
1207 2611 1261 2631 non
1276 2604 1390 2637 semina,
1406 2604 1454 2631 sed
1469 2604 1583 2631 Circena
1601 2611 1706 2632 venena
1720 2612 1764 2632 se-

980 2649 1107 2684 peliendo
1128 2650 1180 2677 diri
1198 2649 1276 2677 valde
1303 2650 1440 2685 languoris
1462 2649 1526 2677 ﬁdei
1552 2650 1762 2678 christianorum

981 2703 1062 2723 causa
1079 2696 1166 2722 factus
1181 2700 1233 2722 est.
1250 2694 1375 2723 Profecto
1394 2696 1467 2723 hunc
1482 2703 1543 2723 cum
1570 2696 1627 2723 suis
1647 2696 1763 2731 compli-

981 2741 1059 2769 cibus
1085 2741 1207 2776 deplorat
1227 2740 1309 2768 lsaias
1340 2740 1478 2768 dicendo:
1502 2741 1545 2768 γω
1562 2742 1606 2776 qui
1632 2742 1763 2776 sapientes

981 2815 1088 2852 walch.
1105 2814 1194 2852 Jager,
1218 2814 1318 2852 quibus
1342 2814 1497 2852 addendum
1525 2814 1650 2851 Pitzippit
1667 2822 1756 2852 opus:

981 2851 1100 2886 L‘Itglise
1110 2849 1248 2883 orientale,
1259 2849 1344 2878 Rome
1359 2849 1438 2878 I855.
