1941 3085
144 158 191 191 401

486 156 537 187 DE
557 156 587 186 S.
607 155 705 186 SPIR.
726 151 977 184 MYSTAGOGIA.
992 163 1028 169 -
1041 139 1415 180 ANIMADVERSIONES.

1655 143 1657 145 ’
1710 147 1764 179 402

143 219 204 243 sunt
221 214 292 249 apud
317 217 466 247 semetipsos
492 216 517 238 et
547 213 575 238 in
597 210 680 237 oculis
707 210 762 236 suis
787 210 928 243 prudentes

984 217 1044 244 Post
1064 215 1154 242 Photii
1171 214 1287 250 primam
1309 213 1497 249 expulsionem
1519 212 1603 249 (anno
1621 212 1684 248 867)
1708 221 1764 241 non

143 260 211 295 (Ira.
225 268 253 293 v,
269 258 328 294 21),
344 259 391 286 llic
407 258 468 291 fuit,
488 262 517 285 ut
533 257 596 284 Joh.
609 256 704 283 Beccus
717 256 752 289 (s.
767 254 883 288 Veccus)
901 253 929 280 in

143 311 212 334 orat.
225 306 260 333 de
272 313 320 332 un.
336 304 409 332 Eccl.
427 305 463 339 (c.
479 303 524 335 35,
539 303 622 331 Grtrc.
641 302 743 329 orthod.
769 301 850 328 Allat.
865 303 886 327 t.
908 300 929 332 l,

144 360 172 387 p.
201 351 263 386 154)
291 351 389 386 inquit,
410 351 438 377 '0
458 349 566 386 πρῶτος
584 348 699 384 εὑρετὴς
719 347 766 374 καὶ
790 347 930 382 γεννήτωρ

143 398 197 424 τῶν
208 397 277 424 κατὰ
286 397 336 432 τῆς
348 396 506 432 Ῥωμαῖκῆς
522 395 684 430 Ἐκκλησιας
693 393 799 428 ψευδῶς
812 394 930 428 ἐφευρη-

145 444 234 478 μένων
249 442 418 479 προτάσεων.
436 442 575 476 Quantum
589 441 617 468 in
632 441 683 468 hac
696 439 819 468 doctrina
844 438 929 466 stabiv

143 489 233 517 lienda
245 488 419 522 laboraverit,
429 492 528 523 praeter
539 486 782 522 Amphilochianas
797 485 929 520 quasdam

145 536 311 570 quaestiones
330 535 365 562 ad
380 535 451 562 hanc
464 542 520 561 rem
534 533 711 569 pertinentes,
738 537 837 567 praeter
851 539 931 567 argu-

144 585 236 609 menta
254 582 281 609 in
297 581 412 616 epistola
423 580 560 616 encycliea
581 584 721 613 contenta,
737 583 837 615 praeter
847 578 931 605 breve

144 628 307 663 opusculum
334 633 428 655 contra
454 627 548 654 Romae
574 626 675 654 veteris
702 625 834 657 asseclas,
858 623 930 659 quod

144 673 239 700 saltem
256 672 346 700 dubiis
357 672 418 708 ejus
433 671 633 700 accensendum
646 676 689 699 est
707 670 834 705 operibus
859 668 931 704 (vide

144 717 254 747 Praefat.
278 719 424 753 nostram),
440 717 593 746 luculenter
614 716 764 744 ostendunt
793 720 849 742 tum
865 723 931 750 pro-

145 763 207 790 lixae
233 762 332 790 litterte
351 761 385 789 ad
412 761 615 796 Aquileiensem
640 761 872 795 archiepiscopum
892 759 929 794 (2)

145 809 226 841 data,
241 815 309 843 quas
319 807 417 835 librum
430 807 519 842 potius
532 814 593 834 esse
608 806 682 834 haud
704 805 841 833 immerito
856 805 932 832 dixe—

145 855 193 888 ris,
210 859 238 882 et
253 854 299 891 qui
315 853 420 881 exteris
432 852 561 881 omnibus
572 856 692 889 praestat,
708 851 777 879 liber
802 850 839 878 De
849 849 931 886 Spiri-

146 905 188 929 tus
202 901 288 928 sancti
304 900 481 936 mystagogia.

179 947 206 974 5.
227 947 332 974 Invicta
355 945 460 973 Nicolai
485 944 496 972 l
526 944 680 972 constantia
702 943 741 978 (ὅ)
767 950 783 970 a
808 942 931 970 Romana

144 993 208 1021 sede
220 993 344 1028 repulsus
366 997 394 1020 et
412 992 586 1019 anathemate
599 990 741 1026 perculsus
757 988 800 1024 (ϐ.
817 996 843 1016 a.
861 988 931 1024 866)

144 1038 220 1066 misit
234 1037 348 1066 Photius
364 1037 528 1074 encyclicam
544 1044 621 1064 suam
636 1035 758 1063 Orientis
773 1033 911 1070 episcopis
923 1053 931 1066 ,

144 1091 204 1118 quae
218 1087 317 1119 praeter
333 1083 385 1110 alia
401 1083 516 1109 minoris
535 1081 665 1109 momenti
683 1080 788 1108 Latinis
804 1079 932 1115 gravissi-

145 1131 198 1159 mis
218 1131 309 1158 verbis
327 1130 411 1158 veluti
433 1129 617 1164 turpissimam
633 1127 751 1156 haeresin
776 1128 930 1155 doctrinam

144 1176 217 1203 illam
234 1176 432 1211 exprobrabat,
446 1183 498 1210 qua
518 1175 649 1209 Spiritum
664 1178 788 1201 sanctum
803 1181 836 1201 ex
853 1173 932 1201 Patre

145 1220 220 1258 [iis]
231 1222 350 1256 Filioque
362 1222 510 1257 procedere
523 1220 729 1256 proﬁtebantur,
738 1227 852 1254 eamque
864 1227 932 1254 qua-

143 1267 295 1295 tuordecim
302 1267 411 1295 circiter
417 1266 582 1302 argumentis
590 1266 689 1293 acriter
697 1266 932 1302 impugnavit.Sed

144 1314 203 1341 haec
215 1313 305 1341 Photii
321 1317 480 1349 argumenta
497 1318 554 1340 tum
575 1311 795 1339 Occidentalibus
819 1312 931 1340 minime

143 1359 296 1387 innotuisse
313 1359 439 1387 videntur
460 1359 516 1395 (4);
534 1358 644 1386 nonnisi
663 1359 692 1385 in
707 1365 800 1394 genere
818 1365 931 1385 accusa-

143 1405 249 1433 tionum
263 1405 352 1440 capita
366 1405 502 1433 habebant
514 1409 673 1440 perspecta,
696 1404 785 1440 qualia
800 1412 816 1431 a
831 1404 931 1440 Bulga-

144 1459 236 1479 rorum
251 1451 375 1487 principe
391 1451 518 1480 Nicolaus
532 1451 654 1486 pontifex
668 1451 756 1478 fuerat
775 1458 807 1478 ea
823 1451 930 1479 doctus.

144 1495 215 1524 Sane
235 1496 397 1524 Ratramnus
418 1495 591 1524 Corbeiensis
615 1497 767 1524 monachus
783 1500 810 1523 et
829 1495 931 1524 Atneas

980 261 1098 297 amplius
1120 260 1303 288 necessarium
1317 280 1324 291 ,
1353 259 1406 286 imo
1430 258 1590 294 imprudens
1610 259 1763 292 videbatur,

980 307 1088 335 Grzecos
1099 305 1249 334 universim
1261 305 1296 332 de
1305 304 1364 339 ejus
1378 304 1516 332 erroribus
1531 304 1685 340 objurgare,
1697 312 1766 340 quos

980 352 1114 389 lgnatium
1136 351 1230 379 fovere
1253 350 1329 378 nulla
1345 354 1404 377 erat
1419 349 1552 384 suspicio;
1574 357 1663 384 neque
1686 349 1766 385 legati

979 399 1013 426 ad
1025 398 1171 426 concilium
1185 401 1311 424 octavum
1325 395 1400 423 missi
1416 396 1481 431 quid
1496 395 1630 430 ejusmodi
1645 395 1672 422 in
1689 403 1768 423 man—

981 445 1051 473 datis
1066 444 1197 472 habuere.
1213 441 1388 470 Postmodum
1402 449 1468 469 vero
1483 449 1546 468 cum
1559 441 1667 477 lgnatio
1691 449 1766 469 mor-

981 496 1029 519 tuo
1057 490 1172 518 Photlus
1198 489 1294 516 iterum
1325 487 1652 522 Constantinopolitanam
1675 487 1767 515 sedem

981 541 1145 572 occuparet,
1162 543 1225 571 pax,
1239 535 1302 562 licet
1314 541 1369 561 non
1385 533 1525 566 duratura,
1539 532 1615 569 [12η
1634 533 1685 560 fuit
1702 533 1768 561 inita

980 587 1008 611 et
1023 583 1050 610 in
1067 581 1169 618 synodo
1196 581 1246 609 sub
1265 580 1371 608 Joanne
1394 579 1452 607 Vill
1467 587 1493 606 a.
1508 579 1560 607 879
1578 578 1713 606 celebrata
1734 579 1769 606 de

981 629 1025 657 his
1049 632 1195 656 tractatum
1211 627 1295 654 fuisse
1318 626 1394 653 nullo
1416 625 1531 661 vestigio
1544 624 1768 660 deprehenditur.

979 673 1039 702 Non
1057 673 1169 709 ignoro,
1189 672 1260 700 haud
1278 672 1415 704 defuisse,
1441 671 1487 706 qui
1511 670 1670 698 Latinorum
1692 671 1769 698 addi-

979 721 1082 748 tionem
1093 719 1130 747 ibi
1145 718 1304 747 solemniter
1316 717 1481 753 prohibitam
1494 715 1580 744 fuisse
1591 715 1768 749 allirmarint;

980 774 1086 797 verum,
1094 773 1124 793 re
1138 765 1291 793 accuratius
1301 767 1453 799 perspecta,
1467 762 1495 790 id
1506 762 1677 790 defendinon
1690 769 1771 797 posse

980 811 1084 846 liquido
1101 814 1226 841 constat,
1251 813 1281 836 ut
1308 808 1385 836 multi
1405 807 1456 835 viri
1476 807 1548 835 docti
1575 807 1631 842 jam
1656 807 1770 834 demon-

981 860 1114 884 strarunt.
1134 855 1248 883 Photius
1272 854 1330 889 ipse
1346 854 1373 880 in
1390 853 1461 881 libro
1474 857 1570 880 nostro
1587 852 1657 888 (cap.
1676 851 1723 887 89)
1737 858 1771 879 ex

983 903 1034 930 hac
1047 902 1158 938 synodo,
1176 901 1255 935 cujus
1279 901 1339 936 ipse
1359 900 1443 927 veluti
1462 899 1553 926 anima
1570 904 1598 926 et
1616 899 1772 926 moderator

983 947 1133 980 exstiterat,
1146 947 1252 975 nullum
1274 946 1347 974 aliud
1365 954 1414 982 pro
1427 953 1509 973 causa
1527 952 1575 972 sua
1589 944 1677 980 potuit
1690 952 1771 980 argu-

982 998 1105 1021 mentum
1125 993 1268 1029 colligere,
1290 992 1342 1019 nisi
1366 992 1439 1027 quod
1466 991 1580 1019 Joannis
1594 998 1672 1026 papze
1690 990 1771 1025 legati

983 1040 1134 1076 symbolum
1151 1040 1241 1074 prisco
1256 1046 1331 1066 more
1354 1037 1508 1073 receperint
1520 1056 1527 1069 ,
1543 1036 1718 1064 recitaverint
1730 1036 1771 1063 ei-

983 1093 1036 1122 que
1052 1084 1279 1120 subscripserint;
1305 1084 1434 1120 nulloque
1454 1088 1585 1119 praeterea
1602 1088 1676 1110 certo
1690 1090 1772 1118 argu-

983 1137 1076 1160 mento
1097 1135 1223 1162 constat,
1250 1130 1335 1165 ipsam
1362 1134 1427 1157 tunc
1451 1129 1599 1157 Romanam
1623 1128 1771 1156 Ecclesiam

982 1177 1136 1213 symbolum
1151 1178 1310 1205 solemmter
1323 1183 1390 1204 cum
1404 1175 1449 1203 illo
1460 1175 1646 1203 additamenta
1655 1173 1771 1201 recitare

982 1224 1168 1256 consuevisse,
1187 1223 1267 1258 cujus
1281 1227 1373 1250 tamen
1390 1221 1568 1250 additamenti
1584 1228 1694 1248 sensum
1715 1224 1770 1247 tota

983 1275 1074 1298 mente
1091 1270 1315 1305 amplectebatur.
1333 1268 1400 1302 Quae
1414 1268 1529 1296 Photius
1543 1267 1572 1302 (l.
1587 1266 1625 1302 c.)
1641 1266 1675 1294 de
1688 1265 1771 1294 Joan-

982 1324 1017 1344 ne
1039 1316 1100 1344 Vlll
1123 1315 1236 1348 scribit,
1251 1323 1283 1343 ea
1305 1316 1333 1343 in
1359 1314 1472 1342 historia
1495 1320 1590 1341 eorum
1617 1317 1770 1347 temporum

982 1363 1055 1391 haud
1071 1362 1161 1398 exigui
1177 1361 1308 1389 momenti
1324 1365 1405 1394 sunt;
1422 1368 1474 1388 nos
1490 1359 1599 1387 interim
1614 1357 1678 1386 Job.
1693 1357 1772 1385 Βεουί

982 1409 1065 1436 verba
1081 1407 1257 1440 adducemus,
1270 1414 1330 1442 quae
1346 1406 1489 1434 recitatum
1502 1403 1577 1431 hunc
1591 1406 1693 1430 textum
1706 1401 1772 1428 sub-

983 1458 1144 1489 sequuntur.
1162 1462 1172 1479 ‹
1191 1452 1255 1481 Haec
1271 1460 1333 1480 cum
1353 1451 1493 1479 inveniant
1507 1449 1635 1477 Photium
1647 1448 1773 1476 scriben-

984 1505 1038 1529 tem
1062 1501 1090 1528 hi
1113 1500 1276 1535 quibuscum
1303 1498 1383 1526 nobis
1408 1505 1498 1525 sermo
1524 1501 1585 1528 est,
1612 1495 1771 1530 opinantur,

143 1542 258 1570 antistes
270 1542 430 1570 Parisiensis
443 1563 450 1576 ,
472 1543 519 1577 qui
537 1547 602 1570 tunc
623 1547 717 1570 contra
733 1542 843 1570 Graecos
861 1543 930 1570 scri-
945 1550 968 1581 ε
983 1546 1072 1582 ipsum
1086 1545 1243 1573 inimicitias
1253 1552 1314 1572 cum
1329 1550 1396 1579 pace
1407 1546 1601 1573 commutasse,
1612 1541 1684 1576 quod
1695 1543 1774 1574 papa:

144 1595 234 1622 psere,
247 1588 314 1616 illud
326 1596 409 1615 unum
425 1593 569 1621 noverant,
583 1596 644 1624 quae
657 1588 685 1615 in
697 1587 808 1616 Latinos
817 1589 932 1616 crlmina

144 1633 230 1661 Graeci
243 1634 452 1669 congessissent,
466 1634 642 1669 probationes
654 1634 932 1669 ratiocinationesque

144 1677 235 1706 Photii
250 1679 361 1714 penitus
376 1678 538 1713 ignorabant
548 1699 556 1711 ,
581 1686 650 1714 quas
663 1686 753 1714 neque
769 1679 838 1706 alius
859 1679 933 1714 quis-

145 1732 226 1759 quam
243 1724 418 1757 Latinorum,
444 1732 532 1759 neque
548 1725 606 1759 ipse
621 1724 746 1752 Nicolaus
760 1724 868 1752 videtur
883 1731 933 1752 no—

145 1771 219 1799 visse
235 1771 285 1806 (5),
299 1778 333 1798 ex
344 1771 422 1804 cujus
434 1770 556 1805 epistolis
571 1770 609 1797 illi
625 1778 689 1798 suas
706 1770 817 1798 notitias
832 1770 932 1798 hause-

146 1821 218 1844 rant.
243 1816 409 1843 Ratranmns
425 1815 496 1843 inter
514 1816 566 1843 alia
589 1815 685 1843 scribit
707 1815 765 1849 (lib.
789 1823 818 1842 ιιι
835 1814 934 1843 Contra

146 1862 304 1892 Graecorum
323 1863 457 1898 opposita,
472 1869 497 1889 c.
512 1861 545 1895 6;
557 1861 654 1894 MIGNE,
669 1867 690 1888 t.
706 1860 836 1896 CXXl,p.
849 1861 912 1895 505)
925 1870 932 1889 :

149 1919 159 1936 ι
176 1908 245 1936 Cum
260 1909 334 1937 enim
352 1915 451 1943 negare
466 1908 561 1935 volunt
579 1906 694 1942 (Graeci)
712 1906 844 1942 Spiritum
871 1914 934 1934 san—

145 1960 221 1984 ctum
234 1955 268 1982 de
284 1954 352 1982 Filio
370 1953 518 1989 procedere
530 1974 538 1986 ,
554 1953 623 1980 unde
633 1951 702 1988 quod
713 1953 803 1979 dicunt
813 1960 934 1987 compro-

145 2002 221 2037 bent,
246 2001 348 2028 nullam
368 2000 409 2028 vel
429 2001 660 2028 ratiocinationem
683 2000 724 2027 vel
748 2001 934 2027 auctoritatem

145 2049 303 2081 ostendunt,-
318 2047 390 2075 unde
402 2047 492 2083 potius
508 2046 626 2074 levitatis
642 2053 704 2074 esse
716 2050 805 2074 tumor
815 2046 933 2079 videtur,

145 2103 228 2130 quam
244 2094 396 2130 prudentiae
411 2093 538 2129 gravitas.
557 2101 567 2118 ι
583 2092 642 2121 Non
658 2092 747 2127 potuit
759 2099 825 2119 sane
842 2092 877 2119 ita
894 2092 934 2119 lo-

145 2141 208 2177 qui,
233 2141 279 2176 qui
304 2140 395 2168 Photii
419 2139 584 2175 encyclicam
613 2139 699 2174 ipsam
723 2139 835 2173 legerat.
865 2138 936 2166 Hinc

145 2190 269 2222 apertum
286 2191 343 2217 est,
360 2193 409 2212 cur
422 2188 548 2212 accurata
558 2183 754 2211 Pbotianorum
769 2183 936 2219 syllogismo-

145 2239 207 2259 rum
229 2230 379 2259 confutatio
392 2230 427 2258 ab
441 2230 484 2258 his
504 2229 662 2257 auct0ribus
684 2229 779 2258 conﬁci
794 2229 867 2257 haud
884 2237 934 2264 po;
951 2229 972 2256 Ι)

147 2277 245 2309 tuerit;
269 2276 330 2304 illos
342 2277 369 2304 in
385 2276 510 2304 Latinum
524 2282 678 2302 sermonem
697 2275 842 2302 translatos
853 2274 936 2302 fuisse

146 2321 251 2349 nullum
267 2326 310 2349 est
320 2320 474 2356 vestigium.
486 2319 605 2346 Rursum
619 2319 646 2346 in
660 2319 771 2346 Oriente
782 2318 933 2352 Ratramni,

146 2365 242 2394 Encas
257 2365 426 2400 aliorumque
444 2365 506 2392 libri
522 2365 564 2392 vix
579 2364 679 2400 cogniti
694 2364 780 2392 fuisse
797 2364 934 2391 videntur.

183 2455 222 2491 (2)
237 2455 263 2483 ls
279 2455 437 2491 Walpertus
451 2454 675 2491 fuissevidctur,
690 2449 821 2491 adquam
835 2461 881 2491 ep.
901 2453 936 2481 48

145 2489 260 2519 Joannis
281 2489 350 2518 Vlll’
367 2491 461 2525 (Mansi
484 2489 554 2521 Xlll,
572 2491 617 2521 45,
635 2490 680 2525 44)
707 2489 810 2517 directa
844 2489 895 2516 fuit
909 2493 936 2517 et

145 2527 192 2553 cui
212 2525 314 2553 pariter
325 2526 486 2553 inscriptum
499 2531 540 2552 est
556 2525 664 2553 Fraam.
683 2532 727 2553 en.
745 2524 878 2553 Stephani
901 2523 934 2553 V.

145 2534 192 2554 cui
212 2532 314 2561 pariter
325 2532 486 2560 inscriptum
499 2532 540 2552 est
556 2532 664 2560 rragm.
683 2532 878 2587 epfbtepnam
906 2532 934 2556 ν,

146 2570 173 2602 az
190 2562 238 2589 89l
268 2560 411 2602 (Excutiat.
426 2559 577 2602 ρΧξςῐΧηι)
729 2560 824 2602 ldentis
836 2558 936 2587 Runets

145 2597 263 2625 Monum.
274 2594 353 2623 Eccl.
367 2595 457 2629 Aquit.
476 2594 571 2622 Venet.
592 2595 673 2627 1740,
687 2603 714 2630 p.
731 2594 794 2622 448.

183 2632 223 2666 (5)
239 2631 345 2658 Saeculo
361 2630 454 2666 elapso
468 2630 608 2666 Nicolaum
618 2652 626 2663 ,
647 2635 678 2658 ut.
691 2629 761 2657 alios
775 2629 934 2666 pontiﬁces,
954 2639 957 2643 ·

146 2665 203 2694 non
217 2666 305 2693 solum
321 2665 463 2694 acatholici
479 2665 626 2700 scriptores
636 2685 642 2696 ,
659 2673 752 2692 verum
769 2670 798 2692 et
812 2665 936 2692 nonnulli

146 2702 219 2729 male
235 2700 358 2736 dispositi
373 2700 514 2736 catholici,
528 2699 599 2728 inter
612 2707 681 2735 quos
698 2700 852 2736 Fontaniusr
863 2699 936 2736 (Dis-

146 2742 211 2764 sert.
238 2734 372 2764 de‘Phot.
395 2736 420 2762 in
445 2735 512 2763 Non.
537 2734 717 2762 erudﬁdelic.
740 2735 795 2763 vol.
828 2734 875 2770 ι),
906 2735 934 2762 in

147 2772 245 2806 agendi
270 2771 375 2799 ratione
397 2775 491 2798 contra
514 2770 641 2798 Photium
666 2771 766 2805 injuste
783 2771 936 2805 vituperare

148 2807 321 2842 adamabant.
337 2806 433 2842 Longe
447 2808 551 2842 rectius
571 2807 621 2834 hac
636 2806 673 2842 inr
683 2813 717 2842 rei
730 2806 863 2842 judicavit
877 2813 935 2842 sa;-

149 2841 211 2869 culo
223 2847 318 2869 nostro
334 2840 458 2868 Nean‘der
474 2841 502 2869 in
526 2841 597 2870 Hist.
620 2841 683 2869 εδει.
707 2841 717 2877 (
727 2845 747 2869 t.
767 2840 812 2874 IV,
827 2849 855 2876 p.
870 2840 933 2873 607,

150 2881 270 2909 praesen.
287 2884 315 2904 n.
331 2877 348 2904 5
362 2881 389 2905 et
404 2876 492 2912 alias).

981 1592 1096 1620 Joannis
1110 1592 1148 1627 pii
1166 1591 1256 1619 locum
1276 1594 1403 1618 tenentes
1422 1590 1525 1624 absque
1544 1587 1690 1619 additienc,
1701 1585 1774 1621 quod

982 1638 1054 1674 apud
1071 1646 1121 1666 nos
1138 1637 1237 1673 legitur
1257 1635 1410 1672 symbolum
1431 1633 1643 1669 subscripserint
1660 1637 1687 1659 et
1699 1632 1774 1659 clusi-

983 1684 1126 1719 gnaverint
1143 1683 1192 1718 (6).
1216 1681 1275 1710 Hoc
1297 1688 1363 1710 vero
1384 1687 1466 1708 nemo
1480 1688 1514 1707 ex
1533 1679 1576 1711 iis,
1591 1678 1637 1713 qui
1652 1677 1686 1705 ad
1704 1677 1774 1704 bene

984 1729 1191 1765 conjectandum
1213 1727 1304 1756 idonei
1329 1731 1415 1760 sunt,
1433 1726 1513 1753 facile
1529 1725 1580 1752 sibi
1605 1723 1774 1751 credendum

983 1775 1174 1811 proposuerit,
1191 1781 1252 1802 cum
1272 1780 1354 1809 neque
1368 1771 1519 1807 dagmatica
1544 1770 1601 1797 ulla
1620 1770 1730 1805 qua-uio
1746 1770 1775 1796 in

984 1829 1015 1848 ea
1033 1821 1147 1856 synodo,
1170 1827 1231 1855 qua:
1247 1827 1297 1854 pro
1310 1826 1377 1854 pace
1390 1817 1536 1845 sancienda
1551 1821 1645 1844 coacta
1666 1815 1773 1846 fuerat,

983 1867 1133 1902 reperiatur
1147 1870 1236 1899 mota;
1250 1865 1298 1893 sed
1310 1872 1382 1892 vene
1394 1871 1484 1892 causae
1496 1863 1562 1890 illud
1575 1866 1634 1890 erat
1651 1861 1774 1889 occulta—

985 1913 1033 1945 tio,
1049 1912 1199 1940 secundum
1213 1919 1293 1947 quam
1301 1918 1364 1938 cum
1376 1910 1504 1937 universa
1518 1909 1639 1936 Romana
1651 1907 1775 1935 Ecclesia

984 1960 1135 1988 simultates
1161 1966 1193 1986 ac
1217 1957 1368 1985 inimicitiae
1396 1955 1494 1983 Photio
1521 1959 1624 1982 exortae
1655 1953 1774 1981 fuerant.

984 2003 1053 2033 Cum
1071 2003 1142 2031 enim
1160 2006 1310 2035 vereretur,
1333 2007 1369 2028 ne
1384 1999 1506 2028 omnium
1534 1998 1776 2034 reprehensionem

985 2050 1147 2082 incurreret,
1165 2048 1248 2084 quod,
1270 2055 1333 2076 cum
1351 2054 1420 2083 papa
1435 2045 1564 2074 Nicolaus
1576 2052 1639 2073 eum
1654 2052 1710 2072 non
1728 2044 1776 2071 ad-

985 2097 1116 2129 mitteret,
1136 2094 1215 2132 [128]
1237 2094 1387 2121 Romanam
1410 2092 1564 2120 Ecclesium
1578 2090 1776 2119 universamln

985 2142 1159 2171 Divinitatem
1186 2140 1333 2175 injuriam,
1357 2138 1470 2174 impiam
1493 2142 1522 2165 et
1546 2138 1636 2173 legum
1659 2137 1776 2164 maxime

985 2187 1232 2225 praevaricatriccm
1248 2190 1435 2221 nuncuparet;
1452 2188 1480 2212 et
1493 2191 1555 2211 cum
1573 2191 1642 2218 papa
1655 2182 1775 2210 Joannes

987 2236 1046 2270 ejus
1059 2235 1086 2262 in
1104 2234 1311 2270 patriarchalem
1333 2234 1459 2261 thronum
1476 2229 1642 2259 restitutioni
1657 2237 1775 2257 consen-

986 2288 1047 2308 sum
1060 2280 1231 2316 praebuisset,
1242 2279 1367 2307 eamdem
1379 2282 1501 2307 sanctam
1516 2281 1544 2305 et
1566 2276 1677 2311 pietatis
1689 2275 1774 2310 magi-

986 2331 1070 2354 stram
1084 2326 1258 2362 praedicaret;
1278 2333 1327 2361 pro
1341 2332 1408 2361 pace
1422 2331 1484 2351 cum
1495 2322 1601 2350 Joanne
1616 2322 1684 2348 inita
1696 2320 1775 2356 quasi

986 2371 1137 2407 apologiam
1166 2375 1314 2399 contexens
1329 2390 1338 2403 ,
1369 2378 1418 2406 per
1441 2376 1506 2397 suos
1535 2368 1626 2395 locum
1648 2370 1774 2394 tenentes

1021 2458 1061 2494 (4)
1076 2458 1162 2495 Aliter
1173 2458 1326 2495 Walchium
1339 2457 1588 2495 (Histneontrgtn‘de
1596 2462 1668 2495 prae.
1679 2453 1773 2489 Spirit.

985 2490 1071 2522 rauci.
1091 2494 1172 2527 lenae,
1194 2494 1274 2527 1751,
1297 2501 1322 2521 c.
1343 2490 1401 2529 ’ζῇ
1416 2492 1443 2526 6,
1459 2500 1487 2528 p.
1502 2492 1555 2526 55)
1570 2490 1701 2519 statuisse
1723 2496 1773 2524 ap-

1006 2533 1073 2557 aret.

986 2537 1118 2599 Niger.
1134 2564 1273 2592 Hincmar.
1295 2563 1376 2592 Rem.
1402 2562 1547 2599 epistqdl,
1563 2567 1585 2590 t.
1602 2561 1622 2588 ll
1634 2581 1642 2594 ,
1656 2572 1684 2599 p.
1701 2563 1754 2591 809
1765 2585 1773 2597 ,

986 2598 1032 2627 ed;
1054 2599 1146 2626 Baluz.
1160 2599 1247 2627 Nico].
1265 2599 1287 2632 1,
1302 2607 1347 2634 ep.
1362 2599 1398 2627 70
1416 2598 1451 2626 ad
1467 2598 1604 2626 Hincmar.
1619 2598 1665 2626 ed.
1676 2599 1772 2632 Missa,

986 2635 1065 2670 epist.
1082 2635 1144 2670 152,
1160 2639 1179 2662 t.
1195 2634 1289 2667 ωαχ,
1307 2634 1378 2662 use
1387 2642 1446 2670 seq.

1021 2669 1060 2704 (6)
1082 2669 1143 2696 Lib.
1159 2677 1199 2701 ιιι,
1212 2670 1246 2697 ad
1258 2670 1363 2697 Theod.
1374 2677 1401 2698 c.
1415 2667 1435 2698 4
1448 2668 1507 2704 (Gr.
1520 2668 1587 2696 ortli.
1600 2668 1631 2700 ll,
1644 2676 1675 2704 p.
1688 2667 1750 2704 I59)
1765 2678 1772 2695 :

987 2705 1095 2740 Οζονται
1110 2704 1160 2739 τῆς
1177 2704 1277 2739 ἔχθρας
1301 2705 1352 2740 τὴν
1373 2703 1487 2740 εἰρήνην
1510 2704 1591 2740 «om
1612 2703 1771 2740 ἁπᾳλλάξα-

988 2739 1059 2771 σθαι,
1075 2739 1106 2766 τὸ
1123 2738 1168 2766 διὰ
1187 2738 1252 2771 eoi);
1267 2740 1314 2767 τοῦ
1329 2738 1411 2767 ἶπάπὰ.
1428 2738 1557 2767 "laidon
1575 2738 1711 2770 θεοσεϐεῖς
1726 2747 1773 2764 το-

987 2775 1144 2810 ποτηρητὰς
1163 2775 1193 2810 τὸ
1207 2775 1269 2810 δίχα
1282 2776 1332 2810 τῆς
1347 2775 1506 2810 προσθήκης
1518 2773 1775 2810 ἀναγιγῳσκόμενον

985 2808 1133 2845 παρ’”ήμίν
1149 2809 1199 2845 τῆς
1219 2808 1337 2843 πίστεώς
1353 2808 1489 2847 σῦμὸὡοῦ
1502 2808 1658 2845 ὑπογράψαι
1678 2816 1709 2836 τι
1726 2809 1774 2836 καὶ

986 2844 1252 2881 ἐπισφραγίσασθαι.
