1941 3085
153 130 207 162 405

503 131 552 161 DE
570 132 604 162 S.
624 132 721 162 SPIR.
739 131 991 162 MYSTAGOGIA.
1005 143 1039 168 --7
1054 110 1426 163 ANIMADVERSIONES.

1717 129 1772 161 406

153 186 222 214 liber
235 190 328 214 noster
347 190 445 222 pmter
460 186 532 215 hane
553 188 729 215 scribentium
753 189 938 223 li-brorutnque
952 189 977 218 Α
990 187 1152 215 innotuisse.
1168 187 1236 215 Cum
1251 195 1316 215 vero
1332 187 1467 215 Adrianus
1480 192 1574 213 mense
1588 185 1657 213 Maio
1676 193 1700 212 a.
1718 185 1770 212 885

153 233 342 268 αἰχμαλωσίαν
353 234 478 269 nuspiam
493 234 613 262 ostendit
625 240 765 263 auctorem
782 235 878 263 exsilio
895 240 937 262 at-

152 285 206 312 que
223 285 341 306 maerore
356 278 481 306 allectum
494 299 501 311 ,
518 279 573 307 imo
586 279 614 306 in
625 279 687 314 ipso
698 280 810 308 exordio
826 279 896 316 (cap.
910 280 938 315 l)

153 331 286 359 prospera
306 328 428 359 tempora
449 325 501 352 sibi
523 333 539 352 a
562 325 738 354 Providentia
752 334 881 354 concessa
899 327 938 353 vi—

152 369 235 397 detur
256 369 405 398 insinuare.
431 371 528 399 Dicere
550 372 611 407 quis
631 378 724 407 posset
739 373 864 400 Photium
887 373 938 400 ista

153 414 296 450 scripsisse
319 416 362 443 vel
383 417 525 452 scriptioni
548 418 630 446 ﬁnem
648 419 809 454 imposuisse
829 427 844 446 a
868 419 938 446 Leo-

153 468 190 488 ne
211 460 242 487 γι
261 461 344 496 gradu
368 466 488 496 motum,
511 464 633 491 nondum
658 468 749 492 tamen
769 465 936 500 judicatum,

153 506 269 542 ideoque
292 508 320 535 in
342 509 508 537 monasterio
529 511 587 537 otio
608 510 761 541 fruentem.
778 519 827 546 spe
847 516 938 539 tamen

153 551 279 580 vincendi
301 553 518 582 adversariorum
542 561 656 584 conatus
681 557 770 584 adhuc
793 557 937 592 repletum.

152 596 247 631 Neque
264 597 317 625 hoc
331 598 460 632 ofﬁceret,
477 600 549 635 quod
564 600 590 628 in
607 601 667 628 cod.
681 601 806 629 Column.
826 602 939 629 Photius

152 647 240 669 semet
252 642 432 677 patriarcham
440 645 558 679 appellat
567 645 595 672 in
610 645 809 680 inscriptione;
821 653 851 673 se
865 646 938 673 enim

153 694 272 722 semper,
289 689 373 717 etiam
390 689 419 717 in
437 690 523 725 priori
546 691 643 720 exsilio
655 712 662 725 ,
678 692 828 728 legitimum
843 692 939 720 habuit

153 733 337 767 patriarcham
358 739 386 762 et
411 735 450 763 de-
463 735 525 771 jure
548 744 626 765 novae
652 737 744 765 Romae
768 737 937 773 episcopum.

154 778 224 811 Quid
239 779 330 814 itaque
343 780 508 808 dicendum?
526 781 562 810 At
576 789 620 810 res
634 782 701 810 tanti
716 790 771 810 non
788 790 848 810 esse
863 782 938 810 vide-

154 828 206 852 tur.
222 824 252 852 ln
268 825 351 860 priori
363 827 458 854 exsilio
473 827 640 862 amplissima
655 828 785 855 librorum
801 828 936 860 collectio,

153 878 234 905 quam
258 871 310 899 sibi
334 871 448 900 Pbotius
461 877 685 908 comparaverat,
708 873 814 909 direpta
833 873 938 901 discer-
954 864 975 891 Β

153 921 255 952 ptaque
280 917 348 950 fuit;
382 918 443 946 libri
479 918 594 946 fortasse
622 918 749 946 restituto
776 919 939 954 patriarchae

153 962 251 990 redditi
284 971 424 999 nunquam
453 964 545 998 fuere;
581 972 764 992 amanuenses
801 973 866 992 vero
911 970 939 993 et

154 1007 348 1044 tachygraphi,
377 1017 445 1044 quos
480 1013 560 1037 antea
585 1010 614 1037 in
637 1015 767 1045 promptu
790 1010 938 1042 habuerat,

153 1053 293 1081 nescimus
307 1062 438 1089 quocasu
450 1059 549 1090 praesto
570 1063 627 1082 non
648 1056 765 1090 amplius
789 1061 877 1088 erant,
904 1055 940 1083 ob

152 1099 335 1134 suspicionem
352 1099 466 1128 fortasse
490 1101 628 1136 politicam
643 1102 760 1129 detenti.
771 1100 871 1129 Verum
888 1101 941 1129 hoc

152 1145 277 1173 fortassis
293 1154 350 1173 non
371 1147 480 1181 penitus
504 1148 634 1175 omnibus
656 1147 798 1175 satisfacit.
821 1147 892 1180 Quid
918 1147 940 1175 si

152 1190 261 1218 dicatur
277 1191 404 1219 Photium
421 1192 604 1222 Providentiae
624 1201 688 1229 erga
704 1201 733 1222 se
744 1193 939 1228 benignitatem

155 1236 184 1264 in
196 1237 249 1264 hoc
262 1238 426 1272 reposuisse,
437 1238 522 1273 quod,
537 1239 637 1266 amotis
648 1239 732 1272 curis,
747 1239 831 1266 libere
843 1239 940 1266 studiis

154 1283 212 1310 suis
231 1291 327 1311 vacare
346 1289 454 1319 posset,
474 1285 517 1312 vel
533 1293 602 1320 opus
622 1285 700 1321 prius
722 1293 737 1312 a
753 1293 783 1312 se
802 1285 939 1320 inceptum

152 1335 227 1356 anno
235 1329 286 1357 886
294 1329 374 1357 initio
381 1330 468 1358 exsilii
481 1331 641 1366 posterioris
648 1330 807 1363 absolvisse,
820 1331 846 1358 in
859 1338 940 1366 quem

153 1382 255 1402 annum
270 1375 399 1410 pleraque
414 1376 601 1411 quadrarent?
617 1376 717 1404 Verum
733 1382 795 1405 utut
807 1378 844 1406 sit
855 1399 862 1411 ,
884 1385 942 1405 ma-

153 1420 200 1447 lim
218 1429 268 1457 ego
287 1422 424 1456 integrum
443 1423 542 1450 librum
563 1428 677 1458 putare,
697 1432 778 1459 quam
801 1425 835 1452 ad
856 1425 941 1460 hypo-

153 1465 247 1494 theses
259 1467 416 1502 confugere,
429 1468 523 1503 quales
538 1469 565 1495 in
581 1469 717 1497 similibus
728 1470 811 1497 rebus
822 1471 940 1506 conﬁngi

153 1511 315 1546 plerumque
328 1511 416 1539 solent
427 1531 434 1544 ,
452 1513 645 1548 interpolatum
667 1521 728 1542 esse
747 1522 817 1550 opus
835 1520 863 1543 et
888 1516 940 1544 alia

154 1557 290 1592 posterius
305 1558 395 1585 addita
416 1558 450 1586 iis
467 1566 528 1594 quas
551 1559 579 1586 in
598 1555 680 1594 priori
710 1560 829 1589 editione
855 1561 940 1590 habe-

153 1603 263 1630 bantur.
277 1602 405 1631 Attamen
424 1612 479 1631 non
495 1612 564 1640 nego
575 1609 604 1632 et
629 1605 694 1633 illud
710 1606 850 1641 probabile
861 1615 940 1642 esse,

156 1647 282 1675 Photinm
300 1648 389 1683 ipsum
406 1657 475 1684 opus
493 1657 550 1677 non
572 1657 627 1677 uno
643 1651 794 1686 eodemque
818 1655 941 1687 tempore

153 1692 328 1720 continenter
356 1694 518 1730 scripsisse,
543 1695 591 1723 sed
614 1696 641 1723 in
664 1696 725 1723 aliis
747 1704 838 1724 rerum
864 1696 940 1734 [152]

153 1737 291 1772 adiunctis
306 1738 358 1765 alia
374 1739 518 1767 addidisse.
536 1740 578 1767 En
594 1748 692 1768 rursus
708 1741 825 1769 fontium
847 1742 939 1778 inopia

153 1787 230 1810 certo
247 1791 305 1810 rem
320 1783 425 1811 deﬁniri
447 1793 502 1812 non
518 1785 594 1813 sinit.
614 1786 706 1814 Donec
727 1787 846 1815 ﬁrmiora
861 1796 942 1824 repe-

154 1828 270 1861 riantur,
285 1829 350 1863 quid
367 1829 419 1857 sibi
433 1830 602 1865 probabilius
615 1831 733 1864 videtur,
747 1832 829 1868 eligat
845 1833 941 1862 lector.

155 1873 258 1900 Eodem
270 1878 392 1908 tempore
404 1874 447 1902 vel
463 1875 554 1909 potius
567 1876 648 1910 paulo
661 1881 724 1904 ante
740 1877 841 1912 scripta
856 1878 941 1907 fuisse

154 1917 263 1945 videtur
283 1918 396 1952 epistola
414 1918 448 1946 ad
462 1918 664 1953 Aquileiensem
687 1919 941 1956 archiepiscopum,

154 1964 182 1990 in
198 1971 250 1998 qua
266 1963 381 1991 Joannis
394 1963 465 1996 Vill,
476 1964 532 1999 jam
547 1963 681 1997 defuncti,
697 1972 752 1992 non
768 1973 834 1993 vero
847 1966 942 1994 Adria-

153 2009 183 2037 ni
193 2009 228 2036 lll
237 2009 266 2037 ﬁt
274 2009 377 2037 mentio
389 2009 468 2044 (Vide
478 2013 536 2037 not.
551 2009 586 2036 85
598 2010 631 2036 ad
647 2018 707 2045 cap.
723 2010 778 2046 89).
791 2010 942 2047 Utrumque

154 2063 219 2090 ergo
234 2062 302 2090 opus
323 2055 357 2082 ad
371 2055 466 2082 ultima
492 2060 614 2090 tempora
634 2056 840 2091 patriarchatus
849 2057 941 2086 Photii

154 2105 270 2136 spectat.
290 2100 317 2128 Id
333 2101 502 2136 exploratum
520 2105 578 2135 est;
593 2101 699 2137 reliqua
719 2110 785 2131 vero
801 2104 941 2139 coniectu-

155 2146 194 2174 ris
210 2154 336 2181 campum
349 2147 484 2181 aperiunt.

990 234 1133 262 defunctus
1146 235 1180 262 sit
1194 234 1273 269 idque
1288 234 1401 261 Photius
1416 232 1589 268 probabiliter
1600 232 1710 259 nonnisi
1723 231 1770 258 ali-

988 285 1054 315 quot
1074 280 1173 315 elapsis
1195 280 1335 307 mensihus
1352 278 1494 310 didicerit,
1508 278 1587 305 facile
1610 277 1643 304 ad
1669 283 1772 304 annum

988 326 1039 354 886
1064 326 1233 358 deducimur,
1255 333 1309 360 quo
1330 325 1429 352 Basilio
1452 324 1598 352 Macedone
1621 323 1772 350 decedente

987 380 1020 400 ac
1034 371 1125 399 Leone
1134 372 1192 407 ejus
1204 372 1258 398 ﬁlio
1273 371 1379 406 imperii
1389 371 1509 398 habenas
1522 374 1688 400 assumcntc,
1703 368 1772 395 Pho-

988 417 1018 445 tii
1039 425 1083 444 res
1106 425 1200 444 rursus
1220 417 1334 444 turbata:
1350 421 1423 444 sunt.
1440 415 1576 443 Prteterea
1599 414 1710 450 Adriani
1737 413 1772 440 ιιι

989 463 1144 498 synodicam
1159 471 1214 490 non
1229 467 1259 489 ut
1276 469 1363 496 nuper
1376 469 1408 488 ac
1428 461 1509 496 paulo
1522 465 1584 487 ante
1598 459 1649 487 sibi
1662 460 1771 486 missam

988 509 1085 544 allegat
1099 508 1212 536 Photius
1221 516 1232 541 ξ
1247 508 1282 535 ab
1300 515 1330 534 ea
1350 507 1431 534 missa
1446 507 1480 533 ad
1501 511 1617 540 tempus,
1633 513 1686 540 quo
1699 504 1773 531 Pho-

989 555 1044 582 tius
1057 554 1109 582 ista
1130 554 1254 588 scripsit,
1277 553 1447 580 intervallum
1472 551 1600 586 temporis
1619 550 1690 578 haud
1705 550 1773 576 adeo

988 601 1072 628 breve
1095 599 1267 636 cogitandum
1291 599 1408 626 videtur.
1440 598 1522 633 igitur
1541 597 1583 624 vel
1600 596 1714 624 Photius
1740 603 1773 622 eo

989 651 1143 679 momento,
1161 654 1214 681 quo
1232 645 1276 673 illa
1298 645 1395 672 litteris
1410 643 1579 679 consignavit
1591 663 1598 675 ,
1612 643 1667 678 jam
1690 650 1705 669 e
1726 649 1772 669 ca-

990 693 1087 721 thedra
1101 693 1225 720 turbatus
1242 696 1302 720 erat
1315 691 1359 719 vel
1374 691 1470 718 saltem
1494 689 1627 725 ejusmodi
1641 692 1772 716 catastro-

989 740 1044 775 phe
1057 747 1112 766 non
1124 739 1171 766 diu
1185 742 1244 774 post
1254 738 1400 765 subsecuta
1411 741 1462 764 est.
1479 735 1506 763 Si
1522 736 1597 771 prius
1610 734 1772 764 admittitur,

990 785 1118 813 facillime
1139 784 1289 820 explicatur
1310 782 1487 819 αἱχμιιλωσία
1511 781 1622 816 βιϐλίων
1641 780 1688 806 καὶ
1707 779 1773 805 ὑπο-

989 830 1127 866 γράφεων,
1144 830 1178 857 de
1192 837 1244 865 qua
1255 829 1374 863 loquitur
1389 832 1416 855 et
1430 827 1517 854 solum
1535 825 1678 854 dilIicultas
1693 828 1734 852 est
1747 824 1773 850 in

991 877 1027 905 iis
1049 884 1110 912 quae
1122 884 1155 903 ex
1170 883 1230 911 cap.
1249 876 1262 902 l
1280 874 1452 910 colliguntur.
1471 872 1534 900 Haec
1553 879 1618 899 vero
1639 871 1706 898 solvi
1725 877 1776 904 po-

992 927 1045 950 test
1067 922 1110 949 vel
1131 929 1164 949 ex
1192 921 1225 949 iis
1245 929 1306 956 quae
1341 920 1439 948 ibidem
1464 917 1553 954 [135]
1582 921 1610 944 et
1636 917 1664 944 in
1695 916 1774 944 Prrel'.

989 972 1130 1000 notantur,
1147 967 1189 995 vel
1203 975 1237 994 ex
1251 966 1330 994 allata
1351 973 1433 1001 supra
1456 965 1601 992 verborum
1616 964 1670 990 huc
1690 963 1776 997 perti-

990 1013 1114 1041 nentium
1131 1013 1320 1048 explicatione.
1332 1013 1387 1040 lmo
1402 1017 1457 1040 tota
1472 1011 1610 1039 evanescit
1621 1010 1774 1041 difﬁcultas,

992 1060 1014 1087 si
1029 1059 1145 1087 incisum
1160 1059 1226 1087 illud
1236 1059 1285 1093 τῆς
1300 1059 1374 1090 θείας
1387 1058 1514 1094 προνοίας
1528 1058 1592 1092 εὑμ.
1607 1057 1633 1092 ή.
1650 1057 1692 1092 ὀρ.
1708 1063 1774 1088 non,

992 1105 1030 1132 uti
1045 1105 1131 1140 prima
1147 1105 1235 1132 fronte
1250 1105 1402 1136 videbatur,
1415 1104 1449 1131 ad
1463 1103 1644 1131 conditionem
1659 1106 1775 1129 statqu-

991 1157 1044 1185 que
1058 1150 1177 1177 auctoris
1192 1149 1317 1181 refertur,
1335 1149 1410 1183 quasi
1426 1149 1514 1180 dicat,
1532 1155 1561 1175 se
1577 1147 1636 1175 ideo
1652 1146 1776 1182 petitioni

992 1196 1161 1228 satisfacere,
1195 1196 1256 1231 quia
1288 1195 1404 1230 benigne
1431 1194 1601 1229 providentia
1625 1193 1676 1220 sibi
1702 1201 1776 1220 nunc

992 1241 1137 1277 prospiciat
1149 1260 1156 1273 ,
1179 1241 1226 1268 sed
1248 1248 1281 1268 eo
1297 1240 1417 1274 legitimo
1433 1247 1514 1266 sensu
1533 1239 1697 1272 exponitur:
1721 1237 1778 1263 Deo

991 1286 1103 1322 propitio
1123 1294 1178 1313 non
1202 1285 1312 1320 indigna
1338 1290 1385 1312 tuo
1404 1285 1432 1311 in
1457 1283 1540 1310 Deum
1564 1289 1656 1309 amore
1676 1286 1776 1316 tuoque

991 1331 1127 1359 desiderio
1144 1330 1226 1365 hujus
1240 1330 1279 1357 rei
1295 1330 1341 1358 ﬁet
1355 1329 1511 1361 exsecutio;
1525 1328 1582 1355 sive
1595 1337 1601 1355 :
1618 1327 1665 1354 Dei
1687 1327 1774 1362 provi-

992 1377 1083 1404 dentia
1097 1380 1236 1403 annuente
1252 1383 1309 1402 rem
1331 1381 1510 1410 exsequemur
1524 1377 1552 1400 et
1572 1373 1607 1400 ad
1630 1372 1776 1399 terminum

991 1422 1187 1458 perducemus.
1215 1422 1279 1450 vel:
1304 1421 1327 1448 si
1347 1421 1464 1455 benigne
1490 1427 1541 1446 nos
1564 1418 1674 1454 respicit
1693 1418 1776 1445 Deus.

991 1467 1051 1496 Non
1065 1468 1219 1501 causaliter,
1235 1467 1282 1495 sed
1297 1465 1507 1494 conditionaliter
1523 1465 1656 1502 genitivus
1669 1463 1777 1491 absolu-

993 1520 1037 1544 tus
1048 1515 1232 1551 accipiendus,
1244 1519 1271 1543 et
1283 1514 1350 1542 nihil
1361 1518 1403 1542 est
1412 1513 1483 1549 quod
1495 1521 1545 1541 nos
1556 1517 1634 1548 cogat
1645 1511 1776 1540 reddere:

991 1562 1053 1596 quia
1061 1561 1103 1589 vel
1111 1569 1180 1589 cum.
1192 1561 1269 1601 Quod
1279 1561 1301 1588 si
1314 1568 1378 1588 vero
1389 1565 1453 1588 ante
1465 1559 1642 1595 posteriorem
1653 1566 1668 1585 c
1677 1558 1779 1588 throno

990 1607 1178 1642 depulsionem
1203 1607 1285 1635 ﬁnem
1310 1607 1380 1634 libro
1396 1607 1545 1641 imposuit,
1568 1606 1696 1640 adjuncta
1714 1604 1779 1632 talia

991 1652 1069 1680 facile
1083 1652 1196 1688 cogitari
1212 1657 1345 1688 possunt,
1363 1652 1390 1679 in
1405 1652 1502 1686 quibus
1514 1651 1656 1686 deplorare
1672 1655 1779 1685 poterat

991 1698 1168 1726 scribentium
1184 1698 1369 1733 librorumque
1384 1697 1518 1725 defectum
1533 1717 1540 1729 ,
1558 1701 1588 1724 ut
1601 1697 1628 1723 in
1654 1696 1779 1731 superius

991 1743 1071 1770 dictis
1099 1742 1178 1769 allata
1199 1746 1273 1769 sunt.
1303 1741 1362 1768 lam
1390 1741 1488 1769 Basilio
1512 1745 1662 1776 aegrotante
1690 1740 1778 1775 potuit

993 1787 1106 1815 Photius
1130 1787 1270 1814 adversam
1294 1785 1429 1813 fortunam
1454 1786 1594 1820 experiri;
1621 1793 1778 1820 quanquam

991 1841 1046 1860 non
1061 1841 1130 1868 opus
1146 1836 1188 1859 est
1202 1832 1235 1860 ad
1251 1832 1310 1860 haec
1324 1839 1474 1863 recurrere,
1489 1831 1584 1858 saltem
1602 1831 1635 1857 iis
1647 1831 1694 1865 qui
1711 1831 1778 1857 sim-

992 1879 1096 1914 pliciori
1106 1878 1280 1913 explicationi
1293 1885 1374 1912 supra
1387 1877 1457 1907 datae
1474 1877 1615 1904 adbazrent
1631 1876 1698 1911 (l0).

1029 1924 1054 1951 ’1.
1073 1923 1126 1950 Sed
1140 1922 1252 1957 quinam
1265 1928 1343 1949 erant
1360 1922 1396 1948 illi
1411 1921 1504 1956 plures
1519 1920 1684 1955 majorisque
1700 1920 1778 1947 molis

992 1970 1071 2003 libri,
1091 1969 1191 2004 quibus
1210 1968 1427 1995 adversariorum
1448 1967 1546 1998 fastum
1562 1972 1589 1994 et
1603 1966 1657 1993 alta
1680 1974 1776 2001 super—

992 2016 1053 2045 cilia
1077 2015 1148 2045 ﬂecti
1176 2022 1208 2046 ac
1231 2013 1354 2041 funditus
1376 2013 1512 2048 proﬂigari
1532 2013 1662 2048 gloriatur
1684 2017 1778 2039 auctor

994 2063 1066 2098 (cap.
1082 2061 1128 2095 l)?
1151 2061 1271 2087 Erantne
1292 2064 1356 2087 ante
1371 2059 1497 2086 Photium
1518 2059 1659 2086 uberiores
1674 2059 1725 2085 hac
1745 2058 1778 2085 dc

992 2116 1023 2136 re
1036 2111 1178 2139 tractatus,
1193 2106 1240 2142 qui
1254 2106 1343 2133 fusius
1356 2105 1515 2132 Latinorum
1527 2105 1689 2132 sententiam
1707 2105 1778 2131 refu-

993 2159 1051 2182 tare
1074 2151 1263 2181 conabantur?
1279 2150 1350 2178 Num
1366 2155 1429 2178 ante
1443 2151 1519 2178 illum
1537 2151 1575 2178 ita
1588 2150 1779 2185 disputationis

191 2192 217 2220 6.
235 2192 272 2220 Ut
287 2196 378 2220 tamen
393 2193 482 2228 quoad
497 2193 663 2228 propositam
675 2194 854 2229 quastionem
876 2203 939 2223 sen-

993 2200 1064 2236 ignis
1080 2203 1237 2232 exarserat,
1258 2202 1287 2226 ut
1301 2197 1419 2233 Spiritus
1438 2197 1524 2225 sancti
1540 2205 1572 2224 ex
1587 2196 1655 2224 Filio
1669 2204 1778 2231 proces-

156 2237 269 2265 tentiam
285 2245 373 2265 meam
395 2247 544 2274 proponam
558 2261 566 2274 ,
581 2242 764 2271 verosimilius
780 2243 846 2270 mihi
872 2251 942 2279 opus

155 2287 279 2310 nostrum
292 2284 363 2311 circa
378 2292 479 2311 annum
494 2285 546 2313 886
557 2287 737 2322 compositum
752 2296 813 2316 esse
825 2288 940 2316 videtur.

156 2328 186 2356 Si
202 2337 256 2356 non
268 2329 399 2361 fallimur,
409 2330 474 2358 dum
486 2330 575 2358 Photii
590 2333 672 2360 verba
688 2333 759 2368 (cap.
771 2333 834 2369 89):
850 2343 861 2360 ι
874 2333 941 2362 Cum

155 2375 239 2410 igitur
250 2376 337 2403 sancti
349 2384 381 2404 ac
392 2376 465 2404 beati
481 2377 509 2405 hi
524 2378 668 2413 pontiﬁces
679 2379 726 2412 ita,
739 2379 804 2407 dum
820 2379 848 2407 in
862 2380 942 2408 terris

155 2421 307 2457 degebant,
321 2423 458 2450 senserint
474 2428 502 2451 et
518 2424 552 2451 ab
566 2424 610 2452 bis
624 2423 703 2452 ﬂuxis
720 2430 747 2453 et
759 2426 943 2461 corruptibili-

155 2468 207 2501 bus
230 2467 311 2495 rebus
332 2469 367 2496 ad
382 2469 618 2504 incorruptibilem
630 2470 713 2498 vitam
727 2471 755 2498 in
768 2471 819 2500 hac
833 2471 943 2500 confes-

155 2514 234 2542 sione
248 2515 416 2548 transierint,
429 2524 439 2541 »
457 2523 511 2543 non
533 2516 621 2544 solum
639 2516 674 2543 ad
698 2516 822 2551 priores,
846 2525 942 2545 verum

155 2562 238 2590 etiam
255 2562 289 2590 ad
303 2563 424 2598 proxime
442 2563 614 2590 nominatum
625 2563 781 2598 pontiﬁcem
794 2571 943 2598 eorumque

155 2613 324 2644 postremum
362 2608 520 2640 referimus,
552 2613 618 2637 tunc
647 2613 706 2636 tuto
741 2608 828 2646 colligi
853 2614 943 2646 potest

154 2653 305 2682 Adrianum
331 2653 385 2688 Ill,
402 2655 468 2682 dum
493 2655 551 2682 haec
571 2655 708 2682 scribebat
729 2654 861 2688 Photius,
886 2655 942 2690 jam

155 2700 228 2728 diem
246 2708 404 2736 supremum
419 2701 520 2729 abiisse
538 2700 652 2736 ejuSque
671 2705 786 2729 mertem
808 2701 871 2729 huic
886 2702 941 2736 jam

994 2246 1078 2275 sionis
1100 2249 1249 2273 assertores
1275 2244 1331 2279 jam
1359 2243 1466 2271 abunde
1493 2243 1646 2270 confutatos
1669 2243 1779 2270 credere

994 2292 1131 2329 potuerit?
1145 2293 1186 2319 An
1202 2299 1267 2318 vero
1280 2290 1394 2318 fortasse
1408 2290 1517 2317 Patrum
1539 2289 1711 2321 Graecorum,
1727 2289 1779 2315 Da-

994 2339 1113 2367 masceni
1133 2347 1159 2365 v.
1183 2346 1241 2373 gr.,
1254 2345 1336 2372 opera
1355 2336 1504 2367 intellexit,
1524 2343 1585 2370 qum
1606 2340 1696 2362 tamen
1713 2343 1778 2362 nus-

996 2383 1067 2418 piam
1092 2382 1126 2410 de
1151 2382 1203 2409 hac
1221 2383 1407 2410 controversia
1429 2380 1526 2416 agendi
1549 2387 1660 2415 scopum
1687 2381 1778 2407 consi-

996 2428 1116 2463 liumque
1143 2427 1337 2455 manifestam?
1363 2426 1434 2454 Num
1460 2426 1518 2461 ipse
1547 2426 1615 2453 alios
1640 2426 1780 2454 uberiores

992 2475 1076 2503 libros
1095 2475 1129 2503 de
1153 2475 1206 2502 hac
1222 2482 1251 2501 re
1271 2473 1405 2506 ediderat,
1425 2480 1540 2507 quorum
1562 2476 1653 2500 tamen
1673 2472 1778 2502 nullum

992 2519 1134 2555 hucusque
1147 2519 1279 2546 habemus
1292 2518 1344 2545 hoc
1357 2522 1452 2545 nostro
1463 2524 1545 2552 opere
1557 2517 1780 2552 locupletiorem?

991 2564 1130 2592 Posterius
1155 2572 1211 2591 non
1238 2563 1314 2600 [154]
1346 2562 1425 2590 facile
1453 2563 1662 2591 admittendum.
1688 2563 1780 2599 Longe

992 2609 1059 2637 mihi
1069 2609 1224 2637 credibilius
1241 2608 1379 2642 Photium,
1397 2608 1442 2644 qui
1460 2610 1643 2637 ostentatione
1663 2609 1778 2644 quadam

997 2656 1054 2684 fere
1073 2656 1173 2691 ubique
1193 2655 1347 2683 Graecorum
1367 2654 1478 2683 Patrum
1501 2656 1663 2691 theologiam
1678 2655 1778 2690 iactat,

996 2702 1042 2737 qui
1062 2709 1123 2737 cap.
1138 2701 1172 2730 96
1196 2702 1230 2729 ad
1252 2702 1411 2729 eorumdem
1433 2702 1503 2730 dicta
1518 2709 1532 2729 a
1552 2709 1581 2729 se
1601 2701 1644 2729 vel
1667 2701 1780 2728 collecta

193 2817 250 2858 (l0)_
266 2817 323 2845 lluc
338 2826 425 2855 usque
448 2819 581 2855 ejusmodi
595 2820 758 2855 quaestiones
778 2821 931 2850 accuratius
949 2824 1115 2856 pertractare
1129 2829 1181 2850 non
1200 2821 1355 2857 potuimus;
1372 2827 1511 2858 speramus
1539 2819 1601 2847 alibi
1638 2826 1687 2847 nos
1721 2825 1777 2845 mes

158 2853 223 2880 liora
236 2853 354 2882 daturos.
