1941 3085
157 128 210 161 407

729 122 860 158 ΡΗΟΤΙῙ
879 124 1130 159 PATRIARCHE
1150 128 1205 159 CP.

1734 124 1788 157 £08

156 185 199 214 Vel
214 182 365 221 colligenda
383 187 523 220 provocat.
540 184 639 211 horum
661 187 808 215 tractatus,
822 182 872 210 etsi
891 190 946 210 non
963 187 985 213 Α
1000 182 1132 210 rationem
1159 181 1247 214 affert,
1265 181 1338 216 quod
1359 181 1427 210 liber
1442 180 1512 209 nihil
1525 181 1584 210 fere
1599 180 1738 209 contineat
1753 182 1789 208 de

155 239 188 258 ex
213 231 346 266 professo,
362 236 392 258 ut
409 230 460 258 dici
474 230 553 263 solet,
575 230 626 257 hac
640 232 674 257 de
691 230 804 257 materia
825 233 946 264 agentes,

156 277 250 312 specie
263 276 395 303 duntaxat
408 279 436 302 et
452 274 562 302 silentio
575 275 665 310 potius
674 283 757 310 quam
769 275 873 310 apertis
887 283 950 302 ver-

157 323 198 350 bis
213 323 264 351 sibi
281 323 480 358 quodammodo
497 322 620 351 faventes
642 323 807 358 respexisse.
820 323 892 351 Sane
913 323 949 350 de

157 367 234 397 libris
247 369 394 396 multorum
408 374 536 396 versuum
559 368 680 404 (στίχων)
700 369 830 404 loquitur,
848 367 949 404 quide

157 415 257 442 inserta
279 418 357 442 erant
380 419 550 450 argumenta,
570 423 631 450 quae
644 415 678 442 ad
700 414 811 443 Latinos
832 415 947 442 convin~

157 459 258 486 cendos
278 458 375 486 idonea
401 460 558 494 reptttabat;
579 467 610 487 ea
637 467 697 494 qute
718 460 746 486 in
768 459 811 487 his
825 460 948 494 dispersa

157 508 249 535 erant.
276 504 403 539 colligere
429 507 456 532 et
479 505 622 540 synoptice
645 505 775 533 exhibere
804 505 947 532 consilium

157 554 284 584 ceperat;
302 549 416 584 proinde
431 549 457 577 hi
479 550 539 577 libri
555 555 610 577 non
627 550 653 577 in
669 558 722 577 una
738 550 782 577 illa
797 550 948 585 quaestiorie

157 595 345 623 Versabantut‘.
360 595 399 623 Ad
417 596 467 623 hos
479 604 544 622 vero
559 600 689 630 provocat
701 594 814 623 Photius
828 595 861 622 ad
876 595 948 622 antia-

157 641 289 676 quitatem
310 641 556 676 auctoritatemque
568 641 626 669 suis
638 642 719 669 dictis
730 641 929 668 conciliandam
939 661 948 672 ,

157 687 282 722 qnamvis
294 687 351 715 fere
362 688 453 715 omnia
475 696 536 723 qua:
547 687 661 722 profert,
673 687 775 722 proprii
788 687 832 715 sui
846 687 948 723 ingenii

158 731 231 760 fetus
247 733 390 760 exsistant.

193 779 220 806 8.
238 779 307 806 Tum
335 779 420 814 ipsius
434 779 494 807 libri
508 779 590 807 verba
605 782 663 807 tum
681 779 744 807 cod.
760 779 888 808 Column.
906 780 949 808 in-

158 824 271 860 scriptio
282 825 397 853 suadent
422 825 520 852 Iibrum
534 830 658 853 nostrum
669 834 722 853 non
733 833 811 854 secus
818 834 850 854 ac
861 827 946 859 illum,

158 872 205 907 qui
225 871 258 899 ad
286 870 488 906 Aquileiensem
511 871 656 907 praesulem
675 873 776 900 missus
800 872 868 904 fuit,
889 873 948 908 epi-

159 918 235 946 stola:
251 917 365 945 fortnam
381 922 437 953 prae
455 926 485 946 se
502 919 606 950 tulisse,
620 926 681 954 quae
692 919 725 947 ad
736 919 826 947 varios
845 920 949 947 directa

158 965 277 992 videtur.
297 963 364 997 Quis
379 964 451 991 Beda
466 965 613 1000 episcopus
628 965 727 997 fuerit,
748 965 791 992 cui
811 965 873 993 cod.
895 965 949 993 Co-

159 1007 258 1042 lumn.,
272 1010 334 1045 quis
349 1009 498 1041 Eusebius,
516 1010 560 1038 cui
574 1010 678 1038 Beccus
691 1010 791 1038 librum
805 1011 949 1046 nu'ncupa-

158 1058 216 1083 tum
234 1056 316 1087 dicit,
332 1056 500 1092 ignoramus.
514 1056 592 1089 Quod
607 1056 641 1083 ad
662 1056 810 1084 dictionem
833 1059 949 1092 spectat,

158 1103 240 1130 modo
262 1110 295 1130 ea
318 1102 524 1130 dialecticorum
549 1103 636 1130 instar
652 1103 762 1130 concisa
781 1106 837 1136 est,
869 1103 950 1131 modo

158 1149 303 1176 rhetoricis
319 1153 414 1180 (vitata
430 1148 554 1180 ﬂoribus.
570 1149 707 1177 interdum
719 1149 840 1186 elegans,
857 1149 951 1177 rudior

158 1196 237 1228 alias,
252 1196 378 1224 all'ectata
391 1204 474 1231 saepe,
489 1197 536 1224 sed
551 1197 711 1232 plerumque
722 1197 868 1233 perspicua
880 1198 949 1233 (li),

157 1250 299 1278 nunquam
313 1244 371 1271 fere
386 1243 461 1280 [l55]
477 1243 587 1279 penitus
600 1245 656 1272 sale
668 1245 807 1272 destituta.
825 1244 951 1272 Ostendit

158 1294 309 1322 auctorem,
326 1289 373 1324 qui
398 1290 484 1317 multa
501 1290 619 1326 legerat,
641 1298 676 1317 ex
693 1290 785 1317 multis
813 1290 950 1317 variorum

159 1338 311 1371 temporum
327 1336 486 1364 auctoribus
500 1337 598 1371 stylum
614 1336 665 1364 ειὺί
684 1336 823 1363 formarat.
844 1336 951 1364 Acriter

158 1383 272 1410 omnino
290 1383 403 1410 Latinos
423 1383 582 1410 insectatur.
600 1384 716 1410 Accusat
732 1391 779 1410 eos
800 1387 857 1410 tum
873 1384 951 1419 igno-

161 1429 267 1460 rantize,
281 1428 392 1459 erroris.
406 1428 539 1460 stultitiae,
551 1428 674 1460 insanias,
697 1429 825 1459 vesaniae.
838 1429 949 1460 furoris.

160 1478 217 1502 tum
235 1474 407 1506 temeritatis,
428 1475 559 1508 audacia,
582 1475 767 1510 impudentize,
790 1479 846 1502 tum
863 1475 950 1503 haere-

999 236 1043 261 eo,
1058 229 1130 263 quod
1143 228 1235 256 missio
1247 227 1366 263 Spiritus
1378 227 1466 256 sancti
1477 235 1528 263 per
1546 226 1645 255 Filium
1659 227 1696 254 sit
1718 227 1790 255 ratio

1000 280 1050 301 cur
1072 273 1132 301 Filii
1157 273 1265 301 dicatur
1290 274 1419 309 Spiritus.
1447 273 1519 308 quod
1542 277 1634 300 tamen
1659 273 1687 300 in
1710 273 1790 300 titulo

1001 320 1084 348 trium
1099 320 1224 348 codicum
1237 328 1395 355 expressum
1410 324 1461 348 est.
1474 319 1528 347 Sed
1546 323 1636 354 potest
1652 319 1680 346 in
1695 319 1791 354 primis

999 364 1052 394 dici
1070 365 1178 393 titulum
1206 374 1261 393 non
1281 370 1379 397 totum.
1396 366 1435 394 uti
1451 369 1551 397 exstat,
1563 365 1598 392 ab
1615 358 1675 400 ipso
1692 364 1791 392 Photio

1000 411 1085 439 fuisse
1103 412 1298 447 praepositum;
1313 412 1412 440 deinde
1425 416 1516 446 potest
1532 415 1560 439 et
1575 411 1640 438 illud
1652 411 1790 443 ailirmari,

999 459 1051 488 etsi
1067 458 1174 486 titulum
1189 459 1248 494 ipse
1271 458 1409 494 posuerit,
1436 462 1526 489 tamen
1549 458 1685 486 dictorum
1712 457 1790 492 copia

999 507 1142 541 abreptum
1154 506 1235 540 hujus
1246 505 1298 537 rei,
1311 510 1392 539 quam
1405 504 1579 534 moliebatur,
1593 503 1790 538 expositionem

999 553 1124 580 omisisse
1137 552 1266 588 pluraque
1281 552 1396 579 fortasse
1406 551 1435 578 in
1449 555 1542 578 mente
1556 549 1696 581 habuisse,
1709 556 1791 584 quam

1001 606 1030 626 re
1045 599 1102 634 ipsa
1118 599 1284 631 tractaverit,
1308 597 1460 633 praesertim
1474 596 1496 624 si
1516 595 1666 623 intervallis
1683 600 1790 630 tempo—

1000 653 1060 672 rum
1077 649 1164 672 totum
1183 652 1252 680 opus
1269 644 1393 679 perfecit.
1409 643 1439 670 Si
1454 643 1526 678 apud
1546 641 1687 678 llugonem
1708 641 1792 668 Ethe-

1000 691 1107 719 rianum
1122 691 1150 727 (1.
1168 699 1199 723 ιι,
1219 699 1243 720 c.
1262 691 1308 724 20,
1323 699 1352 727 p.
1370 690 1450 725 1255)
1463 690 1578 726 legitur;
1593 700 1601 715 ι
1617 689 1676 717 Non
1691 689 1792 716 dicitur

1001 736 1119 772 Spiritus
1145 737 1204 765 Filii
1220 741 1250 765 ut
1264 736 1497 765 consubstantiale
1511 740 1539 764 et
1555 737 1599 769 qui
1618 736 1733 762 mittitur
1746 743 1792 769 per

1000 783 1098 816 ipsum,
1116 788 1144 809 ut
1159 782 1248 810 Photil
1267 782 1387 810 declarat
1406 781 1559 816 descriptio,
1585 790 1595 807 ι
1618 780 1725 808 videtur
1746 780 1792 808 hic

1001 828 1137 862 inscriptio
1161 827 1354 863 intelligenda,
1376 835 1458 862 quam
1483 833 1511 854 et
1534 825 1611 861 Ilngo
1632 833 1688 860 prae
1704 825 1792 852 oculis

1003 874 1139 906 habuerit,
1159 873 1206 908 qui
1221 877 1354 908 praeterea
1370 872 1439 899 nihil
1458 880 1492 900 ex
1507 872 1559 899 hoc
1575 878 1659 906 opere
1683 871 1790 906 allegat,

999 919 1071 955 quod
1084 920 1117 947 ad
1131 919 1202 947 hanc
1215 919 1394 953 quaestionem
1408 918 1554 946 referatur.
1572 917 1792 952 Thoophylactus

1000 967 1070 1002 (not.
1087 965 1123 993 33
1133 965 1166 993 ad
1176 973 1236 1000 cap.
1244 965 1288 1001 60)
1297 965 1398 1000 aliique
1407 964 1572 999 posteriores
1582 963 1669 991 Graeci
1686 967 1791 990 utramo

999 1020 1053 1048 que
1066 1012 1216 1044 rationem,
1241 1011 1555 1039 consubstantialitatem
1572 1017 1604 1037 ac
1619 1009 1791 1040 missionem,

999 1059 1089 1086 solent
1101 1057 1282 1094 conjungere,
1301 1062 1329 1085 et
1346 1057 1507 1093 propositio,
1529 1065 1581 1092 qua
1594 1056 1713 1092 Spiritus
1729 1055 1791 1082 Filii

1002 1105 1119 1141 Spiritus
1133 1104 1211 1141 1156]
1224 1105 1277 1132 dici
1290 1105 1326 1132 ob
1338 1104 1497 1132 missionem
1508 1103 1667 1136 afllrmatur,
1680 1101 1792 1130 minime

999 1159 1016 1178 ι
1038 1156 1129 1179 mente
1142 1149 1234 1179 Photii
1254 1151 1394 1183 abhorret,
1411 1150 1456 1185 qui
1478 1150 1548 1185 (cap.
1564 1148 1610 1184 91)
1628 1148 1792 1184 multiplices

1001 1198 1084 1233 huius
1110 1197 1176 1225 dicti
1209 1197 1329 1224 rationes
1362 1196 1495 1232 assignari
1522 1203 1603 1231 posse
1633 1195 1732 1226 tradit,
1761 1201 1794 1222 ac

1003 1247 1038 1281 (c.
1053 1245 1099 1280 85)
1118 1244 1239 1272 breviter
1251 1247 1280 1271 et
1295 1243 1361 1271 illud
1377 1243 1474 1278 tangit,
1486 1243 1559 1278 quod
1574 1242 1659 1270 Filius
1669 1243 1794 1268 mittatur

1000 1298 1016 1318 a
1029 1291 1133 1326 Spiritu
1149 1295 1255 1318 saneto.

1038 1337 1082 1364 l0.
1106 1336 1145 1364 De
1161 1335 1278 1372 Spiritus
1293 1335 1381 1362 sancti
1398 1335 1563 1370 mystagogia
1582 1334 1682 1362 librum
1697 1333 1795 1362 inseri-

1001 1387 1079 1418 ptum
1103 1383 1190 1409 voluit
1210 1381 1336 1409 Photius.
1350 1381 1517 1409 Vocabulum
1538 1382 1590 1409 hoc
1609 1381 1728 1408 maxime
1742 1380 1792 1416 ipsi

1002 1429 1135 1457 familiare
1155 1429 1224 1464 (12).
1247 1436 1302 1456 non
1322 1435 1402 1456 secus
1424 1435 1456 1456 ac
1482 1428 1672 1463 μυσταγωγεῐν
1694 1427 1751 1463 (15)
1766 1430 1794 1454 et

1004 1475 1184 1511 μυσταγωγός
1198 1495 1206 1508 ,
1228 1475 1327 1502 Paulus
1342 1483 1369 1502 v.
1389 1483 1430 1510 gr.
1454 1474 1594 1509 apostolus
1617 1472 1725 1509 μύστης
1747 1472 1795 1499 καὶ

160 1528 231 1552 seos,
253 1521 437 1556 polytheismi,
455 1521 621 1556 impietatis;
641 1521 777 1548 horrenda
791 1522 831 1549 eis
854 1527 949 1549 contra

1006 1519 1184 1555 μυσταγωγός
1211 1520 1262 1555 Ipsi
1289 1520 1388 1547 dicitur
1405 1517 1472 1555 (14).
1505 1519 1554 1546 Est
1575 1518 1686 1554 proprie
1707 1525 1794 1553 μυστ-

160 1567 241 1595 lidem
262 1567 387 1603 impingit
401 1567 534 1600 crimina;
550 1567 654 1594 artibus
668 1567 796 1595 omnibus
808 1567 894 1595 utitur
916 1568 949 1595 ad

160 1621 208 1642 eos
233 1613 441 1641 confundendos
461 1618 489 1641 et
511 1613 685 1641 refellendos.
704 1613 770 1641 Mira
785 1618 828 1642 est
849 1614 950 1649 ingenii

161 1659 323 1692 fecunditas,
337 1668 398 1695 quae
413 1659 493 1688 toties
503 1660 576 1688 dlcta
589 1660 650 1688 aliis
662 1665 689 1688 et
700 1659 760 1688 aliis
774 1661 863 1688 modis
877 1661 953 1688 n0vit

160 1707 267 1738 denuo,
294 1706 370 1741 quasi
388 1714 482 1734 revera
497 1714 566 1733 nova
581 1706 645 1738 sint,
670 1706 839 1741 producere;
859 1706 952 1741 iniqua

162 1753 218 1781 fere
237 1758 345 1788 semper
358 1758 400 1780 cst
412 1758 474 1780 cum
494 1752 657 1780 adversariis
670 1753 767 1788 agendi
785 1753 865 1784 ratio.
883 1761 952 1788 quo-

161 1807 222 1827 rum
246 1799 398 1826 doctrinam
424 1797 561 1834 perversis
580 1806 635 1825 non
650 1798 738 1825 solum
757 1799 952 1831 consectariis,

162 1845 208 1872 sed
224 1846 306 1873 etiam
323 1845 594 1880 interpretationibus
612 1844 763 1872 foedissimo
776 1845 827 1872 sub
841 1848 953 1880 aspectu

161 1891 306 1918 ostendere
320 1889 383 1917 totis
398 1890 500 1917 viribus
515 1889 635 1917 anhelat.

196 1937 223 1964 9.
243 1936 340 1972 Operis
353 1936 495 1963 authentia
510 1936 547 1963 ita
560 1935 703 1962 manifesta
718 1939 768 1968 est,
787 1940 817 1963 ut
830 1935 865 1963 sit
885 1939 953 1963 tem-

163 1988 213 2017 pus
240 1989 412 2014 consumere,
437 1981 507 2009 velle
531 1981 591 2015 ejus
613 1985 773 2016 argumenta
794 1988 951 2017 congerere.

162 2029 241 2062 Quod
262 2029 296 2056 ad
320 2028 380 2062 ejus
408 2027 591 2063 integritatem
620 2032 735 2062 spectat,
762 2035 852 2063 neque
872 2035 904 2055 ea
925 2028 954 2055 in

163 2074 276 2102 dubium
297 2073 387 2101 vocari
402 2077 502 2108 potest.
524 2072 552 2101 Id
568 2078 657 2101 tamen
676 2073 792 2102 fortasse
811 2073 953 2102 dubitandi

1002 1567 1120 1601 αγωγῶν
1143 1565 1190 1601 qui
1205 1566 1233 1593 in
1253 1567 1381 1601 mysteria
1394 1565 1479 1598 ducit,
1495 1565 1542 1600 qui
1559 1565 1614 1592 ritu
1632 1564 1794 1600 mysterioso

1002 1612 1102 1645 initiat,
1121 1616 1274 1643 consecrat,
1290 1612 1335 1646 qui
1350 1612 1477 1647 mysteria
1493 1611 1609 1646 perlicit,
1631 1610 1676 1646 qui
1692 1614 1794 1646 myste-

1002 1657 1042 1684 ria
1054 1657 1136 1684 tradit
1145 1664 1176 1684 ac
1188 1657 1269 1685 docet
1277 1656 1333 1692 (15)
1343 1665 1350 1689 ;
1362 1657 1428 1684 hinc
1447 1656 1576 1684 sacerdos
1586 1662 1696 1691 quoque
1715 1663 1795 1690 μυστ-

1002 1703 1110 1737 αγωγός
1124 1707 1299 1737 nuncupatur
1314 1702 1387 1738 (l6);
1403 1702 1582 1738 μυσταγωγία
1598 1705 1641 1730 est
1659 1702 1793 1733 initiatio,

1003 1748 1149 1780 lmmissio,
1173 1748 1295 1776 inductio
1309 1748 1341 1777 in.
1360 1748 1487 1784 mysteria
1501 1769 1508 1780 ,
1535 1755 1611 1776 sacra
1639 1747 1792 1779 institutio,

1005 1795 1076 1822 sacri
1094 1794 1244 1829 cujuslibet
1259 1795 1328 1822 ritus
1343 1794 1475 1830 perfectio
1490 1794 1557 1830 (17).
1574 1793 1659 1822 Porro
1674 1801 1737 1820 eum
1765 1793 1794 1820 in

1002 1840 1190 1868 ecclesiastico
1205 1840 1331 1876 loquendi
1343 1845 1400 1868 ‘usu
1414 1845 1469 1868 tam
1487 1843 1658 1868 sacramenta
1669 1839 1795 1874 sacrique

1003 1887 1072 1914 ritus
1093 1894 1174 1922 quam
1198 1887 1324 1922 dogmata
1351 1886 1511 1915 sublimiora
1535 1886 1703 1921 rationisque
1721 1885 1795 1914 vires

1005 1933 1164 1962 excedentia
1177 1933 1353 1961 nominentur
1368 1934 1517 1969 μυστήρια,
1531 1932 1711 1968 μυσταγωγια
1726 1940 1795 1968 quo‘

1005 1987 1057 2015 que
1073 1979 1154 2007 modo
1171 1980 1205 2007 ad
1222 1983 1391 2007 sacramenta
1407 1978 1535 2007 Ecclesiae
1547 1978 1616 2012 (18),
1633 1986 1665 2006 ac
1680 1985 1795 2014 praeser-

1005 2028 1053 2054 tim
1078 2027 1112 2055 ad
1138 2027 1303 2062 baptismum
1321 2026 1377 2061 (l9)
1401 2029 1429 2053 et
1446 2023 1647 2052 Eucharistiam
1664 2024 1730 2060 (20).
1753 2030 1796 2051 re-

1005 2073 1102 2102 fertur.
1120 2080 1152 2100 ac
1164 2080 1235 2108 διξερε
1249 2072 1277 2100 1η
1293 2071 1438 2108 posteriori
1453 2071 1613 2107 acceptione
1631 2070 1706 2107 [l57]
1723 2070 1795 2098 idem

198 2162 255 2204 (ll)
267 2162 325 2204 Non
339 2162 515 2204 tamen‘male
533 2162 678 2204 inﬁgep‘ere
740 2161 850 2204 scottus
866 2163 950 2204 (Praef

1006 2167 1060 2204 sub
1072 2167 1103 2204 h.
1120 2167 1315 2204 v._gtua1+,ptqv
1331 2165 1404 2200 ἄγει.
1417 2164 1459 2204 Cf.
1472 2165 1583 2204 Suicer.
1597 2164 1679 2204 Thes.
1696 2165 1734 2204 ib.

163 2199 211 2227 fat.
240 2200 268 2239 i_n
294 2197 456 2239 ΑηιρΙςξιοεΙι.
472 2206 520 2239 qu.
543 2197 596 2239 184Δ
609 2197 731 2233 Neapoli.
762 2198 891 2239 l8l4,_p.
915 2200 950 2239 ν)
965 2200 990 2231 Ι)

163 2235 291 2262 monebat
309 2244 314 2261 :
340 2244 349 2259 ι
370 2233 544 2267 Compertum
559 2237 634 2265 est...
647 2238 779 2268 quantum
795 2234 877 2261 medii
899 2234 950 2261 aavi

163 2270 320 2304 scriptores,
332 2276 363 2296 ac
377 2269 489 2296 Photius
501 2270 568 2304 ipse,
579 2273 675 2295 auctor
685 2269 784 2303 alioqui
799 2269 950 2296 disertissi-

164 2313 234 2336 mus.
255 2313 270 2332 a
295 2305 382 2339 prisca
405 2304 538 2331 Atticismi
556 2304 689 2338 elegantia
715 2304 895 2336 desciverint,
923 2309 952 2331 et

162 2344 263 2375 quanta
291 2340 410 2374 denique
434 2339 651 2375 obscuritaterex
675 2339 952 2375 codcmrscriptionis

164 2374 230 2403 vitio
249 2383 390 2403 sermones
412 2375 563 2409 prtesertim
584 2374 739 2402 didascalici
758 2374 950 2402 obvolvautur.

165 2410 253 2439 Verba
271 2411 343 2438 enim
371 2410 507 2442 tecbnica,
526 2413 555 2437 ct
571 2409 680 2444 quidem
701 2409 874 2439 scholastica.
891 2417 951 2444 qua:

165 2451 231 2474 tunc
257 2445 480 2482 percrebuerant,
507 2444 771 2482 argumentationum
801 2444 951 2472 cavillatio-

164 2478 285 2516 numqtie
313 2481 492 2512 subtilitates,
514 2478 614 2514 quibus
634 2478 736 2516 ingenii
759 2487 874 2516 acumen
892 2488 952 2508 sese

160 2514 299 2552 iactabat.
323 2524 355 2552 ac
378 2516 552 2552 periodorum
587 2514 786 2552 μεγαλᾳιώλων
814 2515 950 2552 implicata

163 2550 315 2588 prolixitas.
336 2551 364 2578 in
382 2550 437 2586 qua
454 2551 613 2588 praecipuus
625 2550 868 2588 oratiottis_cultus
884 2559 952 2578 con-

163 2585 340 2618 stituebatur,
357 2585 421 2615 sunt
434 2586 557 2621 quaedam
573 2585 655 2612 voluti
675 2585 880 2620 impedimenta,
892 2594 952 2620 qua:

164 2622 258 2650 lectori
278 2622 312 2649 ad
327 2629 437 2650 sensum
458 2625 531 2649 recte
547 2621 694 2647 tenendum
717 2621 864 2649 identidem
880 2622 951 2657 obji-

162 2659 283 2687 ciuntur.
305 2667 315 2683 ›

198 2694 256 2730 (12)
267 2693 309 2730 Cf.
324 2693 351 2720 in
365 2701 411 2730 op.
424 2697 591 2730 nostrocap.
605 2693 632 2724 5,
647 2692 692 2725 90,
707 2692 754 2725 25,
764 2692 810 2720 26.

198 2727 254 2764 (15)
273 2728 339 2764 Qap.
355 2727 444 2762 2,95,
457 2728 502 2758 28.
519 2727 562 2759 90,
576 2732 699 2764 et_s:epe.

199 2761 256 2800 (11)
279 2761 571 2800 ςᾰηινανΜαηὶεΙιᾷι-ι,
588 2761 636 2800 11ζ
647 2761 783 2800 @alland.
800 2762 870 2789 Bibl.
894 2762 949 2790 PP.

162 2798 234 2831 Xlll,
248 2798 274 2833 p.
289 2799 363 2832 652.)
379 2799 423 2827 Cf.
439 2806 482 2833 ep.
501 2798 565 2830 205,
579 2806 608 2833 p.
622 2798 685 2830 502;
701 2806 744 2833 op.
764 2802 848 2825 nostr.
863 2806 886 2824 c.
906 2800 949 2825 48.

201 2833 256 2868 (15)
285 2834 384 2862 Suidas
408 2834 460 2861 sub
486 2834 513 2860 h.
542 2841 567 2860 ν.
594 2833 793 2866 Μυσταγωγεῐ⁶
814 2833 952 2868 μυστήρια

164 2867 299 2896 ιπιτελεῖ·
319 2869 357 2901 ὡς
377 2869 515 2905 μυστήρια
532 2869 593 2903 ἄγει
619 2867 634 2903 ἢ
652 2868 815 2895 ἐκδιδάσκει.
831 2867 948 2904 Hesycli.

1038 2201 1095 2236 (16)
1119 2199 1218 2229 Suidas
1238 2199 1479 2235 ;”Μυσταγωγὸς·
1512 2199 1620 2236 ιερᾳὺς·
1641 2200 1758 2236 llesych.
1786 2209 1793 2228 :

1005 2235 1192 2272 Μύσταγωγός
1201 2246 1208 2254 ι
1224 2237 1315 2272 ἱερεὺς
1327 2237 1342 2263 ό
1351 2237 1414 2268 τοὺς
1427 2235 1530 2271 μύστας
1544 2235 1630 2270 ἄγων.
1645 2235 1716 2264 Sunt
1729 2242 1795 2265 vero

1006 2245 1192 2279 Μρσταγωγος
1201 2246 1208 2254 ι
1224 2245 1248 2264 ια
1268 2245 1315 2268 tu:
1327 2245 1342 2263 ο
1350 2245 1414 2279 ξονς
1427 2245 1433 2271 ί

1006 2245 1312 2334 “(assuefact
1323 2272 1433 2334 ῖῖδδεξε-

1052 2307 1095 2342 17)
1110 2306 1214 2335 Suieer.
1229 2306 1312 2334 Thes.
1327 2306 1356 2333 h.
1373 2316 1400 2334 ν.

1054 2340 1097 2377 18)
1114 2342 1171 2370 Huc
1191 2342 1410 2378 spectantrvﬁerba
1425 2341 1489 2369 Eus.
1513 2340 1675 2378 Ctes._Hist.
1692 2341 1754 2378 ccci.
1772 2340 1793 2378 l,

1004 2378 1033 2410 2,
1046 2375 1132 2413 p.24
1152 2375 1303 2413 edfllein.
1318 2377 1398 2413 1829.
1423 2377 1467 2404 Ait
1489 2377 1562 2404 enim
1584 2376 1669 2413 Deum
1686 2377 1795 2413 AJudteis

1005 2411 1059 2448 per
1074 2413 1182 2448 Moysen
1203 2412 1311 2440 dedisse
1329 2412 1428 2448 ﬁguras
1445 2420 1477 2439 ac
1496 2412 1633 2448 symbnla,
1649 2411 1750 2448 ἐτέρων
1765 2419 1795 2448 τε

1005 2447 1319 2484 ἷιοητῶνθεωρημάτων
1342 2448 1515 2484 ειραγωγὰς,
1545 2447 1602 2474 ἀλλ’
1630 2447 1680 2474 οὐκ
1708 2447 1795 2480 αὑτὰς

1006 2484 1129 2518 ἐναργεῖς
1144 2481 1195 2514 τάξ
1211 2481 1417 2518 μυσταγωῇας.

1041 2516 1097 2554 (l9)
1111 2516 1216 2553 (ζμ-1114
1227 2516 1337 2554 Chrys},
1347 2516 1512 2545 Theoderet.
1521 2518 1592 2553 apud
1600 2516 1669 2554 Klee
1678 2517 1704 2554 in
1722 2517 1794 2546 Hist.

1006 2554 1173 2617 goqlinalhlll,
1191 2562 1217 2589 p.
1232 2553 1302 2616 “£39;
1320 2553 1399 2580 l’hot.
1413 2553 1529 2587 Amp/tit.
1542 2561 1570 2588 q.
1584 2553 1635 2587 45;
1647 2553 1709 2581 Mai.
1720 2554 1795 2581 Noua

1027 2598 1041 2615 0
1064 2597 1091 2615 ec
1105 2609 1111 2616 .
1144 2610 1153 2617 .
1171 2597 1200 2617 ιι.
1219 2597 1247 2617 n.
1299 2606 1306 2615 .

1017 2589 1111 2617 ἷοιιεει.
1130 2589 1153 2622 Ι,
1171 2597 1200 2621 ιι,
1219 2597 1247 2622 p.
1262 2589 1306 2616 99.

1044 2597 1111 2616 uect.
1131 2597 1153 2622 I,
1171 2597 1200 2621 ιι,
1219 2597 1247 2623 p.
1262 2597 1306 2616 tm.

1042 2624 1098 2659 (‘20)
1113 2624 1210 2659 Chrys.
1224 2625 1252 2650 in
1268 2623 1343 2650 Rom.
1361 2631 1415 2656 xvi,
1431 2624 1466 2656 3;
1484 2623 1564 2659 Greg.
1580 2623 1658 2659 Nyss.
1671 2623 1699 2650 in
1713 2622 1794 2650 Cant.

1006 2659 1071 2687 Klee
1086 2659 1103 2686 Ι.
1119 2667 1157 2693 c.,
1167 2668 1194 2694 p.
1207 2659 1259 2686 170
1269 2667 1277 2689 ς
1287 2659 1367 2695 Greg.
1382 2659 1447 2686 Naz.
1466 2663 1535 2686 orat.
1549 2659 1593 2691 17,
1606 2667 1637 2695 p.
1650 2659 1703 2686 275
1717 2668 1724 2686 :
1739 2659 1795 2694 Τὴν

1007 2695 1083 2730 ἱερὰν
1096 2696 1144 2730 xui
1160 2694 1367 2730 ἀνῳνφέρουσάν
1384 2694 1589 2730 μυσταγωγίαν.
1605 2694 1647 2721 Cl‘.
1669 2695 1796 2730 Neauder

1006 2729 1038 2756 K.
1053 2730 1086 2758 G.
1099 2729 1131 2761 Il,
1147 2738 1174 2765 p.
1190 2729 1252 2762 975,
1268 2729 1311 2757 ed.
1328 2730 1372 2756 lll.
1387 2729 1457 2757 llinc
1477 2729 1686 2765 Chrysostomus
1705 2729 1795 2764 quoad

1005 2769 1151 2799 utrumque
1173 2769 1374 2792 sacramentum
1398 2765 1490 2792 ﬁdeles
1506 2772 1579 2799 saepe
1600 2769 1678 2791 vocat
1700 2773 1795 2799 μεμυ-

1005 2801 1244 2841 σταγωγημέιζιξυς.
1269 2800 1336 2828 Vide
1350 2804 1378 2828 et
1397 2800 1552 2828 Casaubon.
1570 2800 1685 2828 exercit.
1698 2799 1743 2834 16,
1768 2800 1794 2826 in

1005 2836 1075 2862 Ann.
1092 2835 1209 2862 Baronn.

1030 2844 1075 2863 nn.
1092 2844 1209 2864 DaI'OIlll.
