1941 3085
119 112 173 144 409

461 113 510 145 DE
530 114 561 145 S.
582 114 678 145 SPIR.
697 113 947 145 MYSTAGOGIA.
966 128 1000 132 —
1019 114 1389 146 ANIMADVERSIONES.

1683 111 1737 144 410

120 177 152 198 ac
168 168 321 205 λειτουργία
341 168 474 206 signiﬁcat
488 170 555 206 (‘21),
570 170 651 197 modo
673 170 706 197 ad
723 170 902 206 theologicam
918 173 940 200 Α
955 170 1129 197 constitutam
1147 170 1274 202 inveniri,
1294 178 1375 205 quam
1390 168 1491 197 sazculo
1511 176 1559 196 xut
1581 168 1627 196 illa
1641 168 1738 204 adepta

120 215 318 243 tnstitutionem
350 223 508 251 sacramque
537 216 689 243 doctrinam
722 216 903 243 deuotandam

118 261 281 294 adhibetur;
305 266 385 296 atque
398 261 466 289 adeo
481 267 538 289 tum
554 262 711 297 ἱερουργίαν
731 267 787 289 tum
803 262 904 297 ἱερολο-

118 307 181 341 γίαν
200 307 401 342 complectitur.
424 307 591 342 Frequenter
617 307 730 334 Photius
757 316 902 342 μυσταγω-

119 351 182 386 τίαν
206 352 273 379 dicit
299 351 500 380 institutionem
526 352 722 387 dogmaticam,
751 351 902 378 doctrinam

117 397 248 427 divinitus
265 397 406 430 traditam;
422 397 462 425 sic
473 397 600 432 θεὸσοφον
613 397 807 433 μυσταγωγίαν
823 402 903 424 vocat

122 443 184 471 ﬁdei
204 443 401 478 expositionem
427 450 459 470 ex
474 443 704 470 meumenicorum
724 442 902 470 conciliorum

120 487 326 516 definitionibus
337 488 508 522 desumptam
520 488 593 523 (22);
609 488 649 514 sic
663 487 745 514 verba
758 495 902 521 μυσταγω-

117 534 186 567 γεῖν,
205 532 351 566 θεολογετν,
380 534 527 569 ίερολογεῖν
543 533 628 560 veluti
653 539 801 568 synonyma
822 540 902 559 usur-

118 583 164 613 pat
179 578 246 613 (25).
264 578 296 605 Et
310 578 362 606 hoc
375 583 456 612 pacto
470 579 497 605 in
514 586 597 613 opere
610 583 702 606 nostro
715 586 809 606 vocem
824 578 903 605 intel-

118 624 194 660 ligit;
210 624 316 652 tradere
331 624 389 652 vult
404 624 554 652 doctrinam
571 631 676 651 sacram
688 631 719 651 ac
738 624 856 651 divinam
868 624 902 653 de

117 668 220 703 Spiritu
238 674 341 700 sancto,
366 677 429 697 vera
446 669 571 704 dogmata
594 669 665 696 circa
683 669 790 696 tertiam
810 669 902 696 Trini-

117 715 182 741 tatis
208 722 363 749 personam.
399 714 584 750 Eqnipollere
616 713 810 749 μυσταγωγίαν
839 722 901 741 cum

115 759 241 795 θεολογῑᾳ
265 767 297 787 ac
314 760 460 795 ἱερολογίᾳ,
477 764 504 787 et
521 760 711 795 μυσταγωγεῖν
733 767 796 787 cum
813 759 902 785 Θεολο-

114 806 174 838 γεῖν
189 813 221 832 ac
241 804 387 843 ἱερολογεῖν
405 805 576 841 promiscuus
599 805 696 832 harum
718 813 815 833 vocum
836 813 901 834 usus

114 851 180 878 satis
196 851 353 879 manifestat
367 852 434 886 (24).

151 897 193 923 ll.
219 896 318 930 Quanti
345 897 475 925 momenti
500 897 589 924 Photii
622 897 692 924 liber
721 896 757 923 De
785 896 899 932 Spiritus

113 943 199 970 sancti
223 944 387 978 mystagogia
414 943 458 974 sit,
475 943 500 970 id
527 943 554 969 in
581 943 675 978 primis
692 946 777 977 patet,
794 943 816 969 si
836 950 899 970 eum

113 996 175 1016 cum
201 989 382 1023 posteriorum
411 992 564 1022 temporum
597 988 720 1022 ejusdem
748 988 899 1023 argumenti

112 1034 242 1068 operibus
255 1033 411 1061 Graecorum
425 1033 600 1061 conferamus
610 1053 616 1064 ,
633 1033 705 1068 quod
722 1033 762 1060 vel
781 1040 814 1060 ex
828 1033 899 1060 notis

113 1080 175 1107 ideo
194 1080 270 1115 operi
299 1087 314 1107 a
343 1079 422 1106 nobis
446 1079 578 1114 appositis
600 1078 744 1106 constabit.
768 1078 846 1105 Patet
871 1078 898 1105 id

112 1133 227 1159 rursus,
255 1126 277 1153 si
301 1133 349 1154 eos
371 1125 594 1157 consideramus,
618 1125 663 1159 qui
688 1133 738 1159 pro
758 1124 898 1152 catholicae

111 1171 240 1198 Ecclesiae
255 1171 380 1206 dogmate
387 1175 482 1198 contra
492 1170 601 1197 Graecos
607 1169 740 1197 calamum
753 1170 896 1203 strinxere,

110 1217 188 1254 [138]
214 1217 315 1252 quique
336 1225 391 1245 non
418 1225 514 1252 parum
539 1224 602 1244 cum
627 1216 717 1244 Photii
737 1217 897 1252 syllogismis

109 1263 298 1291 decertarunt.
313 1263 354 1291 Ad
375 1262 533 1290 Latinorum
549 1269 646 1289 manus
663 1270 711 1297 per
735 1262 785 1289 tria
800 1263 897 1289 smcula

110 1309 153 1336 vix
175 1309 226 1336 hoc
240 1316 311 1343 opus
333 1308 466 1345 pervenit.
496 1307 602 1335 Saecula
621 1307 732 1334 demum
756 1315 806 1340 xu,
821 1307 897 1342 Hugo

109 1355 288 1389 Eiherianus,
327 1356 373 1390 qui
399 1355 472 1390 apud
497 1355 648 1383 Manuelem
673 1353 684 1380 l
705 1355 896 1390 imperatorem

109 1401 237 1435 singulari
262 1401 404 1429 fruebatur
432 1401 528 1437 gratia,
547 1401 614 1428 illud
630 1409 687 1436 prae
706 1401 832 1428 manibus
847 1401 896 1428 ha—

109 1447 169 1474 buit
186 1455 217 1474 ac
235 1447 261 1474 in
273 1447 330 1474 suis
342 1447 420 1474 libris
431 1447 464 1475 ad
480 1447 660 1474 Alexandrum
674 1447 708 1475 111
720 1447 812 1474 missis
824 1454 895 1474 non-

109 1490 182 1517 nulla
203 1490 262 1526 ejus
276 1491 364 1525 capita
380 1489 528 1518 confutavit
539 1490 606 1526 (25).
632 1489 681 1517 Est
704 1494 794 1517 autem
807 1490 894 1526 Hngo,

109 1540 139 1562 ut
159 1535 266 1570 opinor,
292 1535 473 1563 nobilissimis
498 1536 631 1571 theologis
658 1536 894 1569 annumerandus,

108 1581 157 1615 qui
175 1582 202 1607 in
218 1589 250 1608 eo
264 1589 330 1609 sane
345 1589 400 1608 non
412 1581 601 1617 imprudenter
616 1581 680 1616 egit,
696 1582 770 1616 quod
787 1581 897 1610 Graeco-

109 1631 170 1653 rum
198 1626 308 1653 Patrum
337 1626 453 1655 lectione
483 1626 604 1655 nutritus
631 1626 758 1661 loquendi
791 1634 895 1654 morem

108 1677 203 1698 eorum
225 1671 346 1699 studiose
370 1676 480 1700 secutus
501 1672 676 1706 imitatusque
695 1678 737 1698 est
751 1672 825 1706 (26),
841 1679 895 1706 quo

108 1716 268 1752 faciliorem,
284 1724 416 1753 quantmn
438 1724 547 1754 posset,
563 1719 597 1746 ad
614 1719 794 1746 desideratam
815 1719 894 1745 unio-

107 1771 170 1790 nem
192 1767 328 1790 sterneret
342 1763 427 1796 viam;
444 1771 498 1799 qua
523 1764 549 1791 in
575 1771 614 1796 re,
643 1764 707 1792 licet
728 1771 800 1799 sape
826 1764 895 1792 dura

106 1808 266 1836 Latinorum
282 1809 442 1844 theologicis
456 1809 568 1837 auribus
586 1809 646 1844 ejus
660 1809 743 1837 dictio
758 1810 892 1844 videatur,

105 1854 261 1882 laudandus
273 1854 365 1890 potius
374 1877 381 1888 ,
396 1862 478 1891 quam
491 1855 643 1890 culpandus
656 1860 707 1882 est.
722 1856 857 1883 Caeterum
871 1856 894 1883 si

105 1909 162 1928 non
175 1905 273 1928 cuncta
287 1906 414 1929 accurate
428 1900 614 1936 pertractavit,
631 1900 791 1928 meminisse
810 1908 893 1935 opor-

104 1950 155 1980 tet,
169 1947 270 1975 saeculo
286 1954 324 1974 xu
343 1954 398 1974 non
411 1954 470 1974 eam
490 1946 632 1982 theologia:
649 1946 792 1981 ἀκρίὸειαν
807 1945 891 1982 [159],

141 2035 198 2071 (ΞΙ)
219 2036 311 2063 Germ.
329 2036 388 2063 Rer.
409 2035 499 2071 eccles.
519 2035 659 2070 contempt.
675 2035 799 2071 Galland.
820 2034 890 2067 Xlll,

103 2079 133 2135 ἓ
147 2069 222 2103 ’209;
240 2071 324 2103 Bona,
341 2071 402 2112 Iier.
418 2070 472 2111 Lit,
498 2071 516 2099 l.
534 2079 572 2103 u;
594 2069 734 2105 Raynaud,
754 2069 890 2111 Onomast.

131 2106 221 2133 uehar.
237 2106 263 2133 J.
284 2105 373 2133 Dartis
392 2106 425 2134 ad
444 2107 507 2133 dist.
523 2105 551 2135 2.
563 2106 601 2132 De
617 2114 730 2132 consecr.
750 2104 890 2135 Selvaamo

131 2106 221 2133 uehar.
237 2106 263 2133 J.
284 2105 373 2133 Dartis
392 2106 425 2134 ad
444 2106 507 2133 dist.
523 2105 551 2139 2,
563 2104 730 2141 Dercbnucr.
750 2104 892 2141 Selvaggio

104 2141 194 2168 quit.
208 2141 291 2176 qnliq.
310 2140 373 2168 Chr.
389 2141 408 2169 l.
429 2149 459 2173 ιι,
475 2149 538 2176 per,
556 2149 581 2168 c.
601 2140 627 2176 6,
643 2140 657 2175 ἓ
672 2141 698 2173 5,
716 2148 743 2168 n.
760 2140 803 2167 15.

954 222 1012 249 est;
1027 217 1183 243 meminisse
1208 221 1325 251 opertet,
1341 223 1402 243 eum
1427 215 1544 251 ingenue
1557 214 1636 242 fateri
1653 219 1681 241 et
1696 215 1738 241 vi-

954 263 1024 290 rium
1039 270 1149 289 suarum
1176 262 1295 297 inopiam
1308 265 1335 288 et
1355 261 1477 289 sublimis
1492 260 1631 293 materiae,
1656 267 1738 295 quam

953 308 1096 338 tractabat,
1112 306 1307 334 difﬁcultatem.
1333 305 1362 332 ln
1379 306 1485 340 praefat.
1511 305 1544 332 ad
1572 305 1619 332 lib.
1642 313 1672 332 ιιι
1702 305 1739 332 De

952 352 1091 379 hiet-exilius
1112 359 1178 387 quas
1203 351 1288 380 (ἓνωεὶ
1310 352 1338 378 in
1358 351 1464 378 Latinas
1485 350 1624 378 devolvunt
1656 350 1737 385 (Bibl.

952 397 1007 427 PP.
1020 405 1091 424 mum.
1105 397 1191 433 Lugd.
1209 397 1292 430 XXII,
1304 405 1332 432 p.
1346 396 1414 423 125⁵1
1437 404 1452 424 c
1464 396 1486 431 ),
1504 405 1514 421 ι
1532 395 1570 423 De
1585 395 1636 423 hac
1650 400 1737 422 mate-

952 443 1002 475 ria,
1019 444 1116 479 inquit.
1136 443 1217 471 edere
1231 443 1333 477 aliquid
1361 442 1530 470 formidabile
1548 447 1606 475 cst;
1623 450 1687 469 nam
1711 441 1736 468 in

952 488 995 516 his
1013 497 1067 516 non
1091 489 1178 516 solum
1194 488 1300 516 inlirma
1323 488 1437 516 facultas
1460 487 1574 515 rationis
1593 487 1738 514 orationis»

952 541 1015 569 que,
1029 542 1123 561 verum
1135 534 1299 561 validissima
1314 533 1357 560 vix
1369 541 1398 560 se
1416 541 1432 560 ιι
1447 532 1589 560 mendacio
1603 535 1737 566 temperat

952 583 979 606 et
998 578 1032 606 ab
1053 578 1213 606 inconsultis
1234 578 1382 605 erroribus.
1406 587 1415 603 ι
1432 577 1502 605 Hinc
1517 585 1566 605 nos
1585 577 1655 604 inter
1669 585 1735 610 eos,

951 631 1020 659 quos
1037 624 1211 658 sequentibus
1226 624 1321 650 harum
1335 623 1602 651 animadversionum
1617 622 1737 662 articulis

951 675 1045 697 contra
1058 670 1185 697 Photium
1198 669 1367 704 disputantes
1377 669 1546 702 inducemus,
1561 669 1633 695 haud
1643 668 1737 695 infimo

951 715 1081 743 subsellio
1095 715 1270 742 Etherianum
1287 715 1474 742 collocandum
1489 722 1549 742 esse
1564 714 1614 741 rati
1630 722 1734 741 sumus.

951 760 1045 795 Neque
1059 760 1184 792 minoris,
1196 760 1224 787 in
1237 760 1330 787 multis
1344 760 1425 787 etiam
1442 759 1553 794 majoris
1567 759 1736 786 auctoritatis

952 812 994 834 est
1016 807 1095 834 .loan.
1105 807 1218 838 Beccus,
1228 807 1328 834 virtute
1337 814 1368 834 ac
1376 806 1500 833 doctrina
1512 813 1587 840 teque
1600 805 1736 832 nobilissi-

914 839 938 869 Β
952 861 1012 880 mus
1041 853 1247 888 Byzantinorum
1269 852 1434 886 patriarcha,
1461 851 1506 886 qui
1522 839 1570 886 pro
1603 859 1668 878 vero
1684 851 1736 878 do-

950 903 1049 935 gmate,
1066 899 1147 926 semel
1164 906 1196 926 ac
1213 898 1279 925 illud
1291 898 1427 933 cognovit,
1443 902 1554 925 strenue
1575 897 1734 929 decertavit,

949 945 994 980 qui
1009 950 1036 972 el
1050 945 1178 979 operibus
1193 950 1221 972 et
1234 944 1373 980 discipulis
1394 944 1453 972 suis
1470 943 1625 971 Grmcorum
1648 943 1736 970 natio-

949 999 1010 1018 nem
1020 991 1086 1018 mire
1097 991 1249 1018 illustravit.
1263 990 1327 1017 Illud
1340 995 1430 1017 tamen
1442 990 1607 1020 notandum,
1618 989 1734 1016 Beccum

948 1035 976 1066 _in
990 1040 1058 1063 orat.
1078 1036 1112 1063 de
1130 1044 1177 1063 un.
1197 1035 1270 1064 Eccl.
1285 1035 1381 1070 (Graec.
1398 1036 1466 1063 artlt.
1488 1036 1510 1067 Ι,
1540 1042 1566 1069 p.
1589 1034 1732 1067 154-180),

948 1080 1012 1107 dum
1029 1080 1118 1107 Photii
1141 1085 1299 1115 argumenta
1315 1080 1437 1114 quaedam
1462 1079 1565 1114 profert
1588 1086 1621 1106 ac
1642 1078 1732 1110 solvit,

948 1134 1001 1157 non
1017 1131 1141 1154 nostrum
1155 1134 1224 1161 opus
1241 1126 1366 1162 allegare,
1381 1126 1427 1153 sed
1441 1125 1601 1160 opusculum
1617 1125 1734 1152 alterum

948 1173 982 1199 ab
998 1172 1143 1207 Enthymio
1162 1173 1317 1207 vulgatum;
1332 1172 1400 1198 libro
1419 1178 1485 1198 vero
1501 1179 1542 1202 ιιι,
1557 1171 1590 1197 ad
1605 1170 1733 1198 Theodo-

948 1225 1008 1244 rum
1035 1217 1158 1252 Sugdaaas
1177 1217 1335 1251 episcopum
1353 1216 1429 1251 (ibid.
1446 1215 1479 1248 ll,
1496 1223 1523 1250 p.
1540 1215 1591 1242 155
1606 1216 1676 1249 seq.)
1698 1223 1732 1242 ex

948 1263 994 1291 illo
1007 1263 1150 1290 manifeste
1165 1263 1297 1290 hausisse.
1309 1262 1371 1293 Alii,
1385 1262 1431 1297 qui
1443 1262 1516 1288 hunc
1530 1261 1617 1288 Photii
1633 1261 1732 1288 librum

947 1308 1124 1336 refellendum
1153 1309 1207 1336 sibi
1234 1308 1417 1343 sumpserint,
1434 1308 1492 1335 noti
1510 1307 1563 1334 huc
1579 1314 1665 1342 usque
1677 1314 1732 1333 non

947 1359 1028 1386 sunt;
1044 1355 1092 1382 sed
1113 1355 1203 1389 quoad
1227 1362 1284 1381 rem
1299 1354 1359 1388 ejus
1382 1358 1551 1389 argumenta,
1574 1361 1635 1388 qua:
1658 1354 1731 1380 insc-

947 1400 1088 1434 quentium
1122 1400 1284 1427 saeculorum
1318 1398 1498 1426 schismaticis
1526 1397 1609 1426 veluti
1644 1397 1731 1425 facem

946 1446 1137 1480 praeferebant,
1151 1445 1261 1480 plurimi
1279 1444 1400 1479 theologi
1416 1443 1532 1470 feliciter
1551 1448 1730 1470 enervarunt.

946 1491 1001 1519 Nos
1015 1491 1079 1518 dum
1102 1491 1192 1519 varios
1213 1495 1340 1518 auctores
1366 1489 1393 1517 in
1412 1488 1531 1516 medium
1555 1489 1730 1523 proferimus,

947 1538 1012 1565 licet
1040 1537 1133 1564 selecti
1159 1537 1177 1564 ii
1203 1537 1268 1568 sint,
1292 1543 1464 1571 nequaquam
1479 1535 1643 1570 singulorum
1659 1534 1730 1562 dicta

945 1589 1037 1613 nostra
1053 1585 1144 1613 facere
1159 1585 1335 1616 intendimus,
1354 1591 1449 1611 verum
1471 1582 1561 1617 potius
1578 1589 1631 1609 uno
1647 1581 1729 1608 veluti

945 1636 1094 1666 conspectu
1118 1638 1150 1658 ea
1175 1631 1316 1661 exhibere,
1342 1637 1403 1664 qua:
1427 1636 1442 1656 a
1469 1628 1599 1660 diversis,
1622 1628 1731 1655 diverso

946 1681 1077 1712 tempore,
1103 1685 1134 1704 ac
1160 1685 1209 1712 pro
1224 1676 1298 1704 varia
1315 1675 1415 1712 ingenii
1439 1674 1673 1709 institutionisque
1688 1673 1730 1701 iu—

945 1725 1016 1758 dole,
1030 1730 1123 1754 contra
1131 1725 1250 1760 argutias
1261 1724 1319 1751 illas
1329 1723 1408 1750 modo
1419 1722 1533 1750 feliciori
1545 1727 1640 1753 marte,
1649 1721 1730 1747 tnodo

945 1779 999 1798 non
1014 1771 1080 1798 satis
1101 1770 1184 1803 felici,
1204 1777 1259 1796 non
1277 1773 1369 1796 tamen
1392 1768 1451 1795 sine
1465 1767 1520 1794 ullo
1539 1766 1728 1796 fundamento,

944 1818 1160 1852 proferebantur.

979 1863 1024 1889 12.
1039 1863 1075 1890 At
1090 1863 1230 1890 enimvero
1252 1860 1335 1895 hujus
1350 1859 1442 1894 operis
1463 1858 1581 1894 pretium
1595 1857 1729 1892 theologi-

939 1915 1006 1934 cum
1033 1911 1060 1935 et
1082 1906 1191 1934 aliunde
1216 1910 1300 1941 patet.
1325 1904 1402 1938 Quod
1426 1904 1460 1932 ad
1484 1911 1580 1939 pugna
1602 1902 1674 1930 illius
1694 1902 1729 1929 de

943 1953 1062 1988 Spiritus
1084 1953 1170 1980 sancti
1181 1951 1257 1989 [MO]
1272 1952 1446 1987 proccssione
1462 1950 1535 1978 varia
1554 1949 1638 1976 stadia
1662 1956 1728 1983 pro-

939 2045 1030 2076 αἰτίας
1044 2048 1073 2071 et
1084 2044 1171 2079 ἀρχῆς
1189 2042 1343 2079 prorniscue
1361 2045 1498 2079 utuntur,_
1507 2040 1608 2079 passim
1630 2039 1729 2079 princi-

942 2075 1174 2114 pium’signiﬁca't,
1187 2075 1258 2113 quod
1272 2077 1410 2114 postetjus
1424 2076 1585 2114 vocabulum
1599 2075 1730 2114 gravis_s_i-

942 2110 994 2142 inis
1011 2110 1085 2142 ducti
1101 2110 1250 2141 rationibus
1263 2110 1341 2148 ('vide
1354 2111 1453 2148 Thom.
1468 2110 1590 2148 smp.
1608 2118 1668 2148 καί
1681 2110 1725 2140 55,

943 2157 968 2176 a.
984 2150 996 2177 1
1012 2149 1046 2177 ad
1061 2150 1073 2176 1
1089 2153 1117 2176 et
1131 2147 1231 2184 Opusc.
1246 2145 1441 2184 contrarGrzec.
1465 2147 1498 2184 ad
1513 2145 1616 2184 Urban.
1636 2145 1679 2174 IV.
1699 2151 1723 2171 c.

143 2176 199 2218 (ἳῖ)
210 2175 289 2218 Ρ1ιοιτ
309 2176 398 2218 epist..
414 2177 446 2218 1Δ
461 2176 494 2202 ad
510 2175 589 2218 Mich.
608 2175 684 2210 Bulg.
697 2175 799 2218 λεί-21.
822 2175 890 2210 (Λιι-

946 2185 959 2210 7
971 2175 996 2216 ),‘
1008 2175 1186 2218 prietulertuit
1198 2175 1301 2209 Latini.
1319 2182 1377 2209 Alia
1394 2181 1517 2215 exempla
1537 2180 1727 2218 iniriﬁuppe:

105 2211 173 2246 tiqu.
191 2211 251 2246 lect.
265 2211 349 2246 Canis
367 2211 411 2238 ed.
427 2210 546 2246 Basnage
562 2210 592 2242 Il,
608 2218 638 2243 ιι,
654 2219 681 2245 p.
697 2210 770 2246 597.)

142 2246 198 2280 (25)
222 2245 356 2283 Vide_op.
382 2250 468 2273 nostr.
484 2245 584 2278 c.7533;
605 2245 723 2280 Amp/iit.
750 2245 796 2279 28,
820 2248 893 2283 apud

106 2281 230 2308 Scottum
247 2289 274 2315 p.
290 2281 325 2308 ‘26
340 2286 368 2308 et
380 2288 439 2314 seq.

143 2316 198 2350 (24)
216 2316 302 2352 Quam
323 2323 383 2352 cap.
401 2315 436 2352 20
461 2319 571 2352 vocarat
587 2315 724 2352 προτέραν
748 2325 892 2352 μυσταγω-

105 2351 186 2385 γίαν,
214 2350 317 2378 scilicet
336 2351 486 2378 doctrinam
504 2358 519 2377 τι
543 2350 651 2377 Christo
676 2350 754 2378 Joan.
777 2360 822 2384 xv,
845 2353 890 2385 “26,

105 2386 286 2422 enuntiatam,
311 2386 435 2422 eamdem
455 2393 513 2422 cap.
528 2385 573 2422 A257
585 2386 651 2422 dicit
666 2387 809 2422 προτέραν
831 2386 891 2413 θεο-

104 2421 211 2458 ὶργῐαν.
226 2420 292 2455 Cap.
316 2421 348 2448 67
372 2420 435 2458 ait_:
453 2420 652 2458 _Admirabiletn
665 2421 738 2448 illam
758 2420 892 2458 inystago-

104 2456 195 2491 giam,
225 2463 273 2489 per
302 2463 383 2490 quam
413 2455 545 2490 Spiritum
577 2463 612 2491 ex
630 2455 716 2491 Patre
743 2455 891 2490 procedere

105 2490 258 2525 theologica
267 2492 371 2517 ratione
383 2491 560 2525 praedicamus
572 2490 782 2525 (θεολογοῦμεν),
794 2492 891 2520 adver—

104 2526 192 2588 saj'Jios
203 2530 357 2560 pervertere
369 2526 485 2561 propriis
497 2525 553 2554 suis
568 2526 663 2561 ligmen
669 2526 703 2553 tis
717 2530 744 2553 et
757 2527 890 2554 inventio-

104 2570 132 2588 ιιι
155 2569 196 2588 us.

103 2569 196 2588 lIlDllS.

142 2596 200 2631 (25)
213 2595 290 2628 Quod
305 2595 339 2622 ad
350 2595 505 2631 versionem
512 2595 664 2631 yerborum
680 2595 767 2623 Photii
783 2596 889 2629 attinet,

106 2631 203 2666 durius
226 2631 330 2665 judieat
349 2630 474 2657 Petavius
494 2630 544 2665 (De
566 2630 637 2657 Trin.
652 2639 701 2663 vu,
714 2638 743 2666 c.
759 2631 786 2660 2.
803 2640 829 2658 ιι.
851 2633 889 2666 4),

106 2664 248 2701 llugonem
269 2673 301 2693 ea
321 2673 375 2701 non
397 2665 495 2699 integre
513 2666 692 2693 transtulisse.
713 2665 812 2693 Verum
839 2664 890 2696 Pe-

106 2700 195 2728 tavius
210 2709 227 2728 e
247 2700 333 2728 Photii
350 2700 477 2736 operibus
491 2700 652 2736 encyclicam
669 2705 772 2728 tantum
787 2702 890 2736 episto—

106 2737 160 2763 lam
182 2736 226 2763 hic
250 2744 304 2771 pra:
320 2736 407 2763 oculis
424 2735 550 2771 habuisse
566 2735 681 2768 videtur,
695 2744 745 2764 nec
765 2735 889 2765 nostrum

107 2779 177 2804 opus
193 2769 318 2832 inspexit,
335 2778 351 2798 e
367 2778 421 2805 quo
436 2769 493 2797 fere
508 2770 598 2798 omnia
612 2771 700 2798 Photii
718 2772 801 2800 verba
829 2781 890 2807 quas

107 2805 201 2833 alfcrt.
221 2806 265 2833 ile
282 2806 443 2833 desumpsit.

145 2813 201 2838 ert,
221 2813 265 2833 Ille
282 2813 443 2840 uesumpsu.

143 2840 199 2877 (iii)
215 2841 261 2869 Sic
283 2849 369 2869 causa:
383 2841 509 2875 nomine,
529 2848 607 2876 atque
620 2849 652 2869 ac
671 2841 757 2870 Graeci
778 2843 888 2872 vocibus

943 2213 1111 2247 ditabuntur.
1135 2218 1288 2246 Universim
1305 2225 1370 2244 vero
1391 2224 1460 2249 opus
1475 2213 1571 2242 mostri
1595 2213 1725 2248 Theologi

943 2254 1030 2289 quoad
1046 2254 1184 2289 majorem
1199 2257 1302 2287 partem
1321 2252 1388 2289 adeo
1404 2251 1559 2289 Griecorum
1578 2248 1725 2275 dictionem

942 2284 1056 2318 redolet.
1073 2284 1103 2315 ut
1121 2288 1186 2315 illud
1200 2284 1295 2322 'potius
1310 2295 1325 2314 e
1335 2286 1429 2322 Graeco
1444 2286 1475 2322 in»
1485 2284 1610 2312 Latinum
1622 2291 1726 2322 sermo-

942 2332 1004 2351 nem
1020 2323 1178 2351 translatum
1191 2319 1402 2358 d'ioerestqnam
1420 2320 1517 2358 Latine
1529 2319 1724 2358 conscriptum,

941 2359 993 2386 nisi
1016 2359 1125 2386 aliunde
1139 2361 1286 2389 constaret,
1308 2354 1446 2392 Hiigonem
1461 2354 1555 2381 Latine
1566 2354 1723 2392 scripsisse.

942 2394 1052 2421 Exstitit
1077 2397 1145 2420 teste
1167 2393 1265 2420 Allatio
1282 2392 1331 2426 (De
1347 2389 1437 2418 Ecclus.
1453 2389 1631 2426 consensione.
1650 2389 1668 2415 l.
1693 2396 1723 2426 tl,

941 2436 966 2455 c.
980 2429 1008 2459 2,
1031 2437 1058 2463 p.
1084 2428 1154 2464 654)
1175 2424 1361 2464 Οτψρειῇιῇιιξ
1376 2426 1467 2464 operis
1490 2424 1593 2464 ver-sio,
1617 2431 1678 2458 quae
1701 2425 1724 2450 si

941 2459 1078 2498 publicata
1107 2459 1187 2495 foret,
1214 2459 1328 2498 facilius:
1342 2461 1377 2488 de
1395 2459 1455 2498 'I_I_ac
1475 2467 1504 2486 re
1529 2459 1724 2498 iudicaremus.

941 2493 1006 2527 Mihi
1031 2506 1084 2526 non
1102 2493 1260 2525 incredibile
1285 2497 1392 2524 videtur
1409 2493 1550 2529 Hugonem
1567 2493 1726 2521 Constanti-

941 2534 1032 2568 nopoli
1056 2533 1148 2562 Graece
1168 2533 1362 2568 quaedamrpro
1385 2531 1549 2565 imperatore
1570 2529 1723 2568 scripsisse,

941 2564 1000 2596 haec
1017 2576 1081 2595 vero
1100 2564 1196 2595 Latino
1219 2564 1326 2601 eloquio
1351 2564 1446 2593 rursus
1471 2569 1637 2601 pertractata
1647 2568 1674 2601 et
1697 2564 1723 2591 in

941 2608 996 2631 tres
1008 2603 1089 2631 libros
1100 2607 1227 2631 congesta
1235 2600 1329 2629 amicis
1339 2600 1558 2628 Occidentalibus
1570 2600 1723 2627 tradidisse.

941 2638 1114 2666 Prmfationes
1137 2635 1266 2665 librorum
1289 2636 1411 2671 ejusdem
1434 2635 1533 2671 legenti
1550 2635 1575 2662 id
1591 2643 1645 2671 non
1664 2635 1724 2671 sine

939 2673 1114 2701 fundamento
1129 2673 1231 2700 dictum
1249 2669 1400 2707 apparebit.
1415 2669 1526 2707 llenmm
1543 2670 1611 2697 mihi
1633 2674 1661 2696 et
1673 2669 1724 2707 hoc

958 2716 1098 2736 ersnasum
1108 2713 1161 2738 est,
1180 2707 1225 2742 qui
1243 2703 1362 2742 Hugonis
1377 2706 1608 2742 philosophemala
1622 2709 1650 2742 et
1664 2703 1724 2730 dia—

949 2744 1050 2771 ecticos
1060 2739 1316 2770 exeursus‘uberius
1330 2739 1467 2769 scrutatus
1482 2741 1573 2773 fuerit,
1591 2739 1654 2766 inde
1667 2745 1722 2773 non

938 2780 1049 2814 exiguos
1063 2778 1168 2814 fructus
1184 2786 1233 2812 pro
1248 2777 1361 2814 historia
1375 2776 1556 2812 philosophis).
1574 2774 1658 2802 medii
1671 2772 1723 2801 aevi

938 2812 1001 2842 ante
1016 2812 1148 2841 Thomam
1166 2821 1228 2841 eum
1245 2813 1430 2841 collecturum.
