1941 3085
100 167 154 201 413

445 174 494 204 DE
514 176 543 206 S.
572 176 672 208 SPIR.
692 178 940 208 MYSTAGOGIA.
956 192 990 196 —
1009 179 1379 214 ANIMADVERSIONES:

1678 183 1731 215 414

101 224 288 252 decertarunt.
307 225 445 260 Attamen,
456 234 486 256 ut
499 237 588 265 pugna
601 230 702 259 Graecis
713 236 799 259 cvoto
809 232 889 260 cede-
903 245 925 269 Α
939 233 1016 261 duxit
1036 234 1159 266 Photius,
1185 236 1234 263 sed
1251 241 1278 263 et
1296 237 1424 265 melhodo
1449 238 1565 273 quadam
1595 244 1622 266 ct
1639 241 1731 267 studio

99 274 151 303 ret,
169 275 243 299 certa
258 273 381 307 quaedam
397 275 526 310 principia
540 281 619 304 erant
641 278 842 311 constituenda,
861 284 889 306 et

99 316 199 352 quibus
216 318 339 346 doctrina
356 319 459 348 Latinis
473 323 610 350 contraria
625 324 803 358 stabiliretur,
819 333 888 360 quo-

98 370 214 398 rumque
231 372 284 399 ope
295 366 487 394 auctoritatum
509 369 581 396 dicta
596 377 680 405 scopo
695 372 887 398 accommoda-

98 413 204 436 rentur.
220 409 254 437 Et
270 410 315 439 hic
329 411 380 439 ‘uit
393 413 481 440 Photii
497 414 582 447 labor,
601 416 647 450 qui
664 424 713 450 pro
727 417 769 444 sui
785 417 886 452 ingenii

97 453 228 482 facultate
253 463 284 483 ea
313 457 417 491 primus
447 459 537 494 posuit
560 460 737 488 fundamenta
758 466 785 489 et
800 462 886 489 facem

98 501 217 534 praetulit
231 503 338 531 cunctis
353 504 475 539 ejusdem
491 506 634 534 sententiae
650 507 790 542 patronis;
805 507 887 535 uber-

97 547 197 574 rinnnn
223 548 281 584 ipse
309 549 412 578 fontem
435 552 552 586 aperuit,
578 561 611 580 ex
636 561 690 588 quo
710 562 760 588 per
788 554 886 581 saecula

98 592 270 628 insequentia
289 595 416 631 pleraque
438 604 487 624 sua
503 598 629 631 hausere,
652 598 808 633 quicunque
824 598 886 634 Spi-

98 639 167 666 ritus
183 641 270 667 sancti
286 649 319 669 ex
333 642 401 670 Filio
418 644 621 678 processionem
644 645 848 680 impugnarunt.

133 687 177 715 ‘15.
194 687 319 716 Rationes
335 690 484 726 theologiam
505 692 740 720 schismaticorum
766 701 798 720 ex
814 701 885 719 non-

98 734 181 761 nullis
197 734 340 771 principiis
354 738 472 764 maxima
489 745 523 765 ex
536 743 613 773 parte
622 739 743 773 pendent
758 746 773 765 a
786 738 884 766 Photio

94 780 150 816 jam
166 781 302 809 stabilitis.
324 782 388 810 Haec
407 784 555 816 axiomatu,
581 784 776 812 struendorum
790 785 885 819 sophi-

96 830 216 854 smatum
232 826 421 861 fundamenta,
435 829 482 864 qui
500 829 570 856 bene
591 830 771 864 perspexerit,
797 829 884 857 artiti-

96 872 199 900 ciosam
220 873 328 901 illorum
347 874 565 910 disputationem
590 883 624 903 ex
651 875 757 911 integro
783 875 884 911 poterit

938 281 1071 308 acerrimo
1098 289 1159 309 cum
1190 288 1336 318 systemate
1355 285 1465 312 Patrum
1495 287 1647 322 theologica
1665 296 1726 315 eam

938 331 1112 360 connectere,
1127 327 1219 355 sedem
1235 329 1261 356 ei
1289 335 1448 365 perpetuam
1473 331 1554 367 ﬁgere
1575 333 1602 359 in
1620 333 1730 361 Grscco-

938 379 998 398 rum
1016 372 1179 407 dogmaticis
1204 373 1434 408 institutionibus,
1458 383 1574 412 eamque
1592 378 1730 412 undequa-

938 425 991 452 que
1005 418 1112 445 munire
1142 426 1287 454 aggressus
1309 424 1363 447 est.
1378 421 1434 448 Nos
1452 421 1516 449 hinc
1537 423 1623 450 tribus
1640 423 1730 450 conti-

938 466 1035 489 nenter
1062 462 1196 490 articulis'
1209 467 1264 490 tum
1280 470 1441 499 argumenta
1458 473 1491 493 ex
1513 468 1674 494 auctoritate
1694 468 1728 495 ab

937 510 1051 541 utraque
1062 512 1137 542 parte
1147 509 1338 545 prolata,‘qua:
1354 511 1382 537 in
1398 511 1486 539 Photii
1501 513 1571 540 libro
1588 515 1729 548 attingun-

937 557 991 585 tur,
1006 554 1104 581 deinde
1121 554 1180 582 haec
1197 556 1256 590 ipsa
1271 556 1404 584 Photiana
1426 558 1572 593 principia,
1589 564 1728 593 postremo

936 599 1041 633 potiora
1056 600 1179 634 ejusdem
1199 601 1367 636 sophismata
1383 603 1620 638 perlustrabimns,
1631 605 1726 632 catho—

936 643 1050 671 licorum
1065 645 1253 682 theologorum
1271 648 1386 675 sclectas
1401 649 1551 675 sententias
1565 650 1722 684 responsio-

937 697 1040 724 nesque
1055 691 1246 727 adjungentes.

937 744 1062 788 [1451".
1079 760 1114 767 —
1127 748 1288 788 Argumenta
1306 757 1337 776 ea:
1360 750 1520 788 auctoritate
1534 751 1659 788 utrinque
1683 759 1726 785 pe-

989 785 1049 812 tita,
1065 790 1123 816 quae
1140 785 1245 817 potiora
1258 789 1328 817 sunt,
1346 785 1464 812 examini
1479 786 1667 820 subjiciuntur.

970 827 996 854 l.
1012 827 1091 860 Quod
1117 828 1151 855 ad
1176 834 1336 864 argumenta
1367 835 1471 866 spectat
1498 839 1532 858 cx
1563 832 1727 859 auctoritate

934 872 1031 906 petita,
1047 877 1126 909 urget
1147 873 1175 900 in
1190 874 1285 908 primis
1311 874 1426 902 Photius
1441 883 1465 902 ρ.
1482 875 1509 908 '2,
1523 876 1606 903 verba
1624 876 1726 904 Christi

95 918 256 954 dijudicare.
273 919 386 947 Photius
396 925 537 954 autem,ut
551 921 608 949 fere
625 921 725 956 ubique
739 921 766 948 in
784 921 882 949 tallhus

935 917 1012 946 Joan.
1038 927 1083 950 xv,
1101 919 1135 946 26
1153 926 1161 945 :
1180 919 1213 946 ’Ὀ
1239 919 1318 954 παρὰ
1342 920 1388 947 τοῦ
1409 921 1515 955 [larpr
1533 921 1724 957 ἐκπορεύεται,

96 973 149 993 usu
165 966 250 999 venit,
269 967 365 994 miscet
380 968 449 994 veris
473 968 554 1004 falsa,
571 968 687 1002 receptis
704 972 731 995 et
744 968 884 995 concessis

94 1011 235 1047 principiis
250 1021 390 1047 nunquam
414 1014 582 1042 admittenda
599 1022 686 1049 eaque
698 1014 795 1042 callide
818 1014 884 1050 logi-

95 1066 136 1085 ca;
149 1059 351 1087 consecutionis
365 1059 410 1087 ﬁlo
427 1059 498 1087 inter
513 1068 542 1087 se
558 1060 709 1088 connectit.
727 1059 805 1093 Quod
820 1060 883 1087 atti-

94 1107 143 1130 net
157 1103 191 1131 ad
214 1104 346 1140 principia
373 1105 523 1141 theologica
550 1106 584 1133 ab
600 1105 729 1133 omnibus
754 1105 882 1137 admissa,

94 1149 139 1176 his
149 1150 321 1185 potissimum
333 1151 418 1178 utitur
432 1151 545 1178 Photius
562 1151 600 1179 :l.
618 1151 738 1178 Trinitas
762 1154 804 1178 est
822 1158 883 1178 om-

93 1196 162 1223 nino
204 1197 465 1230 consubstamialis;
505 1201 561 1224 tres
601 1204 728 1232 personae
758 1196 883 1224 eamdem

93 1241 199 1270 habent
212 1243 325 1270 omnino
339 1247 466 1270 naturam
482 1247 564 1278 atque
578 1243 739 1278 potentiam.
757 1243 790 1270 ll.
805 1242 884 1269 Pater

93 1292 138 1315 est
152 1288 238 1323 prima
258 1295 350 1321 causa,
373 1289 491 1324 primum
506 1289 681 1324 principium,
697 1297 729 1316 ex
747 1297 800 1324 quo
825 1294 883 1316 tum

94 1333 182 1362 Filius
194 1339 251 1361 tum
267 1334 386 1370 Spiritus
402 1340 525 1367 sanctus,
540 1335 592 1363 etsi
608 1343 662 1362 non
677 1336 772 1363 eodem
791 1335 882 1368 modo,

95 1389 176 1409 suum
191 1389 251 1409 esse
266 1381 441 1416 divinamque
465 1382 567 1409 habent
586 1382 744 1410 essentiam.
761 1382 805 1409 Ill.
832 1382 882 1409 Es-

93 1427 182 1454 sentia
196 1427 422 1459 communicatur,
444 1428 492 1455 sed
516 1428 673 1462 personales
699 1427 883 1463 proprietates

94 1472 284 1500 suntomnino
300 1473 582 1506 incommunicabiles,
609 1473 663 1503 vel.
685 1478 715 1500 ut
736 1473 883 1509 Gregorius

93 1517 282 1546 Nazianzenus
309 1519 438 1554 loquitur,
465 1518 496 1545 τὸ
523 1519 588 1546 ιδιον
619 1519 736 1546 ἑκάστου
763 1519 879 1546 ἀκοινώ-

93 1564 341 1599 νητον.(ϐ[..ῐοιιη.
362 1565 458 1592 Theol.
492 1572 560 1592 sess.
583 1564 617 1592 18
636 1564 745 1592 concilii
768 1563 883 1591 Floren-

93 1609 155 1641 tini,
171 1609 251 1638 Hard.
265 1610 345 1638 Cone.
361 1615 426 1638 tom.
444 1609 488 1643 IX,
504 1611 616 1646 p.201.)
632 1610 676 1638 ιν.
695 1610 836 1637 Servanda
852 1609 881 1636 in

93 1657 222 1684 omnibus
239 1661 280 1684 est
291 1657 383 1684 divina
394 1657 564 1689 monarchia,
578 1664 632 1691 qua
654 1656 785 1687 Trinitas,
802 1663 882 1690 quam

94 1703 244 1731 Christiani
260 1706 386 1735 adorant,
401 1712 415 1730 a
431 1704 586 1740 polyarchia
603 1704 776 1731 ethnicorum
791 1710 883 1730 secer-

91 1749 178 1776 nitur.
198 1749 266 1776 Cum
281 1750 324 1776 his
338 1750 390 1776 alia
406 1750 485 1777 etlata
498 1755 712 1783 connectuntur,
735 1757 795 1784 quae
811 1748 884 1783 apud

91 1794 234 1830 theologos
247 1799 275 1822 et
292 1795 362 1829 apud
377 1795 471 1822 Patres
491 1803 545 1822 non
566 1795 656 1822 minus
671 1800 727 1821 rata
741 1800 770 1821 et
788 1794 882 1828 explo-

92 1845 152 1868 rata
166 1844 240 1868 sunt.
258 1841 311 1868 Sed
322 1841 431 1875 propria
454 1840 543 1868 Photii
563 1841 698 1868 axiomata
720 1840 773 1874 iam
796 1839 882 1874 inspi-

91 1887 208 1914 ciamus.
222 1886 284 1914 llzec
299 1887 403 1922 potiora
417 1891 482 1914 sunt
496 1896 502 1914 :
515 1887 536 1913 Ι.
555 1886 624 1914 Filio
636 1894 744 1921 quoque
761 1886 882 1913 tribuere

91 1932 212 1968 Spiritus
239 1933 326 1960 sancti
361 1932 536 1967 spirationem
561 1936 604 1960 est
632 1933 682 1959 duo
703 1932 731 1959 in
749 1931 883 1959 Trinitate

93 1978 169 2015 [lii-1]
185 1983 305 2006 statuere
321 1979 464 2014 principia,
493 1985 579 2013 eaque
604 1978 675 2005 inter
705 1985 734 2005 se
764 1977 881 2005 diversa.

93 2023 130 2052 ll.
145 2024 296 2051 Producere
325 2024 456 2059 Spiritum
484 2028 607 2051 sanctum
628 2023 686 2050 sive
715 2023 818 2057 spirare
841 2027 883 2050 est

93 2070 257 2106 Itypostatica
285 2069 374 2097 Patris
391 2070 549 2104 proprietas.
579 2069 624 2096 lll.
653 2068 733 2095 Pater
749 2068 883 2103 quidquid

93 2122 127 2143 ex
141 2123 170 2142 se
189 2119 220 2142 ut
241 2123 274 2143 ex
304 2122 386 2143 causa
411 2116 548 2151 producit,
564 2115 668 2142 ratione
682 2123 813 2150 personar.
829 2123 882 2141 non

93 2166 186 2189 autem
215 2162 318 2188 ratione
333 2166 446 2193 naturw,
473 2161 611 2196 producit.
629 2160 673 2189 ιν.
699 2160 839 2196 Quidquid
851 2160 877 2187 in

93 2211 188 2235 sancta
208 2207 339 2235 Trinitate
355 2208 517 2243 concipitur,
533 2212 580 2235 aut
596 2208 676 2234 trium
703 2214 882 2242 personarum

898 1591 919 1622 ϐ

934 965 1010 1000 quasi
1020 965 1083 992 inde
1093 964 1177 992 Filius
1186 973 1200 992 a
1212 965 1329 1000 Spiritus
1335 967 1422 994 sancti
1429 967 1578 1002 spiratione
1587 967 1672 995 activa
1681 975 1727 995 ex-

936 1010 1092 1038 cluderetur
1107 1019 1193 1046 eaque
1203 1012 1250 1038 uni
1262 1010 1335 1038 Patri
1345 1012 1528 1040 vindicaretur
1551 1013 1646 1041 Merito
1662 1022 1725 1041 cum

934 1055 1015 1084 Petro
1025 1057 1224 1084 Mediolanensi
1234 1057 1287 1093 (De
1295 1067 1366 1093 proc.
1378 1058 1470 1094 Spirit.
1479 1064 1564 1086 sanct.
1575 1067 1600 1087 c.
1610 1059 1723 1093 ἅθ’-ατ.

935 1102 1036 1129 orlhod.
1053 1103 1145 1131 Romae
1163 1103 1241 1136 l65‘2,
1269 1108 1289 1131 t.
1314 1103 1334 1135 I.
1346 1113 1373 1139 p.
1385 1105 1448 1138 584,
1464 1106 1527 1141 585)
1540 1106 1595 1133 Leo
1611 1106 1726 1134 Allatius

935 1147 970 1184 (ε.
991 1148 1111 1184 Hotting.
1133 1158 1160 1184 p.
1179 1149 1243 1177 296.
1259 1149 1301 1178 Cf.
1337 1151 1446 1178 Enc/u'r.
1473 1151 1510 1178 De
1531 1160 1604 1184 prae.
1627 1151 1723 1186 Spirit.

933 1198 1018 1221 sanet.
1038 1193 1130 1222 Romae
1160 1195 1241 1228 1658,
1260 1203 1321 1230 cap.
1337 1199 1373 1230 γ’,
1387 1204 1413 1231 p.
1428 1196 1475 1232 ις’)
1504 1206 1512 1222 ε
1543 1197 1723 1224 criminantur

936 1239 1102 1267 schismatici
1132 1239 1244 1267 Latinos
1258 1241 1331 1276 quod
1347 1241 1436 1268 verbis
1451 1241 1550 1268 Christi
1567 1241 1667 1269 addant
1692 1251 1725 1269 ex

934 1285 1012 1317 Filio,
1033 1293 1084 1313 nec
1103 1286 1270 1314 erubescunt
1288 1287 1339 1322 ipsi
1355 1287 1454 1314 addere
1472 1296 1504 1314 ea:
1517 1288 1582 1315 solo.
1605 1288 1723 1323 Utraque

934 1330 1037 1358 additio
1064 1335 1123 1365 est;
1139 1332 1161 1359 si
1190 1337 1231 1360 est
1250 1333 1397 1367 culpanda,
1413 1341 1497 1368 quare
1518 1342 1574 1361 non
1598 1334 1626 1361 in
1652 1339 1724 1361 utro-

934 1378 1009 1413 que?
1035 1388 1043 1403 ι
1071 1378 1202 1406 Catholici
1225 1379 1344 1414 theologi
1374 1379 1543 1414 respondent
1564 1380 1723 1414 propositio-

934 1431 997 1451 nem
1017 1423 1098 1451 Joan.
1111 1433 1156 1456 xv,
1171 1424 1205 1451 26
1219 1433 1376 1460 expressam
1395 1432 1456 1452 csse
1469 1425 1659 1457 allirmantem,
1671 1434 1723 1452 non

934 1470 1121 1504 excludentem,
1137 1478 1169 1498 ac
1185 1475 1317 1506 praeterea
1331 1471 1461 1506 implicite
1477 1471 1575 1498 Filium
1593 1471 1637 1499 hic
1648 1480 1724 1498 com-

933 1517 1089 1550 memorari,
1102 1520 1158 1543 tttm
1170 1524 1202 1544 ex
1216 1516 1306 1544 verbis
1320 1525 1382 1544 cum
1404 1517 1447 1544 his
1470 1518 1564 1545 intime
1579 1518 1721 1550 connexis,

935 1566 993 1590 tum
1021 1570 1056 1590 ex
1081 1563 1165 1590 certis
1204 1563 1364 1598 theologicis
1392 1563 1557 1598 principiis;
1582 1572 1633 1592 nec
1663 1565 1724 1593 sine

935 1617 1025 1642 causa,
1059 1609 1113 1636 imo
1139 1617 1188 1644 pro
1214 1617 1290 1637 more
1317 1608 1521 1644 Scripturarum
1546 1611 1722 1645 peculiariter

935 1650 1007 1681 Patri
1023 1654 1309 1690 tribuispirationem;
1330 1662 1419 1690 neque
1438 1655 1547 1682 demum
1562 1655 1720 1683 obfuturum

934 1701 1019 1729 fuisse
1036 1701 1148 1733 Latinis,
1166 1702 1189 1728 si
1201 1701 1304 1729 dictum
1318 1707 1390 1730 esset
1404 1712 1411 1730 :
1426 1703 1478 1735 Qui
1509 1709 1541 1730 ex
1565 1702 1620 1729 solo
1641 1701 1722 1729 Patre

934 1748 1066 1783 procedit.
1083 1748 1189 1776 Etenim
1224 1749 1382 1784 regulariter
1397 1769 1405 1782 ,
1436 1753 1466 1776 ut
1486 1749 1523 1775 ait
1547 1748 1576 1775 S.
1601 1748 1722 1775 Thomas

936 1793 1055 1829 (Summa
1067 1793 1144 1821 tlteol.
1161 1802 1189 1828 p.
1207 1794 1233 1826 1,
1259 1802 1286 1828 q.
1308 1794 1353 1827 56,
1369 1802 1394 1821 a.
1410 1794 1428 1822 2
1446 1794 1480 1821 ad
1499 1794 1537 1828 l).
1558 1803 1567 1819 ί
1584 1794 1666 1821 etiam
1695 1794 1723 1820 in

934 1847 1010 1866 sacra
1039 1840 1177 1874 Scriptura
1201 1840 1349 1867 tenendum
1379 1844 1430 1872 est,
1455 1840 1527 1874 quod
1547 1840 1573 1866 id
1599 1840 1672 1874 quod
1689 1840 1723 1867 de

933 1885 1013 1913 Patre
1026 1886 1137 1919 dicitur,
1156 1891 1263 1921 oportet
1276 1886 1310 1913 de
1325 1886 1393 1913 Filio
1414 1885 1537 1921 intelligi,
1553 1886 1656 1913 etiamsi
1683 1886 1724 1912 di—

934 1930 985 1957 ctio
996 1929 1127 1957 exclusiva
1138 1930 1265 1962 addatur,
1281 1930 1335 1957 nisi
1350 1930 1438 1957 solum
1459 1931 1484 1957 in
1503 1930 1555 1957 illis
1578 1930 1605 1956 in
1619 1930 1720 1964 quibus

934 1975 1015 2003 Pater
1026 1979 1054 2002 et
1064 1975 1149 2002 Filius
1165 1976 1316 2003 secundum
1343 1976 1482 2011 oppositas
1495 1976 1641 2003 relationes
1665 1976 1722 2003 dis-

934 2021 1103 2057 tinguuntur.
1116 2021 1184 2048 Cum
1205 2021 1278 2048 enim
1306 2021 1438 2049 Dominus
1466 2021 1562 2049 Matth.
1580 2029 1619 2053 xl,
1634 2021 1722 2048 dicit:

933 2067 1017 2095 Nemo
1032 2068 1102 2095 novit
1118 2068 1216 2095 Filium
1229 2067 1279 2094 nisi
1295 2066 1388 2099 Pater,
1402 2076 1458 2095 non
1477 2068 1640 2100 excluditur,
1656 2067 1723 2102 quin

933 2113 1018 2141 Filius
1032 2121 1061 2141 se
1077 2114 1165 2149 ipsum
1185 2117 1341 2149 cognoscat.
1358 2114 1406 2141 Sic
1423 2114 1514 2149 igitur,
1530 2121 1592 2141 cum
1609 2113 1721 2145 dicitur,

933 2160 1005 2195 quod
1030 2159 1149 2195 Spiritus
1171 2165 1282 2187 sanctus
1302 2167 1317 2187 a
1345 2159 1424 2186 Patre
1453 2159 1592 2193 procedit,
1615 2159 1721 2185 etiamsi

934 2206 1078 2233 adderetur
1102 2206 1174 2241 quod
1189 2214 1204 2233 a
1229 2206 1287 2233 solo
1303 2205 1383 2232 Patre
1405 2205 1538 2240 procedit,
1553 2212 1608 2231 non
1629 2205 1722 2231 exclu-

93 2261 230 2280 commune
246 2257 287 2281 est
300 2258 346 2280 aut
371 2261 496 2288 personae
509 2255 586 2281 unius
594 2254 741 2289 proprium.
758 2252 792 2290 ν,
809 2252 883 2280 Nihil
898 2260 921 2289 ι)
934 2253 1044 2279 deretur
1067 2252 1130 2279 inde
1156 2251 1250 2285 Filius,
1267 2252 1331 2287 quia
1353 2255 1485 2286 quantum
1506 2251 1540 2278 ad
1564 2251 1618 2278 hoc
1649 2250 1722 2284 quod

93 2298 123 2328 in
135 2298 267 2326 Trinitate
288 2303 377 2334 potest
400 2306 461 2326 esse
480 2299 581 2326 duabus
598 2300 717 2334 personis
733 2306 882 2326 commune.

93 2344 142 2372 Vl.
155 2345 290 2380 Quidquid
305 2346 338 2372 de
359 2345 492 2372 Trinitate
503 2345 614 2378 dicitur,
628 2349 674 2372 aut
694 2344 817 2372 naturale
842 2348 879 2371 est

93 2396 143 2419 aut
154 2392 346 2427 hypostaticnm
363 2391 406 2426 (eo
429 2391 533 2418 scilicet
558 2399 640 2418 sensu
670 2390 882 2426 hypostaticum,

93 2445 148 2473 quo
164 2437 244 2464 unius
264 2445 388 2471 persona:
404 2437 656 2464 characteristicum
672 2441 701 2464 et
719 2436 881 2472 proprium).

94 2482 154 2510 Vll.
171 2481 215 2510 Uti
232 2481 324 2515 Filius,
341 2482 380 2510 sic
395 2487 422 2509 et
434 2482 551 2517 Spiritus
569 2486 680 2509 sanctus
697 2487 739 2510 est
753 2491 786 2510 ex
802 2483 883 2510 Patre

91 2528 245 2555 immediate
257 2531 280 2553 et
295 2527 422 2560 proxime,
437 2527 513 2554 nullo
532 2527 622 2554 medio
638 2528 800 2555 exsistente.
817 2527 881 2555 Haec

92 2582 159 2603 vero
176 2573 311 2600 axiomala
328 2573 383 2601 fere
400 2574 489 2602 omnia
500 2574 555 2608 jam
567 2573 681 2601 adduxit
695 2574 883 2601 Joan.Beccus

93 2625 151 2648 tum
170 2620 197 2646 in
215 2620 318 2646 Camat.
334 2620 476 2647 Animadv.
494 2619 627 2655 (Gnorth.
642 2620 674 2650 Il.
688 2629 714 2655 p.
733 2621 806 2654 l9l),
826 2626 883 2648 tum

93 2671 164 2693 orat.
181 2666 209 2696 2.
234 2666 267 2693 de
284 2666 454 2700 depositione
477 2666 587 2701 injustn,
609 2664 682 2707 υξὲιι
697 2667 775 2699 (Ibid.
794 2675 821 2701 p.
839 2667 883 2697 75)

94 2718 223 2747 tanquam
240 2721 255 2739 a
268 2712 366 2740 Photio
379 2713 485 2740 invecta
501 2718 529 2740 et
542 2719 719 2749 propugnata.
748 2713 802 2742 Sed
826 2714 884 2742 haec

93 2759 122 2785 in
147 2758 212 2785 libro
232 2763 321 2785 nostro
341 2758 446 2785 disertis
473 2759 556 2785 verbis
573 2760 757 2794 reperiuntur,
777 2760 804 2787 in
830 2768 884 2795 quo

94 2804 264 2840 potissimum
276 2804 456 2839 theologicum
467 2805 527 2839 ejus
536 2803 652 2840 pretium
662 2806 883 2834 constituendum

93 2858 155 2880 esse
181 2859 334 2878 censemus.
357 2851 415 2878 Non
436 2851 524 2878 solum
545 2851 697 2880 doctrinam
718 2853 750 2880 de
766 2852 884 2888 Spiritus

95 2895 182 2924 sancti
195 2904 224 2923 ex
238 2895 296 2924 solo
308 2896 387 2924 Patre
400 2896 576 2932 processione
592 2897 663 2933 apud
676 2897 784 2926 Graecos
798 2898 883 2926 intro-

934 2303 1046 2325 estesse
1057 2297 1134 2334 [HG]
1146 2299 1309 2333 principium
1326 2297 1445 2333 Spiritus
1456 2297 1553 2330 sancti,
1567 2304 1623 2324 non
1639 2305 1724 2332 oppoo

934 2349 1036 2371 nuntur
1050 2343 1130 2371 Pater
1146 2348 1173 2372 et
1186 2344 1280 2377 Filius,
1297 2343 1345 2372 sed
1360 2345 1448 2372 solum
1474 2348 1605 2378 quantum
1622 2343 1654 2370 ad
1673 2343 1726 2370 hoc

933 2390 1004 2424 quod
1017 2390 1060 2417 hic
1070 2394 1110 2417 est
1128 2389 1208 2417 Pater
1219 2394 1247 2417 et
1261 2390 1306 2417 ille
1318 2389 1412 2417 Filius.
1434 2398 1444 2415 ι
1461 2389 1590 2416 Solemne
1601 2394 1644 2416 est
1657 2389 1723 2416 illud

934 2435 1075 2471 Augustini
1096 2437 1186 2471 (tract.
1198 2436 1242 2468 99,
1256 2436 1283 2462 in
1297 2436 1388 2470 Joan.)
1402 2444 1408 2461 :
1424 2445 1433 2461 ε
1449 2435 1476 2461 Si
1488 2442 1552 2470 ergo
1563 2434 1596 2461 de
1605 2434 1684 2461 Patre
1698 2439 1726 2461 et

933 2481 966 2508 de
979 2480 1050 2508 Filio
1062 2481 1184 2516 procedit
1202 2482 1319 2517 Spiritus
1336 2486 1457 2514 sanctus,
1472 2489 1522 2508 cur
1537 2480 1621 2507 Filius
1636 2480 1703 2508 dixit
1716 2488 1722 2505 :

934 2527 972 2554 De
990 2526 1068 2554 Patre
1080 2528 1222 2562 procedit?
1238 2528 1303 2559 Cur,
1322 2532 1414 2562 putas,
1425 2527 1477 2554 nisi
1495 2527 1726 2561 quemadmodum

934 2573 968 2601 ad
984 2581 1047 2601 eum
1062 2575 1133 2601 solet
1150 2574 1253 2601 referre
1269 2578 1298 2601 et
1312 2573 1385 2608 quod
1405 2574 1489 2608 ipsius
1503 2578 1555 2606 cst,
1573 2573 1607 2600 dc
1630 2581 1684 2608 quo
1698 2577 1727 2601 et

934 2621 992 2656 ipse
1004 2621 1062 2648 est?
1080 2619 1158 2648 Unde
1182 2620 1246 2647 illud
1272 2625 1314 2648 est
1341 2621 1414 2655 quod
1438 2621 1476 2647 ait
1495 2629 1501 2647 :
1519 2620 1577 2647 Mea
1603 2620 1726 2647 doctrina

936 2675 987 2693 non
998 2672 1035 2694 est
1042 2675 1111 2699 mea,
1124 2667 1169 2694 sed
1183 2666 1239 2701 ejus
1255 2667 1300 2701 qui
1325 2667 1396 2693 misit
1410 2675 1460 2694 me.
1481 2666 1510 2694 Si
1526 2667 1606 2702 igitur
1622 2666 1724 2692 intelli—

934 2713 1006 2748 gitur
1033 2713 1078 2741 hic
1100 2714 1160 2748 ejus
1182 2714 1305 2741 doctrina
1321 2734 1328 2746 ,
1355 2722 1437 2749 quam
1465 2718 1555 2740 tamen
1583 2713 1652 2740 dixit
1674 2719 1726 2739 non

934 2767 1023 2792 suam,
1038 2759 1086 2786 sed
1105 2759 1212 2786 Patris:
1225 2764 1329 2794 quanto
1352 2760 1438 2794 magis
1456 2759 1511 2786 illic
1534 2757 1726 2793 intelligendus

934 2809 977 2833 est
995 2805 1070 2833 etde
1094 2805 1153 2840 ipso
1174 2805 1324 2840 procedere
1340 2805 1459 2840 Spiritus
1475 2808 1595 2836 sanctus,
1617 2803 1664 2830 ubi
1684 2803 1724 2830 sic

934 2851 973 2878 ait
987 2860 993 2877 :
1009 2851 1048 2878 De
1070 2851 1150 2878 Patre
1161 2851 1288 2887 procedit,
1303 2855 1334 2879 ut
1351 2859 1408 2878 non
1422 2851 1541 2878 diceret:
1554 2849 1592 2876 De
1611 2858 1652 2877 me
1671 2857 1724 2877 non

935 2897 1072 2932 procedit?
1087 2907 1095 2924 ι
1113 2897 1230 2927 Uberius
1246 2898 1515 2934 idcmargumcntum
1525 2896 1655 2925 evolvunt
1672 2896 1723 2923 Pe-
