1941 3085
73 170 126 203 117

422 168 472 198 DE
492 167 523 198 S.
540 167 639 198 SPIR.
659 165 907 197 MYSTAGOGIA.
925 179 959 184 —
977 164 1350 196 ANIMADVERSIONES.

1639 162 1692 195 US

73 218 228 255 ostenditur
251 223 331 251 verba
344 222 400 255 illa,
414 222 444 248 ὃν
463 220 519 255 ἐγὼ
534 221 634 256 πέμψω
655 220 730 256 παρὰ
743 220 792 246 τοῦ
803 219 859 246 Πα-

916 220 1113 256 progressiones
1144 220 1313 255 conﬁngunt,
1339 217 1513 247 insaniunt...
1537 218 1693 246 Indicantnr

72 271 146 307 τρδς,
158 271 188 298 τὺ
202 270 314 305 Πνεῦμα
328 268 376 303 τῆς
397 266 526 302 ἀληθείας
550 268 616 303 (tl),
630 265 796 294 sufﬁcienter
808 265 856 293 dc-

73 316 188 347 clarare,
201 323 256 342 non
279 314 374 341 abesse
394 311 492 339 Filium
514 319 529 338 a
554 311 672 346 Spiritus
686 310 774 339 sancti
797 310 857 345 spi-

72 361 189 389 ratione.
217 360 270 388 Sed
283 368 339 396 prae
358 359 464 388 caeteris
477 358 627 386 notandum
648 362 701 389 est,
718 357 858 394 theologo-

73 415 134 434 rum
154 407 221 434 illud
238 410 438 442 argumentum.
455 412 510 440 quo
537 412 572 432 ex
588 404 718 432 missione
740 403 858 438 Spiritus

72 461 123 489 per
135 452 245 485 Filium,
261 451 333 479 illius
349 451 383 478 ab
394 450 489 478 eodem
502 450 641 485 processio
655 449 857 484 comprobatur.

108 499 136 527 5.
155 497 216 526 Jam
230 497 316 532 ipsius
331 496 420 524 Photii
434 503 492 523 aevo
505 495 669 523 Batramnus
683 494 859 523 Corbeiensis

72 545 102 580 (l.
117 552 137 577 ι,
149 551 175 572 c.
192 543 217 577 1,
231 551 260 579 p.
276 542 339 576 229,
359 542 515 578 emunctae)
531 542 568 569 ita
583 541 714 577 arguebat
730 550 737 568 :
757 549 767 566 ι
780 540 859 575 Legi-

73 590 129 617 tis:
143 589 190 625 qui
214 597 230 616 a
245 588 325 616 Patre
340 588 472 624 procedit,
483 593 510 615 et
524 588 618 615 audire
631 595 686 614 non
704 586 787 614 vultis
816 587 858 615 di-

72 640 182 663 centem
203 633 303 662 Filium
317 643 324 662 :
337 633 419 666 Quem
445 642 491 669 ego
514 633 617 660 mittam
633 633 703 660 vobis
730 641 746 659 a
768 632 858 660 Patre.

73 681 161 709 Dicite
183 681 412 716 quemadmodum
431 680 555 708 mittatur
571 687 586 707 a
601 679 687 713 Filio;
704 679 758 707 hoc
779 687 858 706 nam-

73 733 128 761 que
140 725 230 754 dicere
248 725 346 752 Filium
368 733 424 752 non
450 724 565 760 negatis,
577 724 599 752 si
625 728 717 751 tamen
739 723 861 759 Evange-

75 771 141 799 Iium
151 771 240 807 legitis
252 776 300 799 aut
312 771 460 807 Evangelia
471 771 494 799 si
512 771 633 799 creditis.
650 771 703 798 Aut
717 777 782 806 ergo
795 770 862 797 mis-

74 817 179 845 sionem
203 817 276 845 hanc
299 816 466 844 conﬁtemini
494 816 695 852 processionem,
715 820 772 847 aut,
788 814 860 850 quod

908 265 990 292 rebus
1009 265 1179 300 temporariis
1193 265 1370 299 sempiterna.
1382 264 1504 299 Namque
1519 264 1630 291 mittens
1663 264 1691 291 in

908 310 974 338 illud
995 311 1065 345 quod
1095 310 1221 344 mittitur,
1236 310 1391 345 dignitatem
1415 309 1560 345 quamdam
1580 317 1692 344 prorsus

907 356 1028 389 obtinet;
1046 361 1074 384 at
1085 356 1111 383 in
1123 361 1216 384 sancta
1226 356 1358 384 Trinitate
1372 364 1428 382 non
1443 359 1485 383 est
1501 355 1540 382 las
1556 355 1634 382 nobis
1647 355 1690 382 in-

908 401 1029 436 telligere
1052 401 1132 428 unius
1152 409 1276 436 personae
1301 401 1329 428 in
1347 401 1426 428 aliam
1450 400 1621 436 dignitatem,
1641 400 1692 426 nisi

908 454 968 474 eam
983 451 1088 474 tantum
1110 455 1170 481 quae
1189 448 1276 474 oritur
1294 455 1326 474 ex
1352 446 1466 482 origine.
1480 446 1544 474 Ideo
1566 453 1654 481 neque
1678 454 1694 472 a

909 492 978 520 Filio
991 492 1110 524 Patrem,
1127 500 1216 527 neque
1236 501 1250 519 a
1269 492 1372 527 Spiritu
1393 491 1489 519 Filium
1505 491 1568 526 (nisi
1595 499 1694 518 secun-

909 538 973 565 dum
984 538 1193 572 humanitatem)
1208 539 1277 565 mitti
1286 538 1492 566 traduntdivina
1505 537 1617 572 Eloquia
1628 537 1694 572 (η).

909 583 1013 611 Revera
1035 583 1109 620 [I51]
1137 591 1199 612 cum
1224 584 1368 611 missiones
1394 584 1421 610 in
1442 583 1542 611 divinis
1566 590 1620 609 non
1641 582 1696 609 sint

909 630 1058 658 secundum
1085 631 1340 665 imperium,ncque
1366 630 1516 657 secundum
1540 628 1695 661 consilium,

910 676 958 704 sed
988 676 1137 703 secundum
1172 676 1305 712 originem
1343 676 1527 712 intelligenda:
1544 696 1551 709 ,
1579 675 1695 710 theologi

910 721 1011 749 exinde
1033 722 1163 756 colligunt
1186 722 1303 749 divinam
1327 730 1482 757 personam,
1498 730 1558 757 quae
1580 722 1698 749 mitlilur

911 767 944 795 ab
953 767 1014 799 alia,
1032 768 1066 795 ab
1076 775 1107 795 ea
1117 773 1190 796 certe
1204 768 1304 795 habere
1318 768 1460 803 originem,
1476 771 1504 795 et
1517 775 1580 794 cum
1596 775 1610 794 a
1626 767 1696 795 Filio

913 818 1024 841 sanctus
1038 814 1155 848 Spiritus
1175 814 1253 842 nobis
1267 814 1461 841 communicari
1485 821 1516 841 ac
1531 813 1601 840 mitti
1622 813 1696 841 dica-

74 869 117 890 cst
136 863 260 898 impium,
274 863 434 898 obsequium,
451 867 479 890 et
501 862 589 894 eritis,
604 861 676 897 quod
702 861 784 894 absit,
798 869 860 888 cum
875 894 895 898 _
913 863 958 886 tur
985 859 1073 894 (Joan.
1091 868 1136 892 xv,
1153 859 1205 892 26;
1225 867 1280 890 xvi,
1297 860 1329 892 7;
1347 867 1392 892 xx,
1406 859 1465 894 ‘22).
1483 859 1545 886 inde
1559 859 1698 886 deducunt

73 909 150 942 Ario,
164 894 210 945 qui
228 894 361 936 minorem
379 894 504 944 dogmate
513 894 641 944 perverso
652 907 782 943 Spiritum
797 914 861 934 san-
874 894 898 924 Β
913 904 995 939 hujus
1019 904 1053 932 ab
1075 905 1120 932 illo
1143 905 1354 940 processionem.
1370 905 1441 932 Hinc
1463 905 1629 940 Augustinus
1648 905 1699 940 (De

74 959 147 982 ctum
160 954 298 982 asserebat
308 953 411 982 Filio...
428 953 511 989 Igitur
522 961 584 981 cum
600 951 671 981 dicat
682 953 776 985 Filius,
794 952 861 980 mis-

74 1007 169 1027 surum
183 1007 214 1027 se
229 1007 291 1027 esse
305 999 436 1034 Spiritum
456 999 577 1027 veritatis
595 999 641 1034 qui
661 997 737 1035 [150]
754 1006 768 1025 a
782 997 862 1025 Patre

74 1045 207 1081 procedit,
221 1045 345 1081 profecto
364 1045 463 1073 fatetur
477 1046 549 1081 quod
561 1053 577 1073 a
592 1053 621 1074 se
635 1046 707 1073 dicat
719 1053 780 1073 cum
799 1052 862 1081 pro-

74 1092 182 1124 cedere,
205 1093 270 1120 dum
290 1091 434 1120 conﬁrmat
454 1100 517 1120 eum
541 1100 571 1120 se
590 1092 710 1120 mittere.
726 1091 862 1120 Fortassis

74 1138 253 1172 quaestionem
269 1137 342 1170 facit,
355 1137 426 1172 quod
444 1145 499 1164 non
511 1137 671 1172 simpliciter
685 1137 784 1164 dixerit
802 1136 862 1163 Sal-

74 1187 154 1212 vator
168 1192 176 1212 :
193 1183 277 1216 Quem
292 1191 338 1219 ego
362 1185 467 1210 mittant
486 1183 557 1211 vobis
569 1204 577 1217 ,
600 1183 648 1210 sed
670 1183 804 1210 addiderit
819 1191 827 1210 :
841 1182 864 1209 Α

73 1229 164 1257 Patre.
180 1229 238 1256 Hoc
252 1229 345 1256 Ariani
357 1236 467 1256 movere
478 1229 568 1264 primi,
584 1229 696 1264 gradum
710 1228 801 1256 facere
815 1235 864 1256 vo-

75 1276 165 1302 lentes
183 1275 210 1302 in
222 1275 380 1303 Divinitate.
397 1274 452 1303 Sed
471 1275 609 1311 Evangelii
624 1275 723 1302 veritas
747 1275 865 1302 consub-

75 1320 231 1348 stantialem
257 1320 342 1348 totius
379 1320 522 1348 Trinitatis
562 1320 681 1349 ostendit
721 1321 863 1348 unitatem.

75 1366 203 1393 Procedit
226 1365 345 1401 Spiritus
366 1370 477 1394 sanctus
497 1373 513 1393 a
533 1365 623 1399 Patre,
644 1367 706 1401 quia
736 1367 770 1394 de
793 1366 865 1394 illius

76 1411 229 1439 substantia
260 1416 361 1439 manat.
382 1411 462 1439 Mittit
480 1419 589 1447 quoque
621 1412 707 1440 Filius
731 1412 865 1448 Spiritum

75 1456 199 1484 veritatis
213 1464 228 1484 a
249 1457 341 1489 Patre,
352 1458 417 1492 quia
450 1456 568 1492 Spiritus
583 1462 694 1485 sanctus
720 1462 749 1485 ut
770 1465 785 1485 a
798 1457 866 1485 Filio

76 1503 215 1538 proeedat,
230 1502 290 1538 ipse
302 1507 383 1530 natus
391 1506 434 1530 est
445 1510 478 1530 ex
486 1500 577 1536 Patre,
591 1507 619 1531 et
629 1503 698 1531 sicut
709 1503 816 1538 accepit
831 1504 865 1531 de

76 1548 157 1576 Patre
177 1547 262 1576 Filius
281 1549 420 1577 nascendo
442 1549 631 1583 substantiam,
647 1549 686 1578 sic
707 1550 800 1577 itidem
818 1558 864 1578 aes

77 1595 151 1630 cepit
167 1602 182 1621 a
206 1594 297 1626 Patre,
314 1598 343 1622 ut
364 1593 494 1630 Spiritum
509 1595 628 1623 veritatis
657 1595 779 1623 mitteret
794 1604 809 1623 a
835 1603 865 1623 se

78 1641 260 1676 procedendo.
289 1641 414 1676 Alioquin
445 1649 506 1669 cum
533 1641 627 1669 dicit:
657 1640 708 1674 Qui
739 1651 755 1669 ιι
785 1641 865 1669 Patre

78 1687 211 1722 procedit,
227 1694 281 1714 non
290 1691 371 1722 negat
381 1694 395 1713 a
405 1694 434 1714 se
451 1687 611 1722 procedere,
631 1687 759 1722 quoniam
775 1688 865 1714 missio

78 1731 144 1758 Filii
154 1731 286 1766 processio
296 1737 333 1759 est
342 1731 457 1767 Spiritus
467 1734 570 1765 sancti;
586 1737 617 1760 ut
627 1733 717 1760 mittat
733 1733 865 1768 Spiritum

78 1778 202 1806 veritatis
230 1786 284 1805 non
310 1784 438 1813 tanquam
466 1778 622 1810 minorem,
656 1779 774 1813 jubemlo
804 1779 862 1814 ipse

81 1823 170 1857 major
194 1823 360 1856 exsistendo,
376 1823 423 1851 sed
442 1824 578 1852 missionis
592 1825 674 1852 verbo
687 1829 865 1858 monstratur,

77 1868 142 1903 quia
157 1867 228 1894 sicut
250 1867 373 1902 procedit
401 1867 518 1903 Spiritus
544 1868 668 1896 veritatis
693 1877 708 1896 a
723 1870 814 1904 Patre,
828 1870 868 1898 sic

78 1914 162 1942 ctiam
180 1913 304 1948 procedit
318 1921 332 1940 a
345 1911 423 1941 Filio.
444 1923 453 1940 ›
471 1928 505 1934 -
520 1913 645 1942 Cousona
667 1912 750 1943 tradit
764 1915 867 1944 Beccus

80 1960 119 1994 (in
134 1959 270 1986 Camateri
297 1959 438 1986 Animadv.
466 1967 491 1986 c.
511 1959 537 1986 1.
553 1959 585 1988 G.
611 1959 642 1987 0.
660 1960 692 1992 Il,
706 1961 770 1993 297,
782 1961 844 1996 298)
858 1969 865 1988 :

82 2016 91 2030 ί
110 2005 188 2039 Quod
206 2005 279 2032 enim
294 2004 352 2040 (Sp.
377 2005 478 2040 sanet.)
489 2013 504 2032 a
522 2004 602 2032 Patre
615 2009 644 2032 et
658 2006 726 2034 Filio
739 2007 866 2039 mittitur,

79 2058 142 2077 cum
153 2058 167 2076 a
178 2053 278 2077 neutro
288 2050 323 2076 ad
340 2050 445 2076 modum
462 2050 530 2077 servi
546 2050 739 2087 (διακονικῶς).
755 2060 868 2087 prorsus

81 2095 242 2122 naturaliter
262 2095 345 2123 veluti
356 2103 390 2123 ex
410 2096 529 2124 essentia
554 2097 697 2132 utriusque
721 2099 837 2126 exsistit.
855 2109 864 2126 ι

81 2141 116 2168 Et
125 2141 256 2177 Georgius
271 2140 469 2176 Trapezuntius
481 2142 531 2178 (De
546 2151 600 2170 una
621 2144 691 2170 catlt.
707 2143 781 2173 Eccl.
795 2152 820 2172 c.
839 2146 866 2179 5,

80 2187 112 2215 G.
129 2186 160 2215 0.
175 2185 196 2219 I,
208 2187 271 2220 540,
282 2187 345 2222 541)
360 2197 367 2215 :
387 2198 395 2214 ι
413 2187 477 2215 Inde
490 2189 614 2224 procedit
627 2188 746 2224 Spiritus
758 2197 868 2220 sanctus

914 949 985 977 Trin.
995 959 1031 982 iv,
1042 950 1100 986 20),
1117 959 1196 986 quem
1209 952 1290 979 etiam
1301 952 1412 980 adducit
1424 951 1525 978 (Encas
1537 951 1698 979 I’arisiensis

915 997 950 1032 (c.
963 997 1050 1025 Grtcc.
1064 1005 1089 1025 c.
1108 997 1160 1031 40;
1177 997 1277 1030 Mtexe,
1301 998 1405 1025 Patrol.
1419 1002 1439 1024 t.
1459 997 1552 1030 CXXI,
1570 1006 1597 1032 p.
1616 997 1696 1032 708):

917 1052 926 1070 ε
944 1043 1033 1077 Pater,
1050 1044 1148 1079 inquit,
1159 1051 1220 1071 cum
1237 1052 1268 1072 ex
1285 1049 1406 1080 tempore
1422 1052 1437 1072 a
1452 1052 1587 1079 quoquam
1598 1051 1699 1079 cogno—

913 1089 1008 1121 scitur,
1021 1098 1073 1116 non
1085 1090 1181 1117 dicitur
1195 1090 1299 1117 missus.
1310 1090 1369 1117 Non
1381 1090 1454 1117 enim
1469 1090 1550 1117 habet
1560 1090 1594 1117 de
1603 1097 1656 1124 quo
1665 1089 1700 1116 sit

913 1139 961 1162 aut
985 1142 1016 1162 ex
1034 1143 1088 1170 quo
1108 1136 1254 1170 procedat;
1273 1145 1282 1161 ›
1310 1140 1338 1163 et
1365 1135 1440 1171 IIugo
1473 1135 1699 1170 Rothomagensis

914 1179 1022 1215 (Contra
1045 1180 1135 1207 lueret.
1157 1180 1176 1207 l.
1201 1188 1220 1213 ι,
1235 1188 1260 1207 c.
1293 1180 1311 1207 2
1340 1180 1409 1208 Bibl.
1436 1180 1490 1208 PP.
1514 1189 1586 1207 mas.
1611 1179 1698 1216 Lugd.

915 1229 937 1253 t.
954 1225 1039 1259 XXII,
1052 1234 1080 1261 p.
1097 1226 1175 1256 1511)
1189 1236 1195 1253 :
1215 1236 1224 1252 (
1243 1226 1347 1254 Patera
1362 1227 1437 1254 nullo
1448 1231 1506 1261 est;
1523 1227 1562 1254 sic
1573 1233 1624 1254 nec
1632 1226 1700 1254 mis-

915 1279 962 1299 sus
976 1277 1033 1305 est;
1044 1272 1107 1307 quia
1122 1280 1187 1300 vero
1202 1281 1235 1299 ex
1251 1273 1329 1300 Patre
1340 1278 1381 1300 est
1393 1272 1477 1300 Filius
1490 1277 1518 1300 et
1532 1281 1566 1300 ex
1582 1278 1699 1308 utroque

916 1317 1044 1353 Spiritus,
1058 1319 1127 1346 bene
1138 1323 1252 1354 uterque
1263 1319 1332 1346 mitti
1346 1319 1444 1354 potuit,
1457 1327 1471 1346 a
1489 1327 1544 1354 quo
1558 1319 1675 1346 exsistit.
1691 1329 1699 1343 ι

916 1363 1054 1400 Sagaciter
1066 1373 1175 1401 quoque
1194 1366 1246 1393 hoc
1260 1370 1421 1401 argumento
1432 1366 1516 1393 utitur
1531 1365 1606 1402 Ilugo
1620 1365 1702 1393 Ethe-

916 1411 1009 1438 rianus
1021 1411 1050 1446 (Ι.
1063 1419 1099 1443 c.,
1112 1412 1131 1438 I.
1144 1419 1163 1444 ι,
1176 1419 1201 1439 c.
1217 1412 1261 1444 I0,
1272 1412 1317 1444 M,
1332 1420 1360 1447 p.
1373 1412 1452 1445 1201,
1469 1411 1549 1447 1208)

950 1458 978 1486 4.
997 1457 1050 1486 Sed
1067 1458 1235 1486 reticendum
1252 1459 1297 1486 hic
1311 1467 1366 1486 non
1376 1464 1428 1492 est,
1444 1458 1508 1494 quid
1520 1459 1553 1486 ad
1566 1466 1703 1486 enervan-

916 1503 981 1530 dum
1002 1503 1054 1530 hoc
1065 1507 1254 1539 argumentum
1266 1503 1330 1531 alibi
1344 1504 1458 1531 Photius
1488 1508 1599 1532 statuat.
1628 1504 1703 1531 Con-

919 1548 1004 1576 tendit
1021 1548 1095 1576 enim
1108 1548 1286 1583 (Amphiloch.
1299 1556 1326 1584 q.
1345 1549 1407 1581 I88,
1426 1549 1470 1576 ed.
1483 1549 1533 1576 Mai
1556 1547 1623 1576 νεα.
1642 1549 1702 1576 Ser.

917 1603 983 1622 nova
995 1594 1103 1622 Collect.
1114 1595 1136 1628 I,
1151 1603 1182 1627 Il,
1196 1603 1223 1630 p.
1241 1595 1315 1630 180).
1327 1595 1475 1631 quamlibet
1497 1595 1578 1623 trium
1605 1603 1700 1631 perso-

916 1649 1014 1669 narum
1029 1641 1063 1668 ab
1077 1641 1129 1668 alia
1143 1641 1223 1674 mitti,
1239 1641 1294 1668 imo
1311 1641 1399 1676 ipsum
1426 1641 1533 1669 Patrem
1547 1649 1562 1668 a
1578 1641 1646 1669 Filio
1672 1646 1702 1668 et

918 1688 1022 1722 Spiritu
1037 1692 1132 1716 sancto
1144 1688 1260 1715 missum
1272 1687 1325 1715 dici
1349 1686 1424 1715 Isaiae
1444 1696 1538 1720 min,
1552 1687 1596 1720 16,
1610 1687 1704 1715 verbis

917 1733 989 1761 illis:
1006 1733 1039 1760 Et
1052 1741 1121 1760 nunc
1135 1733 1262 1760 Dominus
1278 1733 1368 1769 (Deus)
1386 1734 1457 1760 misit
1481 1742 1523 1761 me
1539 1738 1564 1760 et
1588 1733 1704 1769 Spiritus

918 1779 985 1813 ejus.
995 1778 1072 1811 Quod
1084 1786 1193 1805 rursum
1205 1778 1231 1804 in
1242 1778 1294 1805 alia
1311 1778 1461 1813 quaestione
1474 1778 1558 1813 tangit
1568 1778 1704 1813 (Galland.

919 1823 987 1852 Bibl.
1002 1823 1060 1850 PP.
1072 1823 1143 1855 XIII,
1157 1823 1219 1855 749.,
1232 1823 1295 1858 745)
1320 1823 1353 1850 de
1368 1823 1448 1850 Joan.
1463 1831 1518 1856 xtv,
1540 1823 1581 1854 l0,
1609 1831 1703 1859 agens,

918 1869 964 1896 ubi
982 1868 1205 1904 Chrysostomum
1223 1868 1297 1905 [152]
1313 1869 1418 1896 inducit
1429 1876 1462 1896 ex
1485 1869 1573 1896 allatis
1584 1869 1704 1904 prophe-

919 1920 952 1943 ta:
981 1916 1071 1943 verbis
1085 1915 1315 1943 concludenlem:
1339 1915 1382 1946 Ὠς
1399 1915 1419 1941 ίὸ
1445 1915 1540 1950 Πατὴρ
1565 1915 1607 1950 εἴη
1634 1916 1704 1942 am.

919 1961 1096 1997 στελλόμενος
1111 1961 1186 1997 παρά
1201 1970 1231 1988 τε
1255 1970 1302 1988 sou
1318 1961 1477 1996 Πνεῦματος
1492 1961 1599 1988 καὶτοῦ
1625 1961 1704 1989 Υῑοῦ.

918 2006 1040 2041 Respicit
1056 2011 1130 2034 certe
1140 2007 1174 2034 ad
1190 2007 1329 2034 homiliam
1348 2007 1382 2034 de
1391 2006 1493 2042 Spiritu
1505 2011 1610 2039 sancto,
1625 2007 1704 2042 cuius

919 2058 1023 2088 partem
1038 2052 1067 2080 in
1093 2052 1263 2086 Bibliotheca,
1282 2053 1342 2081 cod.
1359 2053 1424 2086 277,
1442 2061 1469 2088 p.
1491 2052 1553 2085 812,
1579 2053 1624 2080 ed.
1643 2058 1700 2081 vet.

919 2098 1090 2126 recitaverat.
1113 2098 1166 2126 Sed
1186 2099 1214 2126 in
1228 2099 1323 2134 primis
1338 2099 1413 2126 Isaiae
1436 2099 1530 2131 verba,
1541 2107 1603 2134 qua;
1628 2106 1702 2134 saepe

919 2151 980 2171 cum
996 2144 1055 2171 aliis
1066 2152 1091 2171 c.
1104 2152 1161 2177 ιιι,
1179 2145 1203 2175 1,
1218 2145 1421 2180 coniunguntur
1439 2144 1484 2178 (de
1499 2146 1599 2180 quibus
1626 2146 1706 2173 aliter

919 2190 1016 2217 statuit
1027 2190 1150 2221 Photius.
1168 2190 1275 2218 utinfra
1293 2191 1387 2218 videre
1409 2192 1473 2225 est),
1498 2199 1557 2218 rem
1570 2199 1624 2218 non
1643 2200 1706 2226 pro-

80 2233 155 2260 unde
169 2237 197 2260 et
212 2234 348 2268 mittitur;
369 2241 403 2262 ex
417 2234 494 2262 Patre
516 2235 596 2271 igitur
606 2239 634 2262 et
651 2235 718 2263 Filio
732 2237 865 2270 procedit.
880 2238 907 2269 D
922 2236 997 2263 bant.
1013 2236 1049 2264 Ut
1064 2236 1098 2263 de
1113 2236 1312 2264 recentioribus
1331 2241 1477 2269 taceamus,
1493 2236 1539 2271 qui
1561 2244 1592 2263 ea
1617 2237 1704 2264 ascri~

80 2279 148 2307 Nam
166 2279 213 2315 qui
231 2280 409 2315 temporarias
427 2279 455 2307 in
476 2280 532 2308 Deo
556 2285 583 2308 et
607 2280 708 2309 divinis
738 2284 865 2317 personis

117 2335 173 2370 (41)
186 2334 319 2370 Georgius
338 2334 504 2369 Trapezunt.
521 2334 560 2362 De
570 2343 623 2362 una
635 2336 705 2363 calli.
721 2335 795 2363 Eccl.
808 2344 833 2364 c.
849 2337 866 2364 5

81 2369 126 2407 (G.
141 2369 174 2398 0.
192 2369 292 2407 1,540)
307 2370 496 2407 >illud__urget,
513 2370 644 2405 Spiritum
666 2370 711 2399 hic
729 2371 786 2407 dici
806 2371 867 2407 Spi-

80 2405 164 2432 ritum
202 2404 330 2432 Veritatis
347 2425 354 2436 ,
381 2404 540 2432 Veritatem
558 2412 623 2432 vero
661 2413 723 2433 esse
767 2404 865 2434 Filium

79 2440 241 2474 (Joan.x1v,
258 2440 296 2472 6),
311 2440 420 2475 jamque
442 2441 468 2467 id
493 2449 509 2467 ε(
529 2439 628 2475 Cyrillo
653 2441 729 2468 Alex.
751 2441 785 2468 ad
809 2449 867 2469 rem

80 2480 243 2510 praesentem
270 2475 376 2511 egregie
400 2475 514 2507 referri,
530 2476 603 2511 dum
627 2476 740 2503 scribit:
755 2476 826 2503 1]νεῦ

83 2511 140 2548 γὰρ
162 2511 290 2545 ἀληθείας
306 2510 478 2548 ὼγόμασταις
554 2510 611 2548 te}:
632 2511 749 2548 tho'tbc
759 2512 780 2548 i1
798 2510 867 2548 ἀλή-

81 2547 152 2577 θεια,
178 2547 226 2581 καὶ.
249 2547 390 2581 πρρχεῗῖτανι
414 2545 479 2580 παρ’
508 2545 602 2576 αὑτοῦ,
623 2545 749 2581 κᾳθάπερ
770 2545 867 2581 ἆμὲλὲι

80 2581 129 2608 καὶ
153 2580 230 2616 παρά
252 2580 299 2606 τοῦ
324 2580 391 2606 Θεοῦ
414 2581 462 2607 καὶ
489 2580 606 2616 Πατρός,
635 2580 735 2616 (Cyrilli
762 2580 807 2616 ep.
833 2582 867 2609 ad

79 2617 188 2651 Nestor.
217 2615 288 2650 apud
315 2615 441 2651 Beocum,
461 2617 548 2650 epigr.
566 2616 599 2648 I;
621 2615 652 2643 (ἶ.
671 2615 705 2643 0.
734 2615 767 2647 II.
792 2616 866 2651 525).

79 2635 441 2686 Eii.""ti;tr2'itiii.ri‘3ri)2if'
453 2635 578 2686 ιῗνίῗᾝ
592 2635 865 2686 ἐἕόἶὲάῗᾌιῖἕὲέξ

78 2685 370 2726 Gonstattt.mMelilen.
388 2689 457 2726 orat.
473 2687 500 2717 1,
521 2693 546 2713 c.
560 2686 602 2726 13.
618 2686 660 2726 (ϐ.
675 2685 707 2713 0.
731 2685 767 2726 II._
784 2686 865 2726 666);

79 2721 187 2748 Manuel
221 2720 357 2756 Cbrysob.
387 2721 426 2748 De
456 2729 529 2755 proc.
556 2720 651 2754 Spirit.
681 2721 767 2748 sancti
800 2720 869 2749 c.'5

188 2756 423 2834 ἂὲᾓᾯέταεξτιρὰ
439 2826 445 2834 1
456 2791 563 2834 Harpe;
585 2791 641 2834 καὶ.
657 2791 722 2834 Υῑεῦ
739 2799 747 2807 ’
760 2791 867 2834 exsilia?

77 2826 106 2853 δὲ
120 2826 309 2862 ἐμπορεύεται,
325 2826 393 2853 ὁοεν⁷
404 2826 450 2853 καὶ
463 2827 601 2862 πέμπεται
613 2835 620 2842 ·
633 2828 665 2854 ἐκ
689 2827 795 2862 Harpe;
821 2829 867 2854 καὶ

78 2861 146 2898 Υἱρῦ
174 2862 230 2898 ᾇρα
240 2897 246 2898 7
256 2862 439 2898 txnopsﬁsrat
449 2870 456 2876 '
476 2862 502 2888 ot
518 2863 573 2898 γὰρ
586 2864 715 2897 χῳνικὰς
727 2861 774 2889 ἐπὶ
799 2862 866 2889 Θεοῦ

82 2871 94 2888 ι
105 2871 146 2888 ιου
176 2871 230 2897 αρα
256 2871 434 2898 εκπορευεται
449 2871 456 2876 -
476 2871 502 2888 οι
518 2871 573 2924 γαί)
586 2871 715 2897 χρονικας
727 2871 774 2889 επι
799 2871 865 2889 usqu

77 2897 127 2924 καὶ
152 2896 207 2924 τῶν
235 2897 315 2931 {lsro
340 2897 515 2925 ὑποστὰσεων
534 2907 554 2925 π
571 2898 698 2930 άττοντες
725 2899 865 2934 προόδους,

919 2282 988 2309 bunt
1000 2281 1052 2317 ipsi
1064 2282 1206 2317 propheta
1222 2282 1289 2318 (45),
1302 2290 1317 2309 a
1330 2281 1456 2310 Patribus
1467 2282 1648 2309 communiter
1660 2283 1706 2309 tri-

917 2339 1082 2382 hjpoﬁaw..‘.
1099 2340 1231 2382 A‘nlot'iyut
1252 2340 1279 2368 δὲ
1294 2340 1434 2382 spatiata
1447 2340 1502 2382 τῶγ
1517 2341 1651 2382 χρονᾳῷγ
1669 2342 1705 2368 τὰ

917 2375 1033 2412 ςιώνιας
1047 2375 1078 2401 τδ
1090 2375 1145 2412 γᾴρ
1159 2375 1268 2412 πέμτεον
1283 2376 1350 2412 πρὸς
1359 2376 1390 2403 τδ
1408 2375 1583 2412 πεμπόμενον
1596 2376 1705 2410 ἀξίωμα

917 2410 1094 2455 ἔχεξπὲντῳὲ
1114 2411 1253 2455 ὸπᾶιοχοὶῖῑν
1264 2419 1271 2426 ·
1287 2410 1360 2455 erat
1378 2411 1415 2454 τῇ.
1427 2411 1492 2447 ἁγίᾳ
1505 2410 1558 2455 ita}
1581 2419 1704 2455 ηξρφκυ-

917 2446 985 2506 νητέ
1005 2445 1100 2480 Τριάδι
1112 2445 1187 2472 οὐδὲν
1198 2445 1306 2480 ἀξίωμα
1315 2445 1490 2489 ὐποδτάσεευξ
1504 2447 1574 2481 πρὸς
1585 2445 1703 2486 directa-

919 2489 961 2506 σιν
982 2481 1169 2520 εεμισεὸεχοξίν,
1179 2482 1202 2520 sl
1216 2481 1343 2520 pilpéyov
1357 2481 1387 2507 τὸ
1394 2481 1429 2520 ἒξ
1438 2489 1468 2507 ου
1479 2485 1490 2496 ί
1501 2480 1545 2520 διᾲ
1552 2481 1704 2520 τορτρλοῠῖε

919 2515 994 2550 παρὰ
1009 2515 1055 2542 τοῦ
1072 2515 1137 2542 Υιοῠ
1163 2516 1209 2542 τὸν
1240 2516 1360 2551 Πατέρα,
1377 2516 1439 2543 οὔτε
1463 2516 1538 2551 παρὰ
1553 2516 1600 2543 τοῦ
1615 2517 1703 2544 11νεύ-

920 2558 1010 2587 ματρί
1034 2551 1080 2577 τὸν
1106 2551 1179 2587 rice,
1205 2551 1229 2577 εἰ
1248 2551 1285 2586 μὴ
1309 2551 1380 2587 xm
1400 2552 1431 2577 τὸ
1450 2551 1630 2587 ᾁνθρώπινον,
1651 2553 1705 2580 ἀπ-

918 2585 1045 2612 εστάλθαι
1060 2586 1125 2612 ποτὲ
1138 2585 1260 2619 λέγουσιν
1280 2587 1307 2612 αι
1322 2586 1437 2620 Γραφαί.
1453 2585 1585 2614 Praeclare
1600 2587 1633 2614 de
1660 2588 1702 2615 his

917 2628 1025 2656 quoque
1052 2621 1171 2655 disputat
1196 2621 1294 2656 Georg.
1314 2621 1429 2649 Metoeh.
1457 2621 1555 2649 Contra
1586 2622 1701 2650 Maimel.

918 2654 1034 2692 Cretens.
1049 2663 1075 2684 c.
1089 2654 1116 2683 9.
1133 2656 1175 2689 (G.
1190 2655 1220 2683 0.
1237 2654 1338 2692 "[990
1351 2659 1420 2692 seq.)
1446 2657 1573 2685 Missione
1595 2658 1704 2692 ἀξίωμα

917 2691 1052 2728 mittentis
1061 2691 1166 2728 ostendi
1176 2691 1334 2728 docetinter
1345 2692 1411 2720 alios
1421 2692 1501 2728 Greg.
1511 2692 1575 2720 Νη.
1589 2697 1658 2720 orat.
1669 2693 1702 2720 37

918 2733 945 2761 p.
962 2725 1023 2755 596.
1040 2726 1102 2757 608,
1118 2726 1162 2753 ed.
1179 2726 1237 2753 Bill.

954 2761 1011 2796 (45)
1025 2761 1140 2796 Cornel.
1158 2769 1172 2788 a
1193 2761 1294 2796 Lapidc
1314 2762 1342 2789 in
1369 2762 1397 2789 h.
1426 2762 1446 2790 l.
1465 2772 1471 2790 :
1491 2772 1500 2788 (
1520 2762 1590 2789 Sunt
1621 2762 1704 2790 verba

918 2804 971 2824 non
981 2796 1054 2831 Cyri;
1073 2797 1119 2823 sed
1133 2795 1218 2832 Isaia},
1231 2795 1276 2831 qui
1303 2798 1402 2825 missus
1419 2802 1462 2825 est
1490 2802 1618 2832 tanquam
1638 2805 1703 2832 pro-

918 2830 1045 2868 pheta’et
1058 2839 1178 2868 pr:eco__a
1192 2830 1250 2868 Deo,
1261 2837 1289 2868 et
1309 2833 1414 2868 Spiritu
1428 2833 1474 2860 Dei
1486 2833 1519 2860 ad
1531 2830 1589 2868 hinc
1607 2830 1702 2862 vatici-
1728 2830 1731 2842 '

919 2867 1049 2895 nandum.
1064 2876 1074 2894 ›
1091 2866 1134 2895 Cf.
1149 2866 1252 2896 Knobcl
1270 2867 1297 2895 in
1314 2866 1341 2896 h.
1355 2867 1373 2898 Ι.
1385 2868 1449 2902 lsa.,
1469 2876 1498 2903 p.
1512 2867 1574 2897 350.
