1945 3088
237 112 289 146 419

796 109 927 140 ΡΗΟΤΙΙ
946 109 1194 139 ΡΑἹἪΙΑΒΟΗᾹΞ
1213 109 1266 139 CP.

1802 103 1852 136 ‘20

236 171 356 198 buuntur
367 167 446 200 Filio,
461 171 488 194 et
502 165 612 201 quidem
628 168 750 200 spectato
758 170 787 192 ut
803 166 936 192 esthomo
948 165 1019 199 (4-1),
1036 171 1057 196 Α
1071 164 1225 196 dicendum,
1243 162 1314 198 quod
1329 162 1421 189 missio
1430 169 1484 188 non
1498 160 1586 188 solum
1599 160 1727 195 importat
1740 168 1852 195 proces-

236 223 288 242 nec
298 214 410 252 dissidet
425 212 542 239 homilia:
565 211 637 238 illius
655 215 760 242 auctor,
773 214 803 237 ut
822 210 946 238 Petavius
973 210 1021 245 (De

238 260 309 288 Trin.
332 260 351 286 1.
367 267 427 289 vm.
455 258 518 290 c.i,
537 256 606 292 §M)
621 256 750 287 ostendit,
777 257 840 283 licet
865 257 1021 291 loquentem

237 313 380 341 personam
407 303 563 331 Creatorem
590 303 652 330 coeli
678 307 706 329 et
733 307 810 330 terra:
834 303 1020 337 appellaverit.

238 351 307 377 Hinc
325 355 352 377 et
366 348 532 384 posteriores
544 348 699 375 schismatis
711 348 819 383 patroni
836 356 889 375 non
905 356 938 375 ex
961 357 1023 383 per-

239 403 306 422 sona
318 395 417 428 Patris,
433 395 480 422 sed
492 403 524 421 ex
537 393 596 421 Filii
617 402 732 429 persona
747 394 828 420 verba
852 393 894 421 illa
920 394 1022 428 prolata

238 441 347 471 volunt:
364 441 411 467 sed
430 447 485 467 n0n
497 444 624 474 tanquam
639 439 767 470 hominis,
788 447 882 466 verum
896 444 1022 474 tanquam

237 487 283 513 Dei
302 487 368 521 (Il-5).
383 486 435 513 Sed
447 494 500 512 non
513 493 581 520 opus
603 490 645 512 cst
668 486 711 512 his
735 485 838 512 diutius
865 486 1021 518 immorari;

236 532 365 558 dabimus
382 531 412 557 D.
446 531 559 558 Thomze
573 531 784 566 disputationem
802 531 838 557 rei
857 531 1023 558 illustrandae

239 577 390 604 nniversim
406 582 596 611 opportunam.
618 576 762 611 Postquam
784 577 918 612 (Summa,
952 577 976 607 1,
995 585 1022 612 q.

238 624 283 652 45.
294 631 320 649 a.
334 623 360 654 8)
373 621 447 658 [l55]
459 622 510 649 tria
522 622 634 657 protulit
648 626 816 657 argumenta,
836 630 896 656 qua:
912 622 1024 656 probare

239 669 378 701 videntur,
394 669 512 695 divinam
531 675 675 702 personam
691 668 761 695 mitti
786 675 841 694 non
857 675 938 703 posse
969 667 1022 694 nisi

239 713 274 740 ab
285 721 316 740 ea
331 720 346 740 a
362 721 414 747 qua
435 712 601 740 :etcrnaliter
618 712 750 746 procedit,
766 712 862 746 hisque
884 711 1021 746 opposuit,

240 759 311 793 quod
331 758 405 785 lsaim
415 766 505 790 XLVIII,
528 757 559 784 16
570 777 578 790 ,
598 756 685 784 Filius
700 757 805 785 dicatur
816 758 917 785 missus
932 765 946 784 a
961 756 1025 792 Spi-

241 805 293 832 ritu
314 809 418 836 sancto,
434 804 491 831 haec
508 803 608 830 docet:
637 813 646 829 ι
678 803 838 837 Respondeo
862 802 1021 834 dicendum,

241 849 313 884 quod
330 849 401 876 circa
422 849 474 874 hoc
486 847 662 874 inveniuntur
675 846 758 881 aliqui
785 845 966 872 diversimode
982 845 1023 871 lo-
1040 833 1061 862 Β

241 895 297 923 cuti
314 901 384 922 esse.
394 894 548 922 Secundum
564 892 696 928 quosdam
718 892 791 919 enim
805 898 919 926 persona
935 890 1025 917 divina

241 947 297 967 non
312 940 438 970 mittitur.
450 939 503 966 nisi
520 939 606 972 abeo,
621 945 636 965 a
653 945 707 973 quo
736 941 778 964 est
791 936 973 969 aeternaliter;
999 939 1026 962 et

243 986 392 1013 secundum
416 985 478 1017 hoc,
494 993 555 1012 cum
574 984 672 1011 dicitur
704 982 790 1010 Filius
820 982 866 1009 Dei
886 982 985 1009 missus
1009 989 1026 1009 a

245 1031 347 1066 Spiritu
358 1035 463 1063 sancto,
479 1030 651 1057 referendum
662 1033 703 1057 est
713 1030 766 1056 hoc
777 1028 810 1055 ad
820 1028 964 1055 humanam
975 1035 1026 1054 na-

246 1083 344 1108 turam,
355 1076 506 1103 secundum
518 1083 598 1110 quam
616 1076 715 1102 missus
729 1078 771 1102 est
781 1074 812 1100 ad
824 1073 1025 1108 praedicandum

244 1131 259 1150 a
274 1122 376 1157 Spiritu
390 1126 494 1149 sancto.
507 1120 672 1156 Augustinus
688 1124 778 1147 autem
791 1119 856 1146 dicit
877 1119 927 1154 (De
952 1119 1024 1145 Trin.

246 1176 275 1200 ιι,
292 1167 330 1203 5),
351 1166 423 1202 quod
444 1166 529 1193 Filius
548 1166 664 1194 mittitur
693 1170 721 1193 et
738 1173 754 1192 a
773 1172 802 1192 se
829 1169 857 1191 et
881 1172 895 1191 a
923 1163 1027 1199 Spiritu

245 1216 352 1244 sancto,
370 1215 398 1239 et
413 1210 530 1246 Spiritus
543 1215 653 1238 sanctus
667 1210 748 1238 etiam
777 1209 893 1237 mittitur
916 1213 943 1236 et
968 1216 983 1236 a
999 1216 1028 1236 se

243 1262 271 1284 et
287 1265 302 1284 a
314 1257 394 1290 Filio,
414 1262 442 1284 ut
453 1257 491 1284 sic
504 1257 573 1284 mitti
585 1256 612 1283 in
626 1256 726 1284 divinis
738 1263 792 1283 non
808 1254 953 1282 conveniat
966 1254 1028 1282 cui-

244 1303 310 1329 libet
322 1309 456 1337 personze,
470 1302 517 1329 sed
529 1302 614 1329 solum
624 1309 748 1336 personae
762 1301 795 1328 ab
808 1301 861 1327 alio
873 1299 1027 1332 exsistenti,

245 1349 348 1375 mittere
358 1354 449 1375 autem
466 1348 610 1374 conveniat
618 1347 867 1381 cuilibetpersonaa.
879 1347 1029 1381 Utrumque

245 1402 336 1422 autem
354 1395 436 1421 habet
447 1394 537 1428 aliquo
548 1394 629 1421 modo
643 1393 798 1426 veritatem,
822 1395 884 1429 quia
907 1402 969 1420 cum
986 1394 1029 1421 di-

245 1440 316 1467 citur
325 1439 413 1474 aliqua
430 1446 547 1473 persona
562 1439 645 1472 mitti,
663 1439 821 1474 designatur
837 1444 864 1466 et
886 1439 943 1474 ipsa
966 1447 1030 1474 per-

245 1493 312 1513 sona
327 1485 361 1512 ab
370 1484 423 1512 alio
436 1485 582 1516 exsistens,
595 1489 623 1511 et
642 1483 757 1511 eﬂectus
770 1484 887 1512 visibilis
901 1489 948 1511 aut
960 1484 1030 1511 invi-

246 1532 343 1563 sibilis,
360 1531 511 1558 secnndum
522 1538 604 1565 quem
619 1531 714 1558 missio
725 1531 824 1559 divinae
848 1540 971 1567 personae
991 1535 1033 1558 at-

248 1576 378 1605 tenditur.
389 1576 418 1603 Si
431 1576 513 1612 igitur
529 1577 635 1604 mittens
654 1576 811 1612 designetur
829 1582 859 1605 ut
872 1578 1031 1613 principium

246 1631 364 1659 permuta
388 1630 446 1657 quae
464 1623 588 1655 mittitur,
618 1622 657 1650 sic
693 1630 750 1650 non
771 1623 899 1658 quaelibet
916 1631 1031 1658 persona

250 1669 343 1699 'nittit,
356 1668 403 1696 sed
414 1668 501 1695 solum
517 1668 561 1695 illa
589 1668 633 1695 cui
651 1668 779 1695 convenit
792 1676 854 1696 esse
866 1669 1031 1704 principium

247 1716 362 1750 alicujus
373 1722 505 1750 personae.
524 1714 556 1741 Et
574 1714 614 1743 sic
630 1714 748 1742 mittitur
775 1713 860 1742 Filius
888 1718 993 1742 tantum
1017 1722 1033 1742 a

248 1761 339 1792 Patre,
351 1761 469 1795 Spiritus
483 1764 698 1788 sanctusautem
715 1768 731 1788 a
753 1760 833 1788 Patre
849 1765 876 1789 et
899 1760 979 1789 Filio.
1003 1761 1033 1788 Si

247 1814 313 1834 vero
326 1814 442 1841 persona
469 1806 582 1833 mittens
604 1806 770 1842 intelligatur
793 1813 854 1834 esse
873 1807 1032 1841 principium

248 1853 352 1888 eﬂ'ectua
376 1852 526 1880 secundum
538 1851 889 1886 quemattenditurmissio,
913 1852 952 1880 sic
978 1856 1033 1880 tota

249 1897 363 1925 Trinitas
378 1897 461 1925 mittit
472 1905 617 1932 personam
640 1897 764 1925 missam.
782 1907 792 1924 ι
818 1897 885 1925 Cum
904 1898 947 1925 his
966 1906 1033 1925 con-

248 1942 381 1970 nectenda
394 1947 468 1974 sunt,
487 1951 547 1977 quae
564 1942 684 1969 Thomas
698 1942 727 1978 (l.
743 1950 781 1976 c.,
796 1950 822 1970 a.
841 1943 870 1977 2)
888 1943 1035 1978 respondet

249 1989 282 2015 ad
300 1988 364 2015 illud
389 1993 596 2024 argumentum:
620 1997 630 2014 ι
650 1987 743 2016 Missio
758 1989 960 2024 processionem
981 1989 1033 2016 im-

251 2038 354 2069 portat;
381 2034 427 2061 sed
452 2034 589 2069 processio
613 2034 765 2062 divinarum
791 2043 971 2069 personarum
993 2039 1035 2063 est

249 2084 365 2112 aeterna;
381 2087 443 2116 ergo
459 2083 486 2107 et
499 2079 602 2107 missio.
622 2089 632 2106 ›
650 2080 696 2107 Ait
713 2080 786 2107 enim
805 2089 811 2107 :
831 2090 840 2106 ι
857 2081 899 2108 Ad
922 2082 1034 2109 tertium

285 2163 421 2200 (MLVide
434 2163 514 2200 Basil.
528 2163 547 2200 l_.
564 2171 605 2200 ut,
621 2162 831 2200 QLEunomqa-l
855 2171 1031 2200 quemipro-
1044 2169 1070 2199 D
1084 2167 1200 2200 ascriplo
1228 2165 1399 2193 Andronicus
1425 2166 1593 2199 Camaterus,
1616 2173 1641 2193 c.
1660 2165 1688 2193 11

249 2204 329 2227 vocat
340 2199 441 2226 Beccus
466 2198 508 2230 (G.
523 2198 555 2226 0.
575 2197 607 2229 ll.
629 2198 708 2233 658);
738 2197 872 2226 Ambros:
882 2198 922 2226 De
937 2197 1030 2233 Spirit.

250 2240 334 2262 sanet.
354 2234 372 2261 l.
388 2241 427 2264 ιιι,
444 2241 469 2260 c.
491 2234 522 2266 1;
542 2233 728 2269 ᾼιιιιιῐιηοι-ιιι.
747 2234 760 2260 1
785 2241 810 2261 c.
824 2233 930 2269 Ariam,
954 2235 1032 2269 cujus

251 2269 382 2297 doctrinm
396 2268 521 2295 innititur
534 2267 631 2300 Georg.
644 2268 798 2300 Metochita,
815 2268 913 2296 Contra
927 2267 1033 2296 Manuel

251 2305 320 2332 Cret.
340 2303 375 2339 (e.
390 2303 423 2335 3;
438 2303 471 2339 0.
485 2303 516 2330 0.
533 2302 553 2330 ll
564 2323 576 2339 ,Α
586 2302 717 2339 966-970)
734 2304 880 2331 ostendens
894 2304 1032 2332 Christum

252 2345 282 2367 ut
304 2337 386 2366 Deum
407 2338 520 2365 minime
536 2346 551 2364 a
568 2337 670 2373 Spiritu
686 2338 799 2366 missum
813 2338 876 2365 dici.
904 2339 1031 2366 Omnium

251 2375 312 2402 loco
327 2373 452 2400 audiatur
467 2372 620 2405 Anselmus,
638 2372 675 2399 De
688 2381 801 2407 process.
817 2373 910 2407 Spir-it.
947 2379 1031 2401 sanet.

254 2419 264 2435 ι
285 2409 312 2436 Si
325 2413 414 2436 autem
427 2408 531 2440 dicunt,
541 2408 604 2443 quia
613 2408 732 2442 Spiritus
740 2412 849 2435 sanctus
858 2409 939 2436 mittit
950 2409 1032 2436 etiam

250 2444 360 2475 Filium,
381 2443 531 2470 sicutidem
555 2444 613 2478 ipse
626 2443 690 2470 dicit
715 2450 764 2477 per
784 2443 944 2478 prophetam
966 2452 973 2470 :
998 2444 1033 2470 Et

252 2487 320 2506 nunc
349 2478 485 2510 Dominus,
504 2482 594 2510 etc...,
623 2479 674 2505 hoc
706 2478 855 2505 secundum
883 2478 1031 2508 hominem.

251 2522 331 2548 quem
357 2514 475 2548 gerebat,
498 2512 702 2548 intelligendum
724 2513 863 2548 est,rqnia
894 2512 980 2541 Patris
1006 2517 1034 2541 et

252 2547 369 2583 Spiritus
379 2548 464 2575 sancti
489 2555 543 2574 una
559 2548 699 2583 voluntate
723 2552 751 2575 et
763 2547 941 2583 dispositione
954 2556 1032 2575 mun-

252 2583 316 2610 dum
340 2582 649 2618 redempturusmundor
662 2583 803 2618 apparuit.
823 2592 832 2608 ι
851 2582 879 2609 In
893 2582 950 2618 (his
973 2591 1034 2618 qua:

251 2618 329 2654 Hugo
342 2616 503 2654 Etherianus
521 2617 550 2649 (l.
565 2626 584 2647 ι.
601 2625 626 2645 c.
641 2616 724 2654 £78,7p.
737 2617 782 2644 i2.
798 2617 831 2644 15
843 2617 880 2652 e.)
891 2617 943 2644 hac
953 2616 989 2645 de
1003 2626 1033 2646 re

253 2652 344 2685 habet,
372 2653 452 2680 lectio
479 2657 605 2687 corrupta
631 2652 754 2684 videtur;
778 2659 866 2687 neque
885 2656 975 2680 tamen
999 2661 1033 2681 ex

251 2697 301 2715 sua
317 2688 452 2715 sententia
467 2687 525 2722 ipse
542 2687 671 2722 loquitur,
687 2691 718 2714 ut
734 2687 848 2714 incisum
870 2687 937 2715 illud
956 2693 1034 2723 pate-

251 2723 316 2751 facit
328 2732 334 2749 :
355 2732 364 2748 ‹
378 2727 408 2750 ut
422 2722 531 2757 quidam
541 2726 692 2749 autumant.
705 2731 717 2757 ρ

288 2759 343 2794 (13)
359 2757 396 2794 Ita
422 2757 491 2784 inter
501 2757 587 2794 “alios
618 2757 799 2794 Theophanes
832 2757 1031 2794 Procopowicz,

253 2791 340 2820 Truct.
363 2793 394 2819 de
407 2801 479 2826 proc.
497 2791 590 2826 Spirit.
615 2793 711 2824 sancti,
739 2792 833 2819 Gotha‘.
847 2791 927 2824 1772,
951 2801 976 2820 c.
1004 2794 1032 2826 6,

251 2827 350 2864 $135,
365 2827 425 2863 154,
439 2836 466 2863 p.
479 2828 529 2856 167
544 2835 602 2862 seq.
618 2827 718 2856 Eodem
742 2831 815 2855 textu
839 2827 1033 2864 Chrysostomo

1071 211 1175 238 sionem
1195 219 1212 237 a
1234 209 1376 245 principio,
1407 208 1454 235 sed
1479 206 1643 234 determinat
1670 206 1853 241 processionis

1071 257 1221 284 terminum
1233 255 1421 290 temporalem.
1433 253 1513 281 Unde
1533 251 1627 280 missio
1635 253 1722 279 solum
1732 256 1773 280 est
1785 256 1854 279 tem-

1071 302 1181 337 poralis,
1193 302 1237 329 vel
1254 301 1349 329 missio
1369 299 1482 327 includit
1499 299 1702 335 processionem
1726 302 1853 326 aeternam

1072 353 1099 375 et
1112 348 1212 383 aliquid
1228 347 1313 380 addit,
1341 345 1402 373 scil.
1421 343 1597 379 temporalem
1616 343 1755 370 etl‘ectum.
1774 341 1855 369 Habi-

1073 394 1137 421 tudo
1156 394 1228 421 enim
1243 392 1342 420 divinae
1351 398 1475 426 personae
1487 390 1519 416 ad
1529 397 1608 417 suum
1624 388 1787 424 principium
1800 395 1854 415 non

1073 445 1114 467 est
1128 439 1180 466 nisi
1194 439 1227 466 ab
1243 443 1355 465 aeterno.
1371 436 1449 464 Unde
1471 436 1575 471 gemina
1597 435 1698 462 dicitur
1716 434 1854 469 processio.

1072 489 1173 512 aeterna
1189 483 1248 511 scil.
1262 483 1337 519 1154]
1355 487 1383 509 ct
1402 481 1569 516 temporalis,
1586 488 1640 507 non
1659 483 1772 515 propter
1792 479 1854 511 hoc,

1073 530 1144 565 quod
1163 530 1291 557 habitudo
1306 529 1340 556 ad
1364 528 1527 563 principium
1551 526 1720 562 geminctur;
1745 525 1794 553 sed
1808 532 1855 560 ge-

1073 577 1186 603 minatio
1202 581 1289 603 estex
1307 579 1382 610 parte
1396 573 1505 601 termini
1528 572 1684 608 temporalis
1704 575 1732 599 et
1753 571 1855 606 princi—

1073 622 1109 656 pii
1124 621 1228 649 aeterni.
1249 630 1257 646 ι
1289 620 1428 655 Duplicem
1451 618 1571 646 secernit
1600 617 1719 644 Thomas
1744 617 1770 644 in
1787 617 1853 644 mis-

1074 666 1152 693 sione
1164 665 1370 692 habitudincm:
1388 664 1411 699 Ι)
1436 663 1622 690 habitudinem
1640 661 1716 689 missi
1733 661 1768 688 ad
1792 660 1853 688 mit-

1075 714 1183 742 tentem;
1197 708 1230 742 ll)
1243 709 1277 736 ad
1290 709 1439 741 terminum,
1451 708 1485 735 ad
1507 716 1582 743 quem
1595 707 1717 734 mittitur.
1737 706 1815 741 (Ibid.
1829 714 1854 734 ει.

1075 753 1113 787 1.)
1131 753 1250 787 Quilibet
1272 761 1353 788 porro
1376 753 1477 780 missus
1501 751 1687 779 habitudinem
1715 751 1797 778 habet
1824 751 1856 778 ad

1075 806 1137 826 eum
1149 807 1236 835 aquo,
1250 803 1278 826 et
1293 798 1479 826 habitudinem
1492 797 1526 824 ad
1544 804 1608 824 eum
1625 797 1660 823 ad
1677 804 1752 832 quem
1771 795 1857 823 mitti‘-

1076 848 1129 872 tur.
1143 843 1220 871 Prior
1241 843 1333 879 σχέσις
1349 847 1439 878 potest
1451 850 1513 870 esse
1530 842 1627 877 triplex
1642 851 1675 869 z-c
1693 842 1735 869 vel
1759 850 1858 869 secun-

1075 889 1139 916 dum
1156 890 1310 924 imperium,
1327 889 1396 916 sicut
1415 889 1544 916 dominus
1559 888 1642 915 mittit
1667 895 1775 915 servum
1790 896 1798 920 ;
1816 887 1857 914 vel

1076 935 1225 963 secundum
1242 935 1388 968 consilium,
1399 939 1426 962 ut
1444 935 1465 961 si
1482 935 1652 962 consiliarius
1662 933 1770 961 mittere
1783 933 1858 961 dica—

1076 985 1120 1008 tur
1135 989 1225 1016 regem
1233 981 1267 1008 ad
1279 981 1489 1012 debellandum;
1501 981 1544 1008 vel
1559 980 1709 1007 secundum
1721 979 1859 1015 originem,

1076 1032 1106 1054 ut
1120 1027 1144 1054 si
1156 1027 1271 1059 dicatur,
1285 1026 1357 1061 quod
1374 1025 1423 1053 ﬂos
1442 1026 1583 1053 emittatur
1593 1026 1627 1053 ab
1639 1025 1748 1053 arbore.
1766 1035 1775 1051 ι
1800 1026 1859 1052 .lam

1077 1081 1141 1100 vero
1161 1073 1189 1100 in
1206 1072 1304 1100 divinis
1317 1080 1406 1107 neque
1425 1072 1574 1100 secundum
1594 1072 1753 1106 imperium,
1769 1079 1859 1106 neque

1078 1119 1227 1147 secundum
1249 1119 1392 1146 consilium
1413 1119 1507 1146 missio
1527 1118 1617 1146 locum
1633 1118 1734 1146 habere
1754 1122 1860 1152 potest;

1079 1165 1239 1199 relinquitur
1250 1165 1338 1192 solum
1346 1164 1440 1192 missio
1457 1164 1606 1192 secundum
1627 1163 1760 1200 originem
1783 1162 1861 1191 Unde

1077 1211 1141 1238 licet
1151 1215 1271 1245 spectato
1284 1211 1398 1238 termino
1411 1211 1445 1238 ad
1461 1219 1537 1246 quem
1562 1215 1588 1238 et
1611 1210 1710 1238 cﬂ‘ectu
1725 1209 1862 1237 missionis

1079 1259 1135 1282 tota
1148 1255 1268 1282 Trinitas
1295 1255 1400 1283 dicatur
1427 1256 1552 1283 mittere:
1569 1259 1660 1282 tamen
1676 1255 1771 1282 relatio
1790 1255 1862 1282 missi

1079 1301 1114 1327 ad
1126 1301 1270 1328 mittentem
1286 1301 1320 1328 ab
1328 1301 1431 1336 origine
1447 1301 1592 1336 dependet,
1613 1305 1641 1328 et
1659 1309 1691 1328 ea
1709 1301 1801 1329 omnia
1815 1309 1858 1328 ar-

1080 1350 1208 1381 gumenta
1232 1346 1344 1374 immota
1367 1347 1528 1381 persistunt,
1554 1347 1652 1382 quibus
1676 1355 1708 1375 ex
1733 1347 1863 1375 missione

1081 1393 1224 1428 processio
1252 1393 1370 1428 Spiritus
1386 1394 1472 1421 sancti
1486 1401 1501 1421 a
1520 1393 1589 1421 Filio
1605 1393 1791 1422 conﬁrmatur.

1117 1440 1144 1467 5.
1159 1439 1197 1467 Eo
1207 1439 1249 1468 vel
1266 1440 1360 1475 magis,
1375 1441 1447 1476 quod
1467 1445 1494 1468 et
1515 1441 1600 1469 Graeci
1624 1441 1719 1469 Patres
1745 1449 1777 1469 ex
1800 1441 1865 1468 mis-

1045 1501 1065 1530 ο
1083 1485 1160 1513 sione
1187 1494 1239 1521 qua
1253 1486 1337 1514 Filius
1354 1487 1437 1514 mittit
1448 1487 1590 1522 Spiritum,
1602 1487 1676 1515 hunc
1692 1495 1724 1515 ex
1740 1487 1786 1515 illo
1799 1495 1864 1515 esse

1082 1532 1204 1560 inferunt
1220 1533 1287 1568 (46),
1302 1537 1329 1559 et
1345 1532 1437 1560 missio
1453 1532 1511 1560 haec
1538 1537 1569 1560 ut
1597 1533 1706 1568 propria
1725 1537 1753 1560 et
1769 1540 1865 1568 perso-

1081 1578 1150 1605 nalis
1167 1585 1228 1605 cum
1236 1578 1378 1605 effectibus
1394 1578 1520 1613 personis
1542 1578 1672 1605 duntaxat
1698 1579 1864 1606 convenien-

1082 1624 1155 1652 tibus
1167 1624 1267 1658 ubique
1283 1624 1340 1651 fere
1360 1624 1536 1656 describitur,
1551 1631 1614 1651 cum
1637 1628 1740 1652 aeterna
1755 1632 1865 1659 proces-

1081 1669 1158 1697 sione
1169 1669 1350 1696 communiter
1368 1669 1551 1704 coniungitur,
1568 1668 1635 1696 adeo
1646 1673 1675 1696 ut
1682 1669 1782 1696 ethinc
1790 1669 1818 1696 in
1833 1676 1865 1696 ea

1081 1723 1194 1751 prorsus
1221 1714 1335 1743 fundata
1348 1720 1486 1751 appareat.
1509 1725 1518 1741 ι
1534 1715 1562 1743 Si
1585 1715 1680 1748 Filius,
1699 1725 1709 1741 ι
1728 1715 1767 1742 ait
1787 1715 1866 1751 Hngo

1081 1761 1246 1790 Etherianus
1264 1762 1323 1798 (lib.
1333 1770 1375 1795 ιιι,
1392 1770 1417 1790 (ε.
1447 1762 1491 1795 13,
1504 1770 1531 1798 p.
1565 1761 1656 1797 1249),
1675 1771 1685 1788 ι
1706 1762 1817 1789 mittens
1839 1767 1867 1789 et

1081 1809 1192 1841 missus,
1211 1816 1291 1836 causa
1310 1813 1339 1836 et
1359 1816 1392 1836 ex
1408 1816 1489 1836 causa
1513 1811 1565 1842 est,
1591 1808 1661 1835 nihil
1693 1807 1866 1843 inopinabile

1083 1859 1223 1889 sequatur,
1240 1854 1312 1889 quod
1338 1854 1468 1889 Spiritum
1493 1854 1587 1880 emittit
1607 1854 1674 1880 sicut
1689 1853 1780 1880 mittit.
1797 1853 1866 1880 Nam

1082 1898 1104 1925 si
1117 1899 1199 1926 homo
1212 1899 1362 1926 secundum
1373 1903 1499 1926 naturam
1510 1904 1538 1926 et
1552 1906 1583 1925 ex
1596 1898 1707 1933 propria
1726 1897 1868 1925 voluntate

1083 1945 1273 1979 corpulentum
1293 1952 1373 1972 suum
1398 1945 1522 1979 spiritum
1546 1944 1663 1979 respirat
1681 1947 1709 1971 et
1733 1944 1868 1978 inspirat:

1082 1990 1169 2017 multo
1190 1990 1276 2025 magis
1291 1990 1338 2017 Dei
1366 1990 1451 2018 Filius
1480 1989 1610 2025 Spiritum
1628 1997 1710 2017 suum
1735 1989 1820 2017 mittit
1840 1994 1869 2017 et

1085 2035 1160 2072 [155]
1177 2036 1275 2062 emittit
1290 2036 1429 2070 mqualiter
1451 2035 1536 2068 Patri,
1564 2035 1685 2070 perfecte
1707 2042 1740 2062 ac
1769 2035 1869 2062 eodem

1084 2081 1165 2109 modo
1181 2081 1269 2116 ipsum
1281 2081 1465 2116 complectens
1480 2081 1583 2116 absque
1592 2081 1775 2108 diminutione
1797 2080 1868 2116 (47).

1085 2167 1200 2200 ascriplo
1228 2165 1399 2193 Andronicus
1425 2166 1593 2199 Camaterus,
1616 2173 1641 2193 c.
1660 2165 1688 2193 11
1717 2165 1761 2200 (G.
1779 2165 1812 2194 0.
1833 2166 1871 2197 li,

1085 2202 1146 2232 316,
1159 2201 1239 2236 5H);
1253 2205 1281 2228 et
1304 2201 1409 2236 Marcus
1435 2201 1569 2236 Ephesius
1589 2200 1700 2236 (Syllog.
1719 2209 1780 2235 cap.
1810 2201 1868 2234 40;

1085 2237 1146 2264 cod.
1159 2235 1231 2263 Mori.
1244 2236 1290 2268 27,
1310 2236 1330 2262 1.
1344 2235 1407 2267 200,
1421 2236 1484 2267 201)
1499 2244 1549 2270 pro
1565 2235 1598 2263 re
1606 2235 1654 2263 sua
1671 2240 1794 2263 utuntur.

1120 2271 1177 2306 (46)
1190 2271 1227 2298 ld.
1244 2279 1275 2298 ex
1287 2271 1380 2306 Chrys.
1392 2271 1464 2298 hom.
1475 2271 1509 2298 59
1522 2271 1550 2298 in
1562 2271 1640 2306 Joan.
1657 2271 1778 2298 ostendit
1801 2270 1869 2297 Bes-

1085 2307 1176 2334 sarion
1191 2314 1234 2341 ep.
1250 2307 1282 2333 ad
1293 2305 1368 2333 Alex.
1385 2305 1496 2333 Lascar.
1509 2313 1533 2333 c.
1547 2306 1572 2333 7.
1591 2305 1674 2341 (Hard
1717 2305 1797 2333 Cone.
1818 2306 1870 2338 IX,

1086 2340 1219 2376 p.1066)’;
1233 2340 1439 2376 idemiostendit
1457 2342 1557 2369 Athan.
1575 2340 1665 2368 textus
1683 2348 1707 2367 c.
1726 2341 1819 2367 Arian.
1847 2342 1869 2373 Ι,

1085 2375 1113 2404 ιι.
1124 2376 1149 2408 5,
1161 2383 1241 2411 quem
1249 2375 1292 2403 Jo.
1309 2375 1427 2403 Plusiad.
1444 2384 1493 2410 pro
1505 2383 1582 2403 conc.
1596 2376 1668 2402 Flor.
1683 2376 1761 2410 Apol.
1780 2376 1821 2411 (ϐ.
1833 2375 1868 2403 ο.

1086 2384 1113 2404 ιι.
1124 2378 1149 2408 5,
1161 2383 1241 2411 quem
1249 2378 1292 2403 Jo.
1307 2378 1427 2417 Plusiad.
1444 2384 1493 2417 pro
1505 2383 1582 2417 conc.
1596 2378 1668 2402 Flor.
1683 2378 1761 2416 Apol_.
1780 2378 1821 2438 (0.
1833 2378 1868 2403 ο.

1086 2411 1105 2442 l,
1122 2411 1183 2443 628,
1203 2410 1264 2444 629)
1280 2411 1377 2445 alnque
1389 2411 1467 2439 multi
1483 2411 1621 2443 exhibent,
1633 2411 1667 2438 de
1685 2418 1739 2445 quo
1750 2419 1777 2437 in
1792 2419 1821 2438 ra
1832 2412 1871 2438 ad

1085 2453 1145 2480 cap.
1162 2445 1191 2472 M
1209 2446 1296 2473 Photii
1307 2450 1411 2480 agetur.

1123 2480 1180 2516 (477)
1194 2480 1256 2508 Haec
1268 2479 1435 2516 comparatio
1452 2485 1480 2516 et
1501 2479 1626 2516 Patribus
1647 2480 1788 2508 faminaris
1812 2486 1868 2508 est.

1085 2515 1125 2543 Ex
1139 2515 1239 2543 Graecis
1251 2515 1376 2543 audiatur
1398 2515 1513 2550 Cyrillus
1531 2515 1628 2550 Expos.
1648 2516 1676 2542 in
1698 2516 1777 2543 Joan.
1807 2523 1872 2547 xw,

1086 2550 1130 2582 16,
1148 2558 1227 2585 quem
1244 2551 1330 2586 citant
1341 2550 1442 2586 Beccus
1456 2551 1546 2586 (orat..
1561 2552 1595 2578 de
1612 2559 1659 2579 un.
1672 2559 1696 2578 c.
1712 2551 1758 2584 28,
1778 2551 1869 2586 epigr.

1086 2586 1099 2621 ι
1115 2591 1143 2621 οι
1158 2587 1187 2618 4,
1202 2585 1312 2621 6.70.1,
1327 2585 1392 2618 tto;
1405 2585 1437 2617 ιι,
1447 2585 1517 2621 7529,
1527 2586 1590 2618 550.
1608 2586 1682 2619 560).
1703 2586 1784 2621 Greg.
1795 2585 1870 2620 cpt.

1098 2620 1131 2647 ad
1144 2620 1210 2656 imp.
1222 2620 1370 2656 Trapech.
1385 2621 1420 2648 ‘20
1427 2620 1483 2656 Lib.
1500 2620 1520 2654 Ι,
1535 2620 1597 2654 466,
1615 2621 1678 2656 467)
1689 2625 1717 2648 et
1742 2620 1871 2649 Andreas

1112 2655 1260 2683 hod.'sess.
1284 2655 1300 2682 6
1328 2655 1400 2682 Flor.
1417 2655 1511 2690 (Hard.
1527 2657 1547 2684 l.
1561 2664 1586 2684 c.
1621 2677 1626 2683 .
1649 2655 1692 2683 72.
1708 2656 1754 2692 75)
1772 2665 1780 2683 :
1804 2656 1871 2682 Τῶν

1112 2690 1133 2716 ιῦ
1148 2690 1216 2716 Θεοῦ
1231 2691 1278 2717 καὶ
1289 2690 1398 2717 [la-:an
1410 2691 1530 2717 φυσικῶν
1545 2665 1654 2717 angi»:
1679 2692 1807 2717 κοινωνὸς
1821 2692 1871 2717 οὺ-

1085 2690 1133 2717 τοῦ
1148 2690 1216 2716 Θεοῦ
1231 2691 1278 2717 καὶ
1289 2690 1398 2725 [la-:pr
1410 2691 1530 2724 φυσικῶν
1545 2690 1654 2725 ἀγαθῶν
1679 2690 1807 2723 κοινωνὸς
1821 2692 1871 2717 οὺ-

1087 2725 1188 2756 σιωδῶς
1200 2725 1329 2761 ὑπάρχων
1339 2725 1353 2751 ὸ
1366 2725 1438 2757 Υἱὸς,
1455 2725 1511 2761 ἔχει
1528 2726 1558 2753 τὺ
1579 2726 1691 2760 Πνεῦμα
1718 2727 1789 2753 κατὰ
1801 2725 1871 2752 τοῦ-

1085 2769 1131 2796 Ιιίον
1145 2761 1190 2787 τὸν
1205 2761 1314 2796 τρόπον,
1328 2761 1389 2787 καθ’
1414 2761 1496 2795 ὅνπερ
1511 2762 1595 2788 νοοῖτο
1621 2762 1668 2788 καὶ
1694 2762 1708 2786 ό
1734 2762 1868 2796 Πατήρ...

1086 2794 1180 2832 ᾢσπερ
1200 2796 1277 2832 ἡμῶν
1291 2795 1404 2832 ἕκαστος
1414 2795 1443 2832 τῷ
1460 2794 1525 2823 ῐόιον
1535 2797 1567 2832 ἐν
1577 2797 1666 2831 ἑαυτῷ
1676 2797 1789 2832 Πνεῦμα
1801 2794 1871 2832 ἒνν-

1086 2831 1144 2866 ἐχει
1176 2830 1222 2858 καὶ
1236 2832 1268 2858 ὲκ
1281 2830 1334 2859 τῶν
1352 2830 1500 2858 ὲνδοτάτων
1524 2830 1685 2867 σπλάγχνων
1701 2830 1786 2865 sint
1813 2831 1870 2866 ἔξω
