1945 3088
203 120 255 153 ιὲτ

773 119 906 150 ΡΠΟΤῙΙ
926 119 1024 150 PATR
1029 118 1180 150 [ARCHE
1199 119 1253 150 ΟΡ.

1788 119 1841 152 428

201 174 263 203 Filii
277 173 419 210 operatio;
439 171 487 200 sed
502 171 574 199 nulla
598 170 657 199 Filii
676 173 800 207 operatio
814 181 830 200 a
843 173 923 201 Patre
935 173 994 201 dis-
1008 176 1032 203 Δ
1045 174 1122 206 lium,
1138 181 1154 200 a
1169 173 1248 201 Patre
1264 172 1406 208 procedit,
1423 178 1451 200 et
1464 172 1574 200 dilectio
1584 195 1592 207 ,
1609 181 1662 208 qua
1678 173 1762 202 Filius
1777 175 1842 202 dili-

199 221 294 257 juncta
309 225 338 247 et
347 219 435 246 aliena
445 222 502 250 est;
515 216 631 252 proinde
644 221 672 244 et
684 216 757 244 Patri
772 217 843 244 hanc
855 217 993 253 προϐολὴν

201 266 352 295 convenire
362 264 473 292 fatearis
481 267 600 298 oportet.
615 263 648 291 Et
659 263 704 290 hic
716 263 829 298 praecise
839 263 893 291 illis
903 264 995 291 verbis

201 312 303 342 Christi
317 311 413 343 utitur.
429 318 461 338 ex
479 309 579 345 quibus
594 313 621 336 et
642 309 769 337 catholici
785 314 903 345 arguunt
915 309 995 336 theo-

200 358 253 394 logi
272 367 279 385 :
296 357 391 385 Omnia
408 365 467 384 mea
488 361 534 384 tua
557 360 636 388 sunt,
651 361 705 383 etc.
722 355 813 389 Quare
836 363 898 382 cum
916 355 996 382 lucu-

200 403 353 431 lentissime
374 402 471 430 Patres
487 402 538 437 ipsi
553 401 641 429 Graeci
666 401 770 429 Latinis
787 401 993 436 suﬁ‘ragentur:

200 450 273 485 quod
292 449 408 476 Photius
427 449 527 476 aﬁ'erre
553 448 706 484 potuisset,
723 447 766 475 vix
794 448 876 474 ullius
898 447 996 474 fuisset

201 494 343 523 momenti.
361 494 472 522 Poterat
483 493 600 522 fortaSse
614 494 648 521 ad
671 493 847 520 Theodorum
870 491 996 527 Mopsue-

201 545 311 569 steuum
336 547 505 575 provocare,
523 547 604 575 quem
628 544 718 566 tamen
746 539 773 566 in
799 547 828 566 re
843 538 995 574 dogmatica

201 586 281 613 nihili
301 585 358 612 fere
372 585 447 618 fecit,
461 585 504 612 vel
517 585 550 611 ad
563 584 777 618 Theodoretum,
789 592 871 620 quem
889 593 898 609 ι
914 584 995 618 hujus

202 632 354 667 negationis
372 631 542 659 inventorem
559 636 587 658 et
608 638 762 666 prmeoncm
789 640 799 656 ι
826 634 904 657 vocat
919 628 996 665 Hugo

202 678 370 706 Etherianus
385 677 426 714 [Ι.
450 685 476 710 ι,
499 685 526 705 c.
541 677 570 709 2,
590 685 618 713 p.
637 677 707 704 1200
729 676 816 713 (ϐίέ)],
838 677 881 704 vel
904 676 996 712 specie

202 727 299 755 saltem
323 726 356 753 ad
372 725 506 753 Joannem
523 725 734 758 Damascenum,
750 725 796 760 qui
812 729 916 757 tamen,
933 724 997 751 licet

202 775 213 808 (
227 773 264 800 De
281 773 312 800 F.
331 772 361 800 0.
375 771 396 804 1,
412 772 439 805 8,
456 780 485 807 p.
501 771 562 807 Ml)
576 771 761 804 aﬂirmaverit,
776 772 808 798 ἐκ
822 771 869 798 toﬁ
884 769 950 797 Υιοῦ
965 770 996 796 τὺ

202 819 317 855 Πνεῦμα
336 818 374 854 μὴ
394 818 525 852 λέγεσθαι
545 822 640 853 aperte
653 817 786 853 Spiritum
801 817 847 844 διὰ
862 817 910 844 τοῦ
928 816 995 844 Υἱοῦ

1047 220 1087 255 git
1104 220 1229 251 Patrem,
1247 227 1263 246 a
1283 219 1351 247 Filio
1374 219 1553 247 nihilominus
1568 219 1704 255 procedit.
1723 221 1773 249 Est
1792 229 1842 248 au-

1048 270 1103 292 tem
1129 264 1187 292 haec
1211 264 1322 292 dilectio
1345 264 1463 299 Spiritus
1484 269 1606 293 sanctus.
1633 265 1762 293 Procedit
1776 274 1841 302 ergo

1047 309 1167 345 Spiritus
1179 317 1195 336 a
1208 309 1289 337 Patre
1302 315 1330 337 et
1343 309 1423 337 Filio.
1440 319 1450 336 ι
1462 310 1661 338 Concludimus
1674 319 1738 339 cum
1747 312 1842 347 ﬂugu-

1046 355 1090 382 nis
1111 355 1250 382 Etheriani
1269 355 1370 388 verbis,
1383 355 1429 390 qui
1446 355 1484 390 (l.
1501 363 1532 389 ιι,
1549 363 1576 383 c.
1589 355 1634 388 17,
1651 364 1679 391 p.
1697 356 1786 391 1252)
1805 359 1841 384 ita

1046 399 1146 428 Photio
1158 401 1306 436 respondet
1320 411 1327 428 :
1342 410 1352 427 ι
1372 400 1443 428 Dixit
1455 401 1605 428 Dominus:
1622 401 1749 436 Spiritus,
1764 403 1810 438 qui
1824 413 1841 430 (ι

1047 445 1130 473 Patre
1141 447 1258 481 procedit
1267 455 1276 479 ;
1285 446 1516 474 conﬁrmaverunt
1529 447 1582 474 hoc
1594 452 1621 475 et
1634 453 1736 476 sancta:
1745 450 1840 484 synodi

1048 491 1260 527 Latinorumque
1277 500 1359 520 omne
1374 492 1519 528 collegium
1535 500 1590 520 non
1603 493 1692 521 solum
1707 502 1763 522 non
1779 496 1840 522 inﬁ-

1048 538 1148 565 ciatutn
1160 543 1212 569 est,
1228 538 1276 566 sed
1289 546 1352 566 eum
1363 539 1438 566 omni
1454 538 1593 574 diligentia
1606 543 1634 566 et
1644 547 1677 566 ex
1690 545 1748 567 toto
1759 542 1841 568 corde

1049 585 1145 613 credit.
1159 590 1188 612 et
1199 585 1265 612 dicit
1279 585 1481 620 conﬁteturque
1490 605 1498 619 ,
1511 590 1539 613 et
1552 593 1586 613 ex
1599 585 1668 613 Filio
1681 587 1840 621 procedere.

1048 631 1117 658 Nam
1145 631 1209 658 licet
1230 631 1304 658 solus
1322 631 1480 659 nominetur
1502 631 1598 665 Pater,
1628 632 1842 667 subintelligitur

1049 678 1162 705 omnino
1181 683 1209 705 et
1222 677 1317 711 Filius,
1334 686 1367 706 eo
1387 678 1459 714 quod
1474 678 1577 713 absque
1594 678 1684 705 ntedio
1707 679 1742 705 de
1763 678 1843 706 Patre

1049 732 1104 752 non
1125 725 1265 760 procedat,
1286 730 1314 752 et
1339 732 1401 752 cum
1421 732 1557 759 nusquam
1579 724 1660 752 Pater
1676 725 1778 752 dixisse
1798 733 1842 752 rc-

1049 771 1171 806 periatur
1183 781 1190 798 ;
1204 770 1261 806 Ego
1275 771 1346 798 solus
1363 771 1454 798 emitto
1475 770 1623 805 Spiritum;
1637 769 1712 806 [166]
1728 770 1775 798 sed
1793 779 1842 798 uc-

1050 824 1103 850 que
1119 815 1314 851 prophetarum
1337 815 1480 850 quisquam
1505 822 1555 842 seu
1571 815 1687 842 aliorum
1705 814 1814 842 Patrum
1833 823 1841 842 :

201 864 386 900 προέρχεσθαι
397 864 498 896 docuit,
510 867 538 891 et
550 871 565 890 a
578 863 683 890 Latinis
695 863 786 890 verbis
799 863 890 898 potius
913 870 995 897 quam
1011 858 1033 886 Β
1047 857 1124 890 Stilus
1135 861 1217 889 Pater
1229 862 1324 890 emittit
1339 861 1466 896 Spiritum
1476 881 1484 892 ,
1500 861 1646 895 aliquando
1662 862 1787 897 protulit.
1808 862 1843 888 At

202 918 233 938 re
256 911 314 946 ipsa
331 910 467 938 dissidere
489 911 550 945 jure
569 910 674 945 optimo
699 915 827 937 censetur
844 909 911 944 (65).
930 909 997 942 Quae

202 957 279 994 [I65]
305 965 368 985 cum
393 957 429 984 ita
451 958 516 989 sint,
535 964 591 983 nou
613 960 715 984 temere
740 955 905 983 Ratramnus
919 956 955 991 (Ι.
975 963 996 989 ι,

202 1011 227 1031 c.
243 1003 271 1035 8,
286 1010 303 1038 p
330 1002 385 1030 212
399 1010 457 1037 seq.
474 1001 518 1029 ed.
529 1001 576 1029 cit.
590 1001 611 1037 ).
626 1001 736 1028 Grmcos
757 1001 798 1028 sui
815 1000 947 1036 temporis
960 1001 997 1027 ita

203 1047 330 1083 objurgat
346 1056 352 1074 :
374 1056 384 1072 ε
401 1046 516 1074 Cessent
531 1046 612 1082 igitur
629 1046 841 1081 reprehensores
856 1045 898 1073 vel
914 1045 998 1073 male-

202 1094 256 1121 voli
271 1094 313 1121 vel
323 1093 442 1128 imperiti
454 1092 557 1119 Christi
570 1092 721 1120 Ecclesiam
737 1092 912 1128 redarguere,
924 1092 997 1127 quod

204 1140 336 1175 Spiritum
351 1143 476 1167 sanctum
493 1138 640 1166 conﬁtetur
657 1146 671 1165 a
687 1138 766 1165 Patre
790 1143 818 1165 et
839 1138 908 1165 Filio
933 1146 998 1173 pro-

204 1187 312 1214 cedere.
330 1186 387 1213 Hoe
407 1185 552 1220 Evangelia
568 1185 679 1216 docent,
699 1184 753 1212 hoc
773 1184 896 1219 Apostoli
913 1184 997 1220 proﬁ-

204 1237 315 1263 tentur,
333 1232 386 1258 hoc
411 1231 554 1266 propheta:
576 1238 631 1257 non
656 1234 781 1258 tacent...
808 1229 920 1261 Videte.
943 1239 998 1266 quo

204 1278 298 1306 tendat
316 1282 405 1305 vestra
424 1298 430 1304 .
449 1297 456 1304 .
471 1296 478 1304 .
502 1276 652 1311 professio,
673 1284 726 1311 qua
745 1276 837 1303 dicitis
864 1276 997 1311 Spiritum

203 1329 330 1352 sanctum
345 1331 360 1350 a
376 1322 454 1349 Patre
468 1322 627 1357 procedere,
642 1329 698 1348 non
711 1326 803 1348 autem
817 1329 833 1348 a
849 1321 927 1349 Filio.
942 1321 999 1349 lloc

203 1378 255 1397 nec
268 1369 295 1396 in
311 1368 424 1395 Litteris
437 1367 536 1395 divinis
553 1375 605 1394 nec
617 1367 644 1394 in
658 1366 818 1394 doctoribus
832 1366 998 1394 ecclesiasti-

205 1415 245 1443 cis
259 1415 406 1450 aliquando
419 1413 534 1449 legistis.
550 1413 623 1440 Dixit
640 1412 749 1447 quidem
771 1416 864 1440 sancta
879 1413 998 1448 synodus

204 1462 340 1497 Cplitana.
359 1482 365 1488 .
386 1479 394 1487 .
413 1459 511 1486 Filium
529 1458 791 1487 consubstantialem
812 1466 873 1487 esse
891 1459 995 1492 Patris,

206 1506 338 1542 Spiritum
362 1512 472 1541 quoque
491 1509 617 1532 sanctum
641 1505 836 1540 procedentem
860 1512 874 1532 a
898 1504 995 1538 Patre;

206 1552 329 1587 nunquid
347 1551 456 1587 negavit
471 1558 533 1578 eum
553 1559 568 1577 a
584 1550 655 1578 Filio
678 1550 847 1586 procedere?
863 1550 911 1577 Vel
930 1559 997 1578 con-

205 1607 324 1634 sequens
340 1604 392 1632 est,
407 1602 437 1626 ut
456 1599 477 1626 si
494 1597 618 1633 procedit
632 1605 647 1625 a
662 1597 754 1631 Patre,
773 1605 825 1625 non
841 1598 971 1633 procedat
983 1606 998 1625 ιι

205 1646 294 1673 Filio?
309 1646 405 1673 Potius
421 1653 487 1681 ergo
500 1644 648 1680 agnoscite,
661 1645 684 1672 si
699 1644 759 1672 Filii
774 1645 856 1673 vultis
872 1652 934 1672 esse
947 1645 1000 1672 Ec-

206 1691 297 1719 clesiae
319 1696 347 1719 et
371 1691 482 1719 Patrum
504 1690 581 1725 sequi
598 1690 762 1722 doctrinam,
787 1690 861 1725 quod
884 1690 1000 1718 dicendo

206 1744 332 1766 sanctum
345 1739 492 1766 concilium
505 1737 563 1773 Cpli
574 1738 718 1766 collectum
730 1737 862 1773 Spiritum
873 1741 998 1765 sanctum

207 1784 402 1820 procedentem
412 1792 427 1811 a
440 1783 531 1817 Patre,
544 1784 616 1819 quod
628 1791 691 1811 eum
704 1787 754 1811 eta
769 1783 838 1811 Filio
852 1783 1000 1818 procedere

206 1838 261 1858 non
273 1830 401 1867 negavit;
416 1830 464 1858 sed
477 1834 532 1858 tota
546 1829 676 1862 Trinitas,
692 1837 754 1857 cum
770 1830 807 1858 sit
819 1831 1000 1858 consubstan-

207 1878 280 1905 tialis
295 1881 323 1904 et
337 1877 422 1904 Filius
432 1881 513 1905 natus
529 1884 543 1903 ιι
559 1876 651 1909 Patre,
666 1876 787 1911 Spiritus
814 1884 923 1911 quoque
936 1884 1000 1903 san-

206 1929 268 1956 ctus
283 1923 450 1951 sitcharitas
466 1923 611 1958 utriusque
623 1942 630 1954 ,
652 1929 706 1949 non
725 1922 812 1958 possit
827 1924 873 1958 qui
884 1931 1000 1959 sncgare

208 1970 340 2005 Spiritum
355 1975 480 1997 sanctum
495 1977 510 1996 a
523 1969 590 1997 Filio
604 1969 752 2004 procedere
766 1990 772 2002 ,
791 1969 843 1996 nisi
859 1970 1000 2004 negaverit

207 2017 305 2043 Filium
331 2016 508 2048 charitatcm,
536 2024 589 2050 qua
617 2015 705 2051 diligit
731 2015 859 2048 Patrem,
885 2017 996 2044 habere.

206 2062 285 2096 Quod
299 2062 362 2096 quia
379 2069 522 2094 vesanum,
539 2061 687 2088 tenendum
704 2062 817 2089 omnino
840 2066 867 2089 et
882 2062 998 2089 ﬁdeliter

206 2107 401 2143 proﬁtendum,
415 2107 478 2142 quia
492 2107 570 2134 Pater
590 2107 676 2143 diligit
691 2107 790 2135 Filium
808 2111 837 2135 et
854 2107 938 2135 Filius
954 2108 998 2135 di-

205 2154 264 2191 ligit
283 2155 402 2186 Patrem,
418 2159 446 2182 et
463 2155 521 2182 haec
541 2153 662 2187 dilectio,
677 2162 731 2190 qtta
749 2154 829 2182 Pater
843 2154 931 2182 dilizit
952 2154 998 2182 Fi-

207 2253 246 2297 _De
260 2253 404 2297 imitmEccl‘.
422 2261 450 2297 rc.
522 2253 569 2297 _De
585 2261 661 2297 prae.
677 2252 723 2297 Sp.
740 2253 769 2281 S.
788 2261 812 2282 c.
834 2253 851 2281 4
866 2253 994 2297 ((ξ.“0;ηΙ,

205 2289 252 2320 74,
277 2289 353 2324 282);
378 2289 458 2323 Grcg.
479 2288 540 2324 Cpl.
559 2290 591 2315 ad
615 2289 681 2323 imp.
698 2288 812 2324 'l‘rapcz.
837 2297 862 2317 c.
890 2290 922 2316 l8
944 2290 994 2323 (ib.

228 2345 233 2352 .
255 2323 330 2359 460);
346 2324 478 2358 aliosque.
499 2324 616 2359 Similia
629 2324 702 2359 dicit?
717 2323 843 2359 Cyrillus,
866 2325 884 2352 Ι.
902 2332 939 2356 vt,
961 2325 996 2352 ad

219 2360 298 2387 lerm.
321 2359 444 2393 (Beccus,
459 2359 544 2394 cpigr.
560 2359 585 2390 l,
601 2358 633 2386 G.
648 2358 670 2386 0
695 2358 726 2391 ll,
739 2358 813 2394 5'40).

242 2394 448 2435 (62)"Nonniilli
476 2401 542 2435 vero
566 2394 664 2434 eruditi
679 2402 757 2435 _nonr
777 2396 836 2435 sine
867 2394 997 2435 gravibus

206 2429 361 2457 rationibus
388 2429 592 2457 'l‘heodoretum
621 2429 761 2458 vindicant
793 2430 827 2457 ab
861 2431 995 2465 ejusmodi

206 2472 309 2492 errore.

241 2500 299 2534 (63)
320 2499 386 2527 Illud
397 2500 430 2526 ἐκ
443 2499 490 2526 τοῦ
506 2498 571 2526 Υιοῦ
590 2499 686 2534 rejeeit
698 2508 752 2527 non
768 2500 821 2527 alio
837 2508 930 2532 sensu,
943 2500 995 2527 nisi

205 2535 244 2566 ὡς
259 2535 291 2571 tu
303 2535 354 2571 τῆς
368 2534 481 2571 πρέιτης
493 2534 595 2566 αἰτίας,
611 2536 643 2561 ὲκ
661 2536 711 2570 τῆς
732 2535 820 2571 ἀρχῆς
835 2543 996 2571 προκαταρυ

206 2570 315 2604 κτικῆς,
332 2569 369 2596 ἰιι
398 2569 507 2596 Graecus
526 2574 632 2609 ⁵τιιιριοι·
658 2571 730 2605 apud
753 2569 869 2605 Niceph.
899 2569 996 2603 Blcni.,

206 2609 276 2632 orat.
299 2605 325 2635 l,
344 2603 406 2639 p.77
427 2604 556 2632 advertit.
577 2604 654 2639 Htth
680 2605 774 2632 Ethcr.
796 2606 815 2632 Ι.
839 2613 880 2637 ιιι,
904 2614 928 2632 c.
950 2606 995 2637 2|,

240 2623 276 2631 ιιι·
302 2623 325 2635 ιι
344 2623 372 2637 ιμ’·
395 2623 402 2629 -
427 2623 556 2632 uuvm-u.
577 2623 654 2637 ιιι-ην
680 2623 774 2632 μιν-ΠΛ-
796 2623 815 2632 ι.
839 2623 880 2637 ιιι,
904 2623 928 2632 ι..
951 2623 995 2637 αι,

206 2648 235 2675 p.
247 2639 316 2667 1259
330 2648 336 2666 :
351 2647 361 2664 ‹
379 2638 460 2666 Solus
472 2638 668 2675 verohinquit,
683 2640 865 2667 Dainascenus
877 2640 997 2668 Joannes

207 2673 341 2703 dissidere
354 2682 371 2710 7a
387 2681 484 2710 magno
495 2673 595 2710 Cyrillo
608 2675 723 2710 aliisque
735 2675 860 2702 l’utribus
877 2676 995 2707 videtur,

208 2711 231 2738 si
248 2715 339 2737 tamen
353 2709 388 2735 ita
403 2707 498 2735 scribit
512 2707 523 2734 ε’
539 2707 668 2743 Spiritum
679 2707 719 2737 ’θέε
740 2710 821 2737 Patre
845 2711 956 2737 dicimus
972 2716 996 2737 et

208 2745 341 2778 Spiritum
352 2744 443 2771 Patris
459 2744 636 2779 nominamus.
662 2746 703 2771 Ea:
733 2745 802 2772 Itilio
823 2751 911 2772 autem
934 2745 996 2779 Spi—

208 2777 288 2805 ritum
299 2787 350 2805 non
361 2779 482 2810 dicimus,
494 2777 623 2812 Spiritum
638 2787 697 2806 vero
717 2780 779 2806 Filii
795 2777 971 2807 nominamus.
984 2790 993 2806 ι

210 2813 402 2840 Verumtamen
424 2817 449 2840 et
475 2813 613 2846 Scriptura
630 2814 668 2840 sic
687 2823 715 2840 se
731 2815 841 2842 ltubente
858 2824 912 2843 non
940 2816 996 2842 dis-

205 2848 300 2875 cordat
313 2848 356 2875 hic
368 2852 479 2876 sanctus
494 2855 509 2873 ιι
532 2847 627 2875 Latina
649 2850 780 2883 veritate;
802 2852 853 2878 hoc
876 2851 908 2878 ad
929 2858 996 2878 con-

1048 915 1116 935 vero
1127 915 1218 942 neque
1230 911 1327 934 contra
1342 907 1452 935 decreta
1469 906 1519 934 SS.
1533 907 1656 941 Patrum,
1671 907 1717 942 qui
1730 907 1841 941 Niciam,

1047 952 1301 987 Constantinopoli,
1323 951 1497 980 Chalcedone
1522 953 1565 980 vel
1587 953 1703 980 ubilibet
1719 952 1841 981 locorum

1047 1006 1099 1034 pro
1110 998 1241 1025 ﬁrmanda
1253 997 1306 1024 ﬁde
1317 1002 1518 1025 convenerunt.
1533 997 1607 1025 Idem
1628 998 1714 1030 enim,
1729 998 1775 1025 sed
1788 998 1842 1025 ali-

1049 1049 1089 1072 ter
1109 1043 1175 1072 dicit
1197 1043 1365 1079 ea‘planando
1381 1049 1405 1071 et
1419 1044 1619 1079 interpretando
1629 1064 1636 1075 ,
1652 1045 1725 1080 quod
1740 1045 1783 1080 pie
1798 1045 1841 1072 in-

1049 1091 1131 1125 telligi
1144 1095 1269 1125 oporteat
1288 1090 1419 1125 Spiritum
1441 1097 1473 1118 ex
1493 1090 1572 1117 Patre
1589 1091 1737 1125 procedere
1750 1112 1757 1123 ,
1777 1091 1842 1119 sub-

1049 1137 1188 1164 intellecto
1203 1136 1262 1163 scil.
1272 1136 1353 1168 Filio,
1367 1140 1424 1163 tum
1432 1136 1495 1171 quia
1507 1136 1679 1163 verissimum
1690 1140 1733 1163 est
1754 1135 1842 1171 Spiri-

1050 1188 1107 1211 tum
1133 1192 1164 1211 ex
1187 1183 1257 1211 Filio
1281 1184 1442 1219 procedere,
1468 1189 1525 1211 tum
1551 1185 1613 1219 quia
1633 1185 1712 1212 multi
1736 1193 1752 1212 a
1773 1185 1842 1213 Filio

1050 1229 1138 1265 ipsum
1153 1229 1320 1257 dividebant.
1337 1230 1484 1258 Enimvero
1504 1231 1575 1258 sicut
1597 1231 1756 1266 intelligitur
1779 1231 1841 1259 Filii

1049 1283 1110 1303 esse
1126 1275 1263 1310 Spiritus,
1283 1284 1345 1303 cum
1366 1276 1466 1304 dicitur
1485 1284 1545 1305 esse
1565 1277 1664 1309 Patris,
1688 1278 1725 1305 ita
1748 1279 1842 1305 conci-

1048 1322 1167 1357 piendus
1182 1327 1225 1350 est
1245 1330 1277 1349 ex
1293 1323 1361 1350 Filio
1376 1323 1534 1357 procedere,
1552 1331 1613 1350 cum
1634 1323 1706 1352 Deus
1727 1332 1743 1352 a
1763 1324 1842 1352 Patre

1050 1368 1183 1403 procedit.
1200 1389 1207 1395 .
1226 1388 1233 1396 .
1249 1368 1349 1396 Verum
1363 1369 1452 1396 bonus
1468 1369 1564 1397 Pastor
1575 1371 1632 1397 suis
1645 1370 1720 1398 falsis
1733 1372 1843 1406 opinio-

1049 1414 1130 1442 nibus
1145 1414 1324 1442 consistentia
1339 1419 1368 1442 et
1381 1415 1452 1442 bene
1469 1414 1598 1442 habentia
1614 1415 1734 1443 dimovet
1748 1421 1776 1443 et
1790 1415 1843 1442 La-

1051 1461 1169 1489 tinorum
1177 1461 1206 1488 S.
1219 1461 1365 1489 Ecelesiam
1380 1461 1482 1496 absque
1493 1461 1597 1497 synodo
1610 1469 1659 1496 pro
1669 1462 1727 1489 suis
1740 1462 1818 1489 viribt
1830 1469 1844 1490 s

1049 1507 1223 1538 condemnat,
1245 1512 1394 1542 contraque
1407 1507 1457 1534 SS.
1472 1508 1590 1543 synodos
1605 1512 1755 1542 contraque
1775 1515 1844 1543 apo-

1049 1554 1151 1581 stolica:
1163 1554 1315 1581 sanctitatis
1330 1553 1403 1581 viros
1417 1554 1559 1586 mentitur,
1577 1553 1641 1582 dum
1656 1561 1703 1581 eos
1719 1554 1845 1582 sanxisse

1049 1601 1182 1631 allirmat,
1196 1600 1328 1635 Spiritum
1346 1608 1360 1626 a
1379 1599 1468 1632 Patre,
1487 1600 1534 1627 sed
1552 1607 1606 1627 non
1624 1608 1639 1626 a
1656 1599 1724 1627 Filio
1744 1608 1843 1635 proce-

1050 1647 1124 1676 dere.
1143 1667 1150 1674 .
1167 1668 1173 1674 .
1200 1647 1250 1674 llic
1275 1646 1445 1674 conviciator
1469 1646 1613 1674 edocuisse
1640 1646 1701 1673 illos
1725 1647 1844 1681 asserit,

1050 1692 1122 1728 quod
1137 1692 1257 1720 indicare
1268 1692 1418 1719 orationem
1433 1692 1593 1725 arbitratur,
1606 1693 1666 1720 scil.
1676 1693 1721 1728 qui
1734 1701 1749 1720 a
1763 1693 1845 1721 Patre

1049 1739 1105 1766 solo
1120 1738 1252 1774 procedit.
1269 1759 1276 1766 .
1294 1759 1302 1766 .
1318 1739 1378 1766 Non
1395 1738 1466 1766 idem
1480 1738 1635 1774 signiﬁcant
1649 1739 1691 1766 hze
1704 1739 1766 1766 dum
1781 1747 1846 1767 ora-

1051 1785 1138 1813 tiones
1154 1794 1160 1812 :
1176 1785 1227 1818 Qui
1247 1794 1262 1812 a
1280 1785 1361 1812 Patre
1383 1786 1510 1820 procedit.
1528 1790 1556 1812 et
1570 1794 1577 1811 :
1591 1785 1641 1817 Qui
1655 1794 1672 1812 α
1689 1785 1773 1813 Patre
1787 1787 1845 1814 solo

1050 1831 1178 1866 procedit.
1192 1838 1281 1866 neque
1294 1831 1366 1866 apud
1380 1830 1504 1863 Graecos,
1523 1838 1612 1865 neque
1627 1831 1698 1866 apud
1720 1830 1844 1866 Latinos,

1049 1884 1140 1912 neque
1163 1884 1248 1911 penes
1264 1881 1398 1910 oratores,
1421 1884 1511 1911 neque
1535 1883 1620 1911 penes
1646 1876 1845 1912 philosophos;

1050 1924 1173 1959 profecto
1183 1923 1275 1950 rimari
1287 1923 1396 1958 quidem
1405 1927 1513 1958 oportet
1524 1930 1579 1949 non
1588 1922 1675 1950 solum
1682 1923 1843 1956 dictionem,

1050 1978 1144 1998 verum
1164 1970 1292 1997 dictionis
1307 1969 1497 1996 intentionem.
1510 1968 1581 1995 Sane
1596 1976 1656 2002 qum
1671 1968 1753 1996 dubia
1767 1975 1843 2003 sunt,

1049 2013 1187 2041 interdum
1203 2021 1251 2048 per
1265 2013 1316 2040 alia
1332 2013 1542 2040 manifestantur
1554 2017 1582 2040 et
1596 2021 1628 2040 cx
1644 2013 1687 2041 his
1702 2021 1762 2049 qua:
1778 2015 1843 2042 alihi

1050 2060 1151 2095 srripta
1167 2065 1240 2087 sunt.
1254 2060 1373 2087 Nothum
1388 2060 1474 2094 (edit.
1487 2059 1594 2094 notum)
1609 2060 1719 2095 quidem
1735 2061 1845 2089 videtur

1050 2105 1155 2134 Latinis
1170 2106 1215 2142 qui
1228 2115 1244 2132 a
1265 2105 1349 2132 Patre
1360 2106 1426 2138 solo,
1440 2106 1555 2133 nothum
1572 2114 1637 2133 vero
1650 2106 1751 2134 Graecis
1765 2109 1812 2143 qui
1827 2118 1844 2136 ιι

1050 2151 1131 2178 Patre
1144 2156 1168 2178 et
1187 2150 1270 2184 Filio,
1296 2159 1329 2179 eo
1342 2151 1414 2186 quod
1426 2157 1552 2179 neutrum
1570 2153 1597 2179 in
1610 2152 1763 2189 Evangeliis
1774 2154 1845 2182 scri-

1048 2257 1220 2285 suetudincm
1243 2257 1398 2284 Succorum
1424 2256 1588 2288 referendo,
1616 2264 1677 2291 qua)
1703 2265 1757 2284 non
1779 2265 1844 2285 esse

1049 2293 1180 2328 Spiritum
1201 2301 1233 2319 cx
1250 2292 1319 2328 Filio
1331 2292 1485 2322 conﬁtetur,
1495 2297 1564 2319 (ιιι-,ι
1578 2291 1696 2328 Thomas
1708 2292 1843 2326 Aquilius.

1048 2327 1087 2390 (p.
1106 2329 1131 2359 ί,
1151 2336 1178 2362 q.
1196 2329 1240 2357 56.
1265 2335 1290 2354 a.
1310 2327 1327 2354 2
1350 2328 1382 2354 ad
1396 2327 1423 2359 5)
1447 2328 1644 2354 Itamascenutn
1670 2327 1843 2355 Nestorianis

1058 2371 1100 2390 iac
1113 2363 1139 2389 in
1155 2371 1183 2389 re
1198 2363 1352 2390 acccnsuit:
1368 2363 1415 2389 sed
1428 2362 1518 2389 statim
1532 2362 1630 2390 adiecit
1644 2372 1650 2389 :
1663 2373 1672 2388 ι
1683 2362 1813 2390 Onamvis
1827 2371 1843 2390 a

1058 2362 1100 2390 iac
1113 2363 1139 2389 in
1155 2371 1183 2389 re
1198 2363 1352 2395 acccnsuit;
1368 2363 1415 2389 sed
1428 2362 1518 2389 statim
1532 2362 1630 2397 adjecit
1644 2372 1650 2389 :
1663 2373 1672 2388 ι
1683 2362 1813 2395 Quamvis
1827 2371 1843 2390 a

1047 2398 1210 2433 quibusdam
1225 2398 1341 2430 dicatur,
1363 2398 1434 2432 quod
1451 2397 1586 2433 Damam.
1610 2398 1681 2425 sicut
1695 2405 1749 2424 non
1769 2406 1841 2425 cou-

1047 2432 1140 2460 ﬁtetur
1161 2433 1291 2467 Spiritum
1305 2437 1428 2460 sanctum
1442 2440 1503 2460 esse
1517 2441 1531 2459 a
1545 2432 1623 2464 Filio,
1634 2433 1670 2460 ita
1683 2433 1766 2460 etiam
1782 2441 1839 2460 non

1048 2474 1173 2503 uegatex
1189 2468 1214 2494 vi
1230 2468 1376 2495 verborum
1399 2467 1519 2494 illorum.
1536 2477 1545 2493 ι
1570 2468 1623 2495 Sed
1645 2476 1674 2495 re
1696 2468 1753 2502 ipsa
1775 2476 1842 2496 eum

1048 2502 1110 2531 cuin
1123 2503 1184 2530 aliis
1197 2502 1322 2530 Patribus
1338 2503 1439 2530 sentire
1453 2504 1602 2530 ostendunt
1618 2503 1731 2531 Niccnh.
1749 2503 1840 2531 Blem.

1048 2539 1079 2569 (Ι.
1093 2545 1118 2564 c.
1132 2546 1157 2566 e.
1177 2539 1223 2569 25,
1242 2546 1269 2572 p.
1290 2538 1325 2565 29
1337 2538 1423 2572 Scip);
1441 2538 1543 2565 Bcccus
1559 2537 1602 2573 (G.
1621 2539 1652 2566 0.
1671 2537 1702 2571 ll,
1723 2539 1757 2565 66
1779 2546 1840 2573 seq.

1049 2573 1122 2607 lit);
1149 2573 1322 2600 Constantin.
1348 2573 1469 2600 Meliten.
1493 2577 1562 2600 orat.
1590 2573 1602 2600 l
1625 2574 1674 2607 (ib.
1698 2573 1751 2600 675
1777 2581 1840 2608 seq.

1048 2609 1110 2640 695,
1123 2608 1197 2640 695);
1212 2608 1309 2644 Georg.
1323 2608 1492 2644 i'l‘rapezuut.
1507 2608 1550 2643 (ad
1570 2608 1596 2636 J.
1617 2609 1729 2636 Cubocl.
1744 2617 1768 2636 c.
1784 2609 1840 2641 l5;

1048 2644 1085 2671 ib.
1106 2643 1126 2670 Ι.
1148 2644 1201 2671 494
1217 2643 1299 2677 seq);
1323 2643 1431 2670 Manuel
1455 2643 1575 2671 Calecas.
1596 2644 1625 2679 (l.
1647 2652 1688 2676 nt,
1709 2652 1736 2678 p.
1762 2644 1841 2679 42H);

1048 2679 1146 2713 Georg.
1158 2675 1354 2714 Protosvncell.
1371 2679 1448 2713 Apol.
1464 2687 1486 2705 c.
1505 2679 1585 2706 Marc.
1601 2675 1667 2714 Eph.
1682 2675 1775 2714 (Hard.
1791 2675 1841 2708 IX;

1047 2715 1122 2748 630);
1138 2714 1279 2741 Bcssarion
1294 2715 1348 2749 (ep.
1362 2717 1394 2741 att
1410 2715 1485 2741 Alex.
1499 2714 1576 2749 Lasc.
1591 2722 1616 2741 c.
1632 2715 1664 2745 9;
1681 2715 1718 2742 ib.
1732 2714 1844 2749 p.10“

1047 2754 1131 2783 sch;
1151 2749 1206 2776 Lm
1221 2749 1336 2776 Allatius
1348 2750 1397 2783 (De
1411 2758 1527 2776 consents.
1546 2748 1580 2782 ll,
1595 2750 1623 2782 2,
1642 2748 1768 2784 ﬁ—llpp.
1787 2750 1844 2776 412

1047 2792 1105 2821 seq.
1115 2784 1232 2821 hirritu.
1250 2785 1379 2821 $4.26,
1392 2785 1449 2820 27);
1463 2784 1569 2812 \Valch.
1586 2786 1643 2821 (op.
1656 2786 1704 2812 cit.
1719 2784 1799 2820 c.2,§
1811 2785 1844 2818 ‘2,

1048 2827 1075 2855 p.
1089 2819 1135 2855 at)
1148 2820 1247 2854 aliique
1262 2820 1382 2856 plurimi.
