1945 3088
110 131 163 164 429

107 192 185 223 plum
196 187 363 222 reperiatur;
378 194 470 214 verum
479 187 518 214 sic
531 187 654 222 opposita
663 190 738 219 sunt,
750 191 780 213 ut
789 185 905 212 alterum
921 186 943 215 Α

108 232 218 268 quidem
236 232 352 260 duorum
369 232 404 259 sit
424 239 519 259 verum
535 239 569 259 ex
590 232 753 259 necessitate
764 251 772 264 ,
789 231 906 258 alterum

107 286 175 307 vero
188 286 262 312 non;
278 279 325 306 sed
343 286 375 306 ex
392 278 461 305 Filio
478 278 589 313 quidem
607 277 757 313 procedere
779 276 906 311 Scriptu-

108 325 147 353 ris
159 329 292 354 consonat
303 329 332 352 et
346 324 512 358 concordat,
529 329 557 352 et
575 331 666 359 neque
679 322 848 351 contrarium
863 322 907 350 vel

109 378 266 406 repugnans
287 369 439 402 invenitur,
453 377 607 405 quanquam
630 377 645 396 a
667 368 778 404 synodis
793 375 908 402 expres-

110 425 170 445 sam
186 424 240 444 non
258 416 303 444 sit.
320 416 429 444 Etenim
445 411 561 452 Quisque
584 415 770 442 Romanorum
791 413 904 449 pontili-

110 469 186 494 cum,
203 460 251 496 qui
271 460 388 496 synodos
405 460 646 488 sanctiﬁcaverunt
673 463 701 486 et
725 458 908 486 conﬁrmave-

111 509 193 537 runt,
213 512 322 539 semper
338 505 392 532 hoc
407 504 477 532 dixit
498 512 530 532 ac
550 503 777 540 dogmatizavit...
798 503 839 530 Ea:
853 501 907 528 solo

111 555 202 578 autem
219 550 357 577 dicentem
375 549 460 576 multa
480 553 630 584 sequuntur
648 545 907 575 inconvenientia...

113 597 188 634 [I67]
212 596 241 623 Si
263 604 298 624 ex
323 597 382 624 solo
403 595 484 623 Patre
499 595 623 631 procedit
637 594 768 630 Spiritus,
786 601 843 620 non
865 597 908 621 est

113 644 171 679 ipse
186 644 273 678 imago
288 641 362 675 Filii,
380 642 449 678 (64),
464 642 511 669 sed
530 641 628 672 Patris,
648 645 678 667 ut.
695 640 755 676 sine
770 639 861 666 medio
875 645 907 665 ex

113 689 174 724 ipso
189 696 356 722 coruscans;
373 696 428 716 non
445 692 486 715 est
503 693 595 715 autem
618 687 686 719 hoc,
705 693 769 713 cum
787 685 908 720 Spiritus

114 735 203 771 imago
218 734 253 763 sit
265 734 325 762 Filii
342 738 370 761 et
382 741 414 761 ex
428 734 487 769 ipso
502 733 621 768 proxime
633 732 777 768 refulgent.
791 731 908 766 Propin-

114 780 194 816 quior
218 781 269 807 erit
290 779 362 808 Patri
382 787 464 815 quam
489 779 557 807 Filio
573 783 602 806 et
618 778 705 814 magis
720 777 810 805 Patris
826 785 907 812 quam

115 826 187 854 Filii.
205 826 328 861 Amplius
343 826 366 853 si
381 833 415 853 ex
431 825 511 853 Patre
524 825 582 853 solo
597 825 731 860 procedit,
747 824 781 852 ad
796 831 908 851 mensu-

116 880 175 899 ram
187 873 233 899 dat
242 858 323 899 Pater
331 871 400 899 Filio
411 871 553 907 Spiritum,
566 858 628 899 cum
641 871 726 898 solam
739 870 909 903 missionem,
926 858 948 887 Β

116 923 144 946 et
159 926 215 946 non
235 919 412 946 emissionem
434 917 458 945 ei
476 918 588 946 tribuat.
603 917 633 944 ln
648 924 704 953 quo
721 917 782 945 scil.
800 924 856 944 non
869 916 911 944 vi-

117 965 199 992 detur
213 964 334 992 remetiri
349 969 491 1000 paternam
507 963 710 998 excellentiam,
729 971 782 993 nec
794 971 826 991 ex
843 964 914 992 inte-

117 1019 166 1047 gro
182 1010 315 1046 Spiritum
327 1010 429 1038 habere
444 1018 506 1037 cum
518 1010 656 1043 omnibus,
669 1017 729 1045 quae
740 1009 812 1036 circa
824 1009 912 1044 ipsum

118 1057 326 1084 considerantur
337 1075 344 1088 ,
358 1056 430 1083 sicut
447 1056 530 1083 habet
547 1055 636 1084 Pater.
653 1056 698 1083 Ait
711 1057 784 1084 enim
798 1064 914 1092 magnus

119 1102 235 1138 Cyrillus
249 1111 256 1129 :
275 1111 284 1128 ι
303 1101 362 1129 Non
374 1102 408 1130 ad
421 1109 578 1130 mensuram
595 1102 642 1129 dat
652 1102 786 1137 Spiritum
816 1102 912 1135 Filius,

118 1149 194 1185 juxta
209 1149 322 1176 Joannis
337 1156 447 1182 vocem;
465 1149 512 1176 sed
528 1149 586 1183 ipse
599 1149 743 1176 emittitex
756 1156 797 1181 se,
812 1157 914 1184 quem-

119 1196 267 1223 admodum
284 1196 378 1231 utique
389 1200 417 1223 et
431 1196 522 1223 Pater.
534 1195 668 1228 Quocirca
684 1196 841 1230 quicunque
852 1203 914 1222 ora-

121 1242 224 1269 tionem
242 1251 249 1269 :
274 1241 324 1274 Qui
343 1250 359 1268 a
381 1241 461 1269 Patre
476 1241 593 1278 procedit
611 1242 787 1269 transformat
806 1242 834 1269 in
854 1249 914 1269 eam

121 1296 182 1324 quae
196 1288 264 1315 dicit
280 1297 296 1315 a
318 1288 398 1316 Patre
416 1288 489 1322 solo,
512 1288 661 1316 Salvatoris
677 1296 789 1322 vocem,
810 1288 855 1324 qui
874 1292 916 1316 est

122 1335 252 1370 perennis
268 1335 329 1363 fons
345 1335 479 1368 veritatis,
497 1335 628 1362 inﬁrmat.
647 1345 656 1361 ι

157 1380 185 1407 8.
201 1381 235 1408 At
250 1381 337 1408 multo
352 1381 463 1409 uberius
474 1381 588 1409 Photius
603 1381 637 1409 de
651 1381 684 1408 iis
699 1381 756 1417 agit
770 1381 916 1408 documen-

124 1427 170 1459 tis,
185 1435 246 1462 qum
261 1427 350 1454 Latini
368 1436 418 1463 pro
434 1428 571 1455 sententia
589 1436 638 1455 sua
661 1428 760 1456 afferre
780 1428 914 1461 solebant,

107 1500 110 1502 ν
121 1478 205 1509 atque
219 1474 352 1510 imprimis
364 1481 426 1508 cap.
438 1473 525 1501 20-50
535 1474 643 1510 longam
658 1474 741 1502 habet
753 1474 916 1510 disputatio-

123 1528 199 1553 nem,
213 1528 266 1555 qua
278 1524 469 1556 argumentum
486 1527 519 1548 ex
530 1519 611 1547 Joan.
627 1528 682 1552 xw,
700 1520 787 1547 15-15
799 1520 915 1555 petitum
932 1539 953 1568 ο

124 1574 258 1594 enervare
276 1566 437 1594 connititur.
456 1565 514 1593 lloc
532 1570 608 1593 textu
633 1565 743 1593 Patrum
759 1566 916 1594 occidenta—

124 1612 191 1639 lium
207 1611 262 1647 (65)
281 1611 394 1646 vestigia
409 1619 538 1646 premens
552 1612 680 1639 utebatur
700 1611 775 1648 [168]
790 1611 917 1639 Ratram-

125 1666 177 1685 nus
199 1658 256 1693 (op.
279 1657 326 1685 cit.
343 1658 364 1690 1,
379 1658 405 1688 5,
422 1665 449 1693 p.
464 1657 517 1684 2‘29
540 1658 620 1693 seq.)
643 1657 791 1693 inquiens:
816 1668 825 1684 ‹
845 1658 916 1691 Quid

125 1705 197 1731 enim
219 1704 333 1738 accipiet
353 1703 471 1739 Spiritus
493 1708 604 1731 sanctus
623 1711 638 1731 a
654 1703 731 1736 Filio,
751 1711 813 1731 cum
835 1704 917 1731 unius

125 1750 182 1778 sint
204 1749 363 1777 substantia:
391 1750 526 1784 uniusque
548 1750 700 1784 potentiae?
722 1750 856 1777 Nimirum
881 1750 918 1777 De

125 1804 183 1823 meo
194 1796 305 1830 accipiet
317 1795 395 1827 dixit,
412 1795 438 1822 id
450 1799 492 1822 est
506 1803 513 1820 :
530 1803 545 1822 a
561 1802 604 1822 me
621 1796 754 1830 procedit,
768 1796 831 1830 quia
847 1796 918 1824 sicut

125 1844 192 1869 sunt
204 1841 286 1868 unius
299 1840 460 1867 substantize
472 1839 552 1867 Pater
561 1845 589 1867 et
600 1839 696 1872 Filius,
710 1841 750 1868 sic
762 1845 790 1868 et
802 1841 836 1868 de
847 1845 919 1869 utro-

123 1896 181 1924 que
205 1887 379 1923 procedendo
404 1887 524 1922 Spiritus
545 1892 657 1915 sanctus
679 1888 785 1923 accepit
800 1889 919 1917 consub—

125 1934 313 1964 stantialitatis
326 1934 524 1962 exsistentiam.
539 1934 597 1961 Nec
610 1934 692 1962 debet
706 1943 826 1969 movere,
844 1936 917 1971 quod

125 1981 237 2016 accipiet
257 1979 342 2008 futuri
364 1979 498 2015 temporis
516 1979 602 2014 dixit;
626 1980 678 2007 hoc
701 1980 773 2008 enim
796 1981 830 2008 ad
852 1981 918 2010 illud

164 2048 219 2084 (64)
240 2048 326 2084 ϐιζεοί
337 2046 444 2084 Patres,
463 2051 491 2073 ut
501 2046 716 2084 jamrmiegorius
730 2047 874 2084 Thaumat.
890 2049 917 2076 iu

127 2082 253 2112 Conless.
261 2083 459 2118 (NysseniOpp.
469 2090 509 2114 Ill,
519 2083 591 2116 346),
601 2082 682 2109 Basil.
693 2083 710 2109 l.
720 2091 746 2114 v,
756 2091 780 2110 c.
788 2083 916 2118 Eunom.,

129 2120 195 2148 Naz.
210 2124 278 2146 orat.
291 2120 319 2148 2,
332 2118 364 2145 de
379 2118 576 2154 ΙῗὶιὶοηΑιΙιιιιι³
590 2126 633 2154 ep.
649 2119 693 2154 ad.
711 2119 805 2153 θυι-ιιι).
818 2119 918 2154 aliique

130 2126 195 2148 ΜΖ.
210 2126 278 2146 orat.
291 2126 319 2148 z.
332 2126 364 2145 ae
379 2126 458 2148 mtto,
474 2126 574 2145 .uuau.
590 2126 633 2179 ep.
649 2126 693 2145 ad.
711 2126 805 2153 θυι-ιιι).
818 2126 916 2154 aliique

130 2154 263 2188 Spiritum
286 2154 381 2181 dicunt
411 2153 504 2188 elxéva
531 2153 578 2179 τοῦ
621 2153 671 2180 ’ἰοῦ
682 2174 689 2185 ,
717 2154 788 2180 sicut
817 2154 916 2181 Filium

129 2187 223 2216 εἰκόνα
240 2189 288 2216 τοῦ
300 2188 417 2223 Πατρός.
431 2187 458 2214 Id
477 2187 649 2223 Schismatici
665 2189 699 2216 de
718 2189 789 2216 nuda
801 2191 919 2216 consub-

129 2225 308 2253 stantialitale
321 2220 463 2259 exponunt
477 2222 522 2259 (cf.
547 2223 636 2259 ipsum
658 2223 784 2251 Photium
802 2225 917 2259 Amp/iii.
939 2220 959 2249 Ι)

130 2266 226 2295 qumt.
250 2259 322 2295 255,
342 2258 386 2285 ed.
408 2257 470 2284 Mai.
498 2258 563 2285 Vell.
585 2258 649 2295 δεῖ.
679 2267 747 2295 nova
767 2259 834 2286 Coll.
852 2257 918 2291 ἸΧ,

130 2293 246 2331 p.115).
264 2294 364 2321 Verum
385 2297 489 2331 certum
512 2298 564 2325 est,
585 2293 612 2320 id
634 2302 717 2331 penes
733 2294 832 2331 Patres
860 2295 920 2327 plus

130 2328 233 2365 aliquid
251 2330 342 2357 dicere
356 2332 383 2355 et
400 2328 532 2365 idoneum
549 2336 609 2355 esse
625 2330 668 2365 ad
692 2330 810 2364 Spiritus
823 2338 838 2357 e
853 2331 920 2357 Filio

131 2364 348 2402 processionem_
365 2364 602 2402 cpntirmatrdam._
683 2365 796 2402 NicephA.
816 2401 819 2402 ν
833 2365 917 2402 Βίιιιιι.

130 2398 238 2431 ῖ»ι·;ιι.2,
254 2401 304 2441 c,_7
317 2399 358 2434 (G.
371 2398 401 2425 0.
417 2399 437 2428 1,
450 2407 476 2440 p.
491 2399 524 2425 47
536 2399 617 2433 seq),
633 2398 918 2461 Becciiiir$Epigr.‘lll;

131 2437 162 2461 [ὲ.
179 2438 211 2461 0.
227 2436 259 2461 ll.
274 2435 326 2461 547
341 2434 421 2461 sed).
441 2434 539 2461 (more.
565 2433 682 2461 Metoch.
701 2444 723 2461 c.
748 2435 762 2461 ΑΙ
778 2444 822 2461 an.
848 2438 918 2461 Lret.

131 2437 162 2464 ὓ.
179 2438 211 2462 0.
227 2436 259 2468 11,
274 2435 326 2463 547
341 2434 421 2469 seq.).
441 2434 539 2469 Georg.
565 2433 682 2462 Metoch.
701 2444 723 2462 c.
748 2433 837 2464 Mah.‘
848 2437 919 2463 Cret.

132 2473 182 2507 (ib.
200 2472 252 2498 986
266 2472 347 2504 seq.);
370 2471 475 2507 llugon.
493 2469 576 2507 Elhcr
603 2470 675 2507 (_l._il,
695 2479 719 2498 c.
737 2471 763 2502 7,
777 2479 804 2506 p.
828 2472 919 2504 12%|};

130 2504 250 2551 Manue'l.
271 2507 362 2551 Calec.
431 2512 506 2551 Ill,
522 2504 584 2551 40.2,
600 2505 682 2551 [406);
701 2504 784 2551 illiut.
810 2507 919 2551 Ιὶζιιινιὶνς

130 2550 193 2577 cap.
209 2541 245 2577 η’,
261 2549 287 2576 p.
306 2540 356 2581 λζ’.
378 2540 452 2567 Vinii.
469 2539 533 2581 ευρ.
555 2539 623 2574 Eph.
647 2549 674 2576 p.
695 2542 747 2568 466
766 2542 854 2584 seq);
871 2542 921 2569 sed

130 2585 186 2605 una
207 2585 269 2604 cum
286 2576 328 2603 his
339 2575 470 2603 Thomam
488 2574 624 2612 (harumce,
642 2584 668 2611 p.
686 2577 710 2609 1,
725 2585 753 2612 q.
773 2578 818 2608 5ο,
838 2586 862 2604 a.
885 2578 919 2609 2;

130 2613 235 2648 Opusc.
263 2620 292 2644 ι,
322 2619 345 2637 c.
371 2612 456 2648 (ξηῑιε.
488 2618 514 2637 c.
541 2611 592 2645 ιυ,
625 2613 691 2647 52);
717 2620 749 2639 ac
779 2612 921 2640 Petavium

131 2649 176 2684 (de
191 2647 263 2684 Triq.
279 2647 417 2684 vtI,Ac.<7p.

168 2683 225 2718 (65)
238 2682 354 2710 Tertull.
369 2681 400 2709 (ἰ.
417 2683 499 2712 Prar.
519 2692 544 2712 c.
559 2685 594 2712 20
609 2692 615 2710 :
631 2691 640 2708 ι
658 2683 804 2718 Caeterum,
815 2682 848 2709 de
859 2690 921 2710 meo

132 2717 229 2755 sumit,
249 2718 433 2755 inquit,_sicut
443 2720 498 2754 ipse
512 2720 544 2746 de
558 2720 614 2755 (illo
629 2718 702 2755 quod
719 2718 771 2752 est)
790 2717 918 2755 Patris.)

131 2753 253 2790 Ambros.
280 2753 318 2790 De
341 2753 389 2790 Sp.
414 2753 444 2790 δ.
466 2763 496 2786 ιι,
520 2753 660 2790 η’(ιιριιᾱ
680 2753 821 2790 Ιιειιτειιῐιιι.
846 2760 876 2785 ιι,
892 2753 919 2790 4,

132 2796 163 2825 p.
173 2789 237 2822 255)
249 2798 256 2816 :
269 2797 278 2814 ε
293 2789 329 2816 De
342 2788 410 2825 Filio
423 2789 542 2825 Spiritus
553 2788 665 2816 sanctus
676 2788 799 2825 accepit;
816 2789 923 2825 accepit

133 2823 226 2859 autem
253 2832 300 2859 per
322 2823 453 2853 unitatem
475 2825 655 2855 substantias,
680 2823 751 2851 sicut
776 2823 889 2859 accepit
905 2831 920 2851 a

135 2858 216 2887 Patre
229 2860 320 2888 Filius.
340 2869 349 2886 ι
364 2859 444 2888 Joau.
461 2869 514 2895 xvr,
529 2860 572 2889 14.
586 2876 619 2881 -
635 2859 719 2887 Hilar.
732 2859 763 2887 de
775 2858 850 2887 Trin.
861 2867 919 2892 vui,

403 100 412 108 .
455 130 505 161 DE
526 131 556 161 S.
577 129 675 160 SPIR.
697 126 950 159 MYSTAGOGIA.

962 140 998 145 —
1010 124 1376 158 ANIMADVERSIONES
1698 123 1751 155 4210

958 183 1081 218 respicit,
1096 183 1170 218 quod
1184 183 1307 211 futurum
1325 185 1394 213 erat,
1410 181 1483 216 quod
1497 180 1639 217 discipulis
1658 181 1752 209 mitte-

959 235 1043 263 retur,
1054 237 1110 257 non
1121 229 1155 258 ad
1169 229 1252 262 illud,
1266 227 1338 264 quod
1351 236 1366 255 a
1377 228 1458 255 Patre
1472 226 1598 262 Filioque
1611 227 1751 262 procedit;

958 278 1017 305 sine
1033 281 1158 312 tempore
1173 283 1293 311 namque
1307 275 1430 311 procedit
1442 282 1457 302 a
1472 274 1570 306 Patre,
1585 274 1709 310 procedit
1725 278 1754 301 et

958 333 973 352 a
988 324 1068 352 Filio.
1089 332 1099 350 ι
1117 323 1247 359 Sequitur
1263 331 1270 350 :
1286 333 1295 348 ι
1313 322 1420 354 Omnia,
1432 329 1593 357 quwcuuque
1607 321 1683 348 liabet
1698 320 1753 347 Po-

960 376 1008 403 ter,
1024 380 1082 399 mea
1095 375 1158 398 sunt
1167 379 1176 404 ;
1199 374 1338 405 propterea
1361 369 1427 402 dixi,
1443 369 1506 404 quia
1522 369 1553 396 de
1568 376 1625 395 meo
1640 368 1754 402 accipiet

957 423 981 445 et
1001 417 1172 445 annuutiabit
1193 417 1275 444 vobis.
1302 416 1330 443 Si
1354 415 1458 448 omnia,
1483 422 1654 450 quascunque
1671 414 1755 442 habet

958 463 1050 496 Pater,
1067 463 1151 491 habet
1175 467 1204 490 et
1223 463 1317 496 Filius,
1341 462 1466 498 profecto
1489 462 1560 489 sicut
1573 465 1616 489 est
1636 461 1755 496 Spiritus

958 516 1071 537 sanctus
1080 509 1169 537 Patris
1180 509 1312 544 Spiritus,
1325 513 1368 535 est
1376 512 1403 537 et
1415 507 1474 535 Filii
1486 507 1622 542 Spiritus;
1633 507 1754 542 alioquin

959 554 982 582 si
1005 555 1094 582 Patris
1112 558 1157 581 est
1178 558 1296 586 tantum,
1314 561 1369 580 non
1386 553 1469 580 etiam
1486 551 1558 585 Filii,
1575 559 1629 579 non
1650 553 1754 584 omnia,

958 607 1129 635 quaecunque
1144 599 1228 627 habet
1242 598 1332 631 Pater,
1349 602 1414 625 sum
1429 596 1500 624 Filii.
1517 606 1527 622 ι
1552 596 1684 624 Similiter
1707 605 1756 631 po-

961 646 1111 673 steriorum
1127 650 1282 680 temporum
1303 642 1436 671 Catholici
1456 643 1607 678 disputant.
1623 642 1756 677 Georgius
1802 637 1806 643 ’

959 691 1158 727 Trapezuutius
1173 691 1231 726 (De
1248 699 1302 717 una
1317 689 1347 717 S.
1364 689 1438 716 Eccl.
1461 689 1494 717 0.
1513 688 1548 716 G.
1569 689 1590 721 l,
1607 688 1659 715 542
1674 696 1720 723 seq
1737 696 1755 720 ).

961 747 971 764 ι
989 737 1056 766 Cum
1071 738 1166 770 Filius,
1180 737 1279 772 inquit,
1291 744 1374 764 verus
1384 735 1474 763 Patris
1488 734 1572 762 Filius
1585 734 1631 768 sit,
1642 742 1757 762 necesse

959 789 1001 812 est
1016 785 1106 819 ipsum
1122 784 1222 811 Filium
1242 786 1432 811 remanentem
1456 782 1548 809 omnia
1567 781 1656 809 Patris
1670 782 1757 816 possi-

962 830 1038 858 dere.
1055 829 1186 857 Producit
1202 837 1267 857 vero
1285 829 1365 856 Pater
1377 828 1520 863 Spiritum,
1537 828 1663 863 producit
1678 828 1759 863 igitur

965 879 994 902 et
1009 874 1105 909 Filius,
1120 879 1151 902 ut
1167 874 1238 902 idem
1255 873 1355 901 asserit
1368 882 1374 900 :
1390 872 1557 908 Quwcuiique
1571 872 1648 900 habet
1664 872 1757 902 Pater.

966 929 1024 947 mea
1036 925 1115 953 sunt;
1129 923 1270 955 propterea
1285 919 1342 946 dixi
1364 918 1436 946 vobis
1460 926 1469 945 .'
1485 918 1548 953 quia
1565 918 1596 945 de
1611 926 1668 945 meo
1690 918 1761 944 acci-

966 968 1053 1002 piet...
1068 966 1183 1001 Accipiet
1199 965 1293 993 futuro
1308 969 1431 1000 tempore
1446 965 1529 998 dixit,
1545 972 1600 992 non
1617 964 1690 999 quod
1711 972 1759 992 ac-

967 1017 1098 1048 cepturus
1116 1016 1207 1046 esset;
1234 1011 1306 1039 nihil
1330 1011 1404 1039 enim
1431 1019 1526 1038 novum
1551 1015 1600 1038 aut
1626 1011 1760 1045 adjectum

968 1057 1044 1094 [169]
1065 1063 1112 1085 aut
1134 1058 1326 1092 temporarium
1347 1057 1376 1084 in
1392 1057 1463 1090 Deo;
1484 1057 1532 1084 sed
1554 1065 1615 1092 qua:
1638 1057 1760 1085 nondum

968 1108 1080 1139 peracta
1096 1109 1155 1131 erat
1176 1110 1259 1138 super
1281 1104 1436 1139 Apostolos,
1451 1108 1529 1131 notat
1552 1103 1740 1138 operationem
1752 1123 1759 1135 ,

968 1158 1064 1178 verum
1080 1150 1262 1186 peragendam
1278 1150 1345 1186 (66).
1364 1150 1487 1186 Namque
1497 1151 1686 1186 operationum
1703 1160 1762 1178 ma-

970 1195 1169 1228 nifestationes,
1182 1203 1244 1224 cum
1259 1197 1314 1224 sint
1327 1197 1417 1231 quoad
1430 1204 1480 1224 nos
1493 1197 1580 1232 (πρὸς
1593 1197 1678 1232 ἡμᾶς)
1693 1202 1762 1224 tem-

970 1241 1095 1276 porariae,
1116 1241 1145 1269 in
1171 1247 1295 1276 tempore
1317 1249 1426 1277 quoque
1447 1243 1516 1269 liunt
1540 1246 1567 1269 et
1590 1247 1760 1278 comparent.

969 1287 1039 1315 Cum
1060 1287 1142 1323 igitur
1157 1287 1255 1315 similis
1275 1287 1395 1323 Spiritus
1411 1288 1536 1323 operatio
1554 1288 1691 1324 Apostolis
1704 1296 1763 1316 ma-

969 1333 1122 1361 nifestanda
1139 1338 1213 1366 erat,
1228 1333 1291 1361 ideo
1306 1338 1483 1370 accepturum
1508 1334 1682 1362 Paracletum
1699 1343 1714 1362 a
1733 1343 1763 1363 se

969 1379 1046 1407 dicit.
1059 1379 1100 1407 Ad
1114 1379 1172 1407 haec
1186 1380 1243 1407 ﬁeri
1257 1388 1312 1407 non
1329 1384 1428 1415 potest,
1444 1388 1507 1408 eum
1524 1381 1650 1409 homines
1663 1381 1760 1413 simus.

970 1430 1001 1453 ut
1014 1426 1093 1453 aliter
1107 1426 1290 1462 intelligamus
1303 1431 1331 1454 et
1342 1427 1485 1461 loquamur
1498 1427 1541 1454 vel
1555 1427 1743 1462 concipiamus
1753 1448 1761 1459 ,

970 1472 1022 1500 nisi
1037 1472 1065 1499 in
1082 1476 1204 1508 tempore
1218 1476 1244 1499 et
1257 1472 1409 1500 secundum
1429 1477 1553 1508 tempus:
1569 1472 1686 1508 ideoque
1702 1481 1764 1507 quas

971 1519 1016 1546 hic
1038 1523 1191 1554 temporum
1212 1518 1361 1546 intervallis
1381 1520 1573 1554 eaprimunlur
1586 1539 1594 1552 ,
1611 1519 1638 1546 in
1661 1519 1763 1547 Divinis

970 1565 1135 1593 mternaliter
1151 1565 1350 1601 intelliguntur.
1369 1564 1460 1598 Quare
1481 1565 1554 1601 quod
1577 1572 1652 1593 nunc
1666 1573 1764 1603 accep-

973 1617 1049 1639 turus
1064 1619 1079 1639 a
1094 1611 1162 1639 Filio
1180 1611 1338 1639 Paracletus
1350 1612 1482 1639 asseritur
1493 1632 1500 1643 ,
1513 1611 1618 1647 accepit
1636 1612 1671 1640 ab
1683 1620 1716 1640 eo
1729 1613 1763 1640 ab

972 1657 1030 1692 ipsa
1049 1658 1214 1685 a:tcrnitate.
1234 1657 1300 1690 Quae
1324 1665 1390 1684 vero
1406 1658 1440 1684 ab
1456 1657 1513 1692 ipsa
1535 1657 1688 1685 aeternitate
1708 1658 1764 1685 Deo

971 1704 1066 1732 insunt
1083 1708 1111 1732 et
1125 1712 1186 1739 qua:
1202 1704 1236 1731 ab
1255 1709 1358 1732 aeterno
1381 1703 1520 1738 possidet,
1534 1707 1581 1731 aut
1595 1707 1700 1732 natura!
1716 1710 1764 1732 aut

971 1749 1165 1786 hypostasibus
1186 1749 1447 1781 accommodantur;
1473 1749 1597 1784 accipere
1622 1757 1686 1776 vero
1713 1750 1763 1785 hy-

971 1794 1093 1830 poslasin
1105 1795 1140 1822 ab
1156 1794 1295 1830 hypostasi
1315 1802 1370 1821 non
1391 1794 1536 1829 adaptalur
1553 1799 1674 1827 natur.c;
1697 1803 1763 1830 ergo

972 1841 1121 1876 hypostasi.
1138 1840 1216 1874 Quod
1234 1841 1271 1868 nil
1281 1841 1355 1868 aliud
1368 1845 1426 1873 est,
1437 1849 1520 1876 quam
1534 1841 1636 1868 habere
1648 1841 1678 1868 τὸ
1693 1839 1762 1869 alvu.

972 1895 1117 1923 personam
1139 1887 1319 1922 accipientem
1341 1887 1375 1914 ab
1389 1894 1431 1919 ea,
1452 1895 1467 1914 a
1484 1895 1536 1922 qua
1559 1887 1668 1923 accipit.
1684 1889 1763 1921 Quod

972 1941 1038 1961 vero
1052 1933 1086 1961 ab
1108 1933 1200 1968 aliquo
1224 1933 1324 1968 accipit
1347 1939 1419 1965 esse,
1440 1940 1472 1961 ex
1495 1940 1529 1960 eo
1556 1933 1637 1961 etiam
1662 1934 1761 1965 habet.

971 1979 1104 2016 quidquid
1129 1978 1250 2015 possidet
1275 1978 1343 2014 (67).
1364 1987 1374 2004 ι
1400 1977 1470 2007 Hinc
1492 1979 1631 2007 enascitur
1654 1980 1763 2008 celebre

971 2049 1028 2077 20:
1048 2059 1058 2074 σ
1079 2049 1098 2075 A
1119 2048 1186 2075 Filio
1202 2047 1285 2082 igitur
1305 2046 1418 2081 accipit,
1440 2046 1486 2080 qui
1508 2051 1535 2073 et
1550 2046 1583 2073 ab
1598 2054 1632 2074 eo
1646 2047 1763 2075 mittitur

972 2089 1000 2112 et
1014 2092 1030 2112 a
1050 2084 1128 2110 Patre
1144 2083 1276 2118 procedit,
1292 2086 1320 2109 et
1346 2082 1486 2118 interrogo
1504 2086 1594 2109 utrum
1619 2082 1762 2118 idripsum

972 2120 1017 2151 sit,
1028 2127 1043 2146 a
1058 2119 1124 2146 Filio
1137 2116 1271 2152 accipere.
1280 2117 1352 2152 quod
1362 2124 1377 2143 a
1388 2116 1466 2144 Patre
1479 2118 1634 2151 procedere.
1646 2116 1724 2150 Quod
1738 2119 1761 2145 si

972 2155 1041 2182 nihil
1067 2154 1183 2181 dill‘erre
1214 2153 1340 2180 credetur
1368 2152 1440 2180 inter
1464 2152 1587 2187 accipere
1610 2160 1625 2179 a
1651 2153 1719 2180 Filio
1735 2158 1762 2180 ct

972 2190 1120 2225 procedere
1140 2197 1154 2215 a
1180 2188 1369 2225 PutreLgc‘erte
1397 2187 1422 2225 id
1450 2187 1538 2222 ipsum
1567 2192 1648 2225 atque
1677 2196 1761 2225 unum

973 2222 1034 2252 csse
1051 2225 1223 2252 existimatur
1235 2231 1250 2250 a
1265 2223 1333 2250 Filio
1350 2223 1486 2257 accipere,
1502 2222 1574 2257 quod
1589 2224 1623 2249 sit
1635 2223 1761 2257 accipere

971 2268 986 2287 a
1004 2260 1093 2287 Patre.
1110 2259 1169 2293 Ipse
1194 2258 1266 2286 enim
1288 2257 1417 2284 Dominus
1437 2257 1494 2284 ait;
1513 2257 1643 2289 Quoniam
1658 2259 1689 2284 de
1705 2267 1761 2285 nieo

972 2295 1098 2330 accipiet,
1110 2299 1164 2321 etc.
1174 2293 1242 2330 illoc,
1257 2293 1329 2328 quod
1351 2293 1552 2330 accipiet,__sive
1571 2297 1691 2330 potestas
1705 2299 1760 2330 cst,

972 2327 1141 2358 sive'virtus.
1158 2329 1215 2356 sive
1228 2327 1351 2356 doctrina
1363 2332 1424 2363 Vest,
1449 2327 1532 2353 Filius
1546 2335 1561 2354 a
1581 2329 1762 2363 seraccipien-

972 2366 1036 2393 dum
1048 2365 1127 2393 dixit.
1149 2374 1156 2390 I
1177 2363 1220 2391 Cf.
1239 2365 1322 2390 Leon.
1346 2362 1380 2389 M.
1397 2369 1481 2389 serm.
1502 2363 1529 2393 2,
1550 2364 1582 2389 de
1603 2362 1710 2391 Pentec.
1734 2368 1762 2391 et

971 2402 1086 2436 August.
1102 2400 1174 2436 apud
1191 2399 1380 2436 llatramuum,
1399 2406 1441 2430 ιιι,
1459 2397 1527 2436 2._p.
1543 2398 1606 2436 277.

1008 2430 1064 2471 (‘66)
1082 2430 1203 2470 Λήἶψεται
1214 2434 1302 2471 dsint
1313 2430 1558 2471 pelitovrgia'tit‘sv,
1570 2433 1620 2468 οὐχ
1629 2433 1670 2471 ὄξει
1683 2433 1762 2469 ἔμελ-

971 2467 1017 2498 λει)
1031 2467 1165 2507 hqd/sedat
1178 2479 1184 2485 -
1197 2469 1275 2507 066st;
1289 2469 1342 2507 γᾲρ
1353 2468 1412 2507 νέρν
1426 2468 1443 2503 ἢ
1461 2467 1624 2507 metumet
1671 2467 1763 2507 χρονι-

971 2508 1019 2534 κὺν
1036 2502 1081 2533 ὲέεἱ
1097 2505 1166 2532 Θεοῦ
1178 2513 1185 2521 ·
1211 2504 1279 2531 ἀλλὰ
1299 2502 1444 2538 τὴνόΰπώ
1470 2504 1614 2536 γεγονυῖαν
1645 2502 1764 2537 ἐπῖτοῐς

971 2541 1131 2572 ἀποστόλοις
1146 2540 1298 2575 ἐνέργειαν,
1316 2538 1465 2575 μέλλῳσαγ
1476 2538 1515 2575 ac.

1007 2577 1064 2612 (67)
1081 2576 1130 2603 Διὰ
1141 2573 1219 2612 codro
1242 2575 1275 2612 ιεὰ
1289 2573 1422 2612 χριξνικῶς
1445 2573 1581 2612 λεγόμενᾳ
1595 2574 1683 2612 satis;
1697 2575 1765 2612 alw-

972 2609 1037 2644 νῐώς
1050 2609 1152 2639 ὺοείται
1168 2611 1214 2646 sit}.
1225 2609 1281 2646 ςῷν
1298 2609 1377 2646 θείων
1386 2609 1463 2646 ζκαὶ.
1477 2610 1545 2644 ὅπερ
1560 2611 1614 2645 ἄρα
1628 2610 1763 2646 λήψεσθαι

972 2647 1020 2675 νῦν
1032 2649 1064 2674 ἐκ
1075 2647 1123 2673 τοῦ
1145 2645 1209 2672 1⁸ἱοῦ
1226 2645 1335 2681 λέγετᾳι
1361 2643 1586 2681 ῥιῐῐαράκὶηὲος,
1604 2643 1721 2681 altovid);
1734 2645 1764 2681 ἐξ

972 2682 1056 2709 αὑτοῦ
1071 2681 1225 2717 λαμὸἀιίνειῇ
1247 2680 1281 2717 τᾲ
1293 2680 1321 2706 δὲ
1341 2679 1444 2717 νᾳῑὼιίια
1471 2679 1606 2717 “posin;
1631 2679 1763 2717 116051;),

972 2718 1063 2745 πάντα.
1073 2715 1188 2751 δὲἺαῖιτῷ
1200 2715 1317 2746 alonim;
1339 2715 1394 2751 ὃσαγ
1404 2715 1475 2751 νὲχει,
1489 2715 1505 2751 ἢ
1519 2717 1552 2751 τῇ
1572 2715 1651 2749 φύσει
1664 2715 1689 2751 νῆ
1703 2717 1765 2747 ταῖς

972 2752 1155 2779 ὺποστάσεσιν
1172 2750 1304 2786 ἁρμόξεν
1329 2752 1368 2786 τὸν
1385 2750 1413 2776 δὲ
1439 2750 1587 2786 λαμϐάνειν
1617 2750 1765 2777 ὑπόστασιν

972 2789 1038 2824 παρ’
1051 2785 1272 2824 ὐίπρστάεεὼςρύ
1287 2785 1563 2824 οεῇλφύᾳει-ἀρμᾴζειη
1571 2786 1603 2821 τῇ
1614 2786 1765 2824 purpuratus:

973 2820 1040 2857 ἀρὰ.
1055 2822 1142 2850 Τοῦτο
1153 2822 1182 2848 δὲ
1196 2821 1273 2848 οὐδὲν
1289 2820 1355 2848 ἀλλο
1371 2820 1505 2857 tethys].
1535 2820 1573 2856 μὴ
1590 2820 1628 2857 ira
1651 2821 1723 2857 ἔχειν
1735 2822 1767 2848 τὸ

973 2853 1045 2887 εἶναι
1061 2858 1093 2888 τὸ
1106 2857 1245 2893 λαμὸάνον
1260 2857 1406 2892 πρόσωπον
1422 2856 1452 2888 ἐξ
1477 2853 1508 2884 οὗ
1522 2853 1681 2891 ἴαριῆἀνείί
1693 2858 1723 2883 τὸ
1737 2857 1767 2883 δὲ
