1945 3088
106 171 159 204 433

445 175 494 205 DE
517 175 547 205 S.
570 174 667 204 SPIR.
688 173 942 204 MYSTAGOGIA.
957 185 989 190 --
1005 173 1381 206 ANIMADVERSIONES.

1692 175 1744 207 431

104 230 246 259 debuisset
262 231 344 259 homo
359 231 419 263 ille.
435 232 509 267 quod
524 232 602 259 aliter
615 233 687 268 apud
704 231 901 258 Grammaticos
915 233 938 261 Α
953 238 1035 258 causa
1064 231 1132 257 nihil
1161 231 1195 258 de
1220 231 1281 258 Filii
1304 231 1436 267 dignitate
1465 231 1604 263 cxi-ludit,
1633 232 1685 259 nisi
1715 234 1743 260 in

105 276 239 314 accipitur
251 285 378 313 persona,
399 283 426 305 et
448 279 527 306 aliter
542 279 614 313 apud
627 278 777 314 T/ieologos.
790 279 898 306 Etenim

105 322 135 350 in
156 322 337 351 Grammatica
357 325 478 359 quwtibet
494 334 535 352 res
551 334 664 360 persona
680 326 830 360 nuncupari
852 334 900 360 po-

106 373 165 400 test,
194 369 253 396 sive
276 377 326 405 per
347 378 376 397 sc
404 368 554 404 subsistat,
579 371 637 399 sive
662 379 709 406 per
726 371 817 404 aliud,
843 371 900 398 sive

105 415 258 442 substantia
273 416 308 442 sit
322 436 329 448 ,
351 416 408 444 sive
424 417 563 444 accidens.
578 416 668 450 Quare
685 417 835 444 secundum
849 417 901 444 hu-

103 460 226 495 jusmodi
238 461 421 497 disciplinam,
437 472 498 491 cutn
525 464 609 490 Filius
623 463 689 491 dicit
704 472 711 490 :
728 472 786 490 mea
802 465 901 491 volun-

106 511 167 538 tas,
183 516 269 534 meum
284 508 428 543 indicium,
444 517 502 536 mea
525 509 650 537 doctrina
667 530 673 536 .
692 530 698 536 .
716 529 724 536 .
738 509 790 536 alia
805 513 832 536 et
848 509 900 536 alia

106 551 269 588 intelligitur
285 554 321 581 ad
344 555 543 582 similitudinem
568 556 757 591 possessionum
784 562 900 590 persona

107 596 168 631 (sc.
187 599 392 633 grammatice).
421 599 450 626 In
469 600 603 636 theologia
624 608 690 628 vero
720 600 811 628 tacitis
835 607 899 635 pro-

106 643 270 676 prietatibus
290 644 324 671 ab
345 645 473 672 omnibus
490 653 551 680 qua:
574 646 724 673 secundum
739 645 813 682 [173]
834 646 901 673 sub-

106 690 237 718 stantiam
265 690 404 723 dicuntur,
431 696 487 719 tres
506 696 612 719 tantum
635 692 808 719 insinuantur
837 691 900 727 (ed.

106 736 325 771 imminuantur)
354 744 494 772 personas.
525 745 640 773 quarum
666 738 740 765 nulla
774 745 903 773 expresse

106 782 219 817 intelligi
237 782 351 813 videtur,
367 783 414 810 ubi
427 783 551 818 Salvator
565 782 632 811 dicit
650 793 656 811 :
672 784 711 811 De
724 793 781 811 meo
792 785 902 819 accipiet
918 788 919 791 ‘

107 833 133 855 et
147 824 316 855 aituanliabit
331 828 413 855 vobis.
435 838 444 854 ι
462 829 596 857 Praeterea
612 829 666 865 IV)
681 830 841 857 adversatur
858 830 901 857 illa

107 873 240 908 expositio
263 873 365 901 Christi
385 875 471 910 ipsius
491 875 688 910 explanationi,
708 883 762 911 qua
778 884 804 902 ν.
822 875 856 903 15
869 883 902 903 ex

107 926 142 946 eo
158 919 253 954 probat
269 919 299 946 τὸ
316 920 348 946 ὲκ
361 920 409 947 τοῦ
425 921 493 956 ἐμοῦ
504 921 618 956 λήψεται
633 927 697 948 ante
713 929 727 948 a
744 929 773 949 se
784 921 904 949 allirma-

109 968 178 995 tum,
202 964 264 1000 quia
284 966 374 993 omnia
395 974 457 1001 quae
475 967 557 994 habet
579 967 660 994 Pater
674 975 722 994 sua
738 972 813 995 sunt.
841 967 905 996 Haec

109 1010 206 1037 ultima
227 1011 310 1038 verba
335 1012 412 1046 juxta
449 1021 545 1040 onmes
572 1013 699 1041 essentia:
725 1014 857 1041 unitatem
876 1013 904 1041 in

109 1055 190 1084 Patre
214 1063 243 1085 ct
264 1057 332 1084 Filio
348 1059 482 1093 probant;
500 1059 564 1087 hinc
590 1060 656 1089 illud
679 1060 751 1095 quod
777 1061 905 1095 accipere

109 1103 210 1131 dicitur
227 1103 357 1139 Spiritus,
373 1105 517 1133 manifeste
541 1111 616 1140 patet
630 1114 690 1134 esse
703 1107 789 1141 ipsam
805 1106 906 1134 divini-

109 1153 206 1182 tatem,
226 1157 281 1176 non
305 1151 379 1178 aliud
396 1150 556 1186 quidquam.
574 1152 692 1184 Deinde,
712 1156 742 1179 ut
761 1152 905 1180 Bessarion

110 1195 148 1228 (l.
163 1195 208 1230 c.)
224 1195 272 1228 ait,
288 1203 321 1223 ex
336 1195 416 1223 Joan.
433 1205 490 1227 xvt,
506 1197 549 1231 l5,
567 1198 619 1225 hoc
639 1198 809 1226 construitur
824 1207 905 1235 argu-

110 1245 235 1269 mentum
250 1251 257 1269 :
276 1251 285 1268 ι
304 1242 423 1276 Spiritus
438 1243 536 1277 accipit
550 1251 583 1270 ex
597 1243 631 1270 iis
642 1252 703 1279 quas
721 1244 809 1272 Patris
823 1249 905 1278 sunt;

111 1287 161 1315 sed
177 1288 268 1315 omnia
291 1289 380 1316 Patris
396 1293 460 1316 sunt
482 1297 562 1323 mea;
578 1290 659 1325 igitur
675 1291 794 1325 Spiritus
808 1291 908 1325 accipit

111 1342 144 1360 cit
163 1334 231 1361 meis
246 1334 287 1361 vel
307 1343 339 1361 ex
363 1343 432 1361 meo.
455 1335 490 1362 Et
513 1343 571 1362 cum
584 1332 691 1369 'ipse-et
718 1344 766 1362 sua
786 1344 867 1362 unum
883 1340 907 1362 et

111 1380 181 1406 idem
196 1380 247 1406 siitt
258 1385 364 1414 propter
378 1389 510 1407 summam
525 1381 740 1415 simplicitatem,
755 1381 908 1416 accipiendo

111 1427 143 1453 de
161 1427 224 1459 suis,
240 1427 349 1462 accipiet
370 1435 403 1453 ea:
421 1435 460 1454 eo.
484 1437 493 1453 ι
511 1427 601 1454 Semel
617 1427 778 1459 constituto,
794 1428 828 1455 de
850 1427 908 1462 ipsa

111 1473 203 1500 divina
219 1473 338 1501 essentia
359 1482 420 1502 esse
445 1481 613 1506 sermonem,
636 1482 691 1501 non
717 1475 836 1509 amplius
860 1482 910 1502 ne-

112 1518 167 1554 gari
185 1523 283 1553 potest.
300 1518 436 1554 Spiritum
452 1519 523 1547 hanc
538 1520 660 1555 accipere
671 1528 686 1547 a
701 1519 780 1546 Filio.
797 1520 825 1547 Si
845 1528 910 1547 vero

952 282 1087 312 quantum
1103 278 1206 304 dictum
1224 282 1266 305 est
1282 287 1288 305 :
1303 277 1398 305 Omnia
1415 286 1473 313 quia
1490 279 1566 305 liabet
1580 278 1672 310 Pater.
1686 287 1744 306 mea

951 328 1011 350 sinit
1022 331 1031 350 .'
1049 324 1121 358 quod
1140 324 1222 350 etiam
1237 325 1293 351 sine
1302 332 1333 350 eo
1346 326 1415 359 quod
1431 325 1548 357 sequitur
1561 324 1646 352 solum
1658 333 1704 359 per
1717 333 1745 352 se

951 371 1038 404 ipsum
1048 371 1100 397 dici
1114 375 1228 405 poterat.
1245 379 1254 397 ι
1273 369 1345 397 Sane
1361 370 1451 398 inanis
1465 371 1536 398 foret
1554 379 1586 398 ea
1605 372 1744 406 repetitio.

952 416 1043 443 inanis
1062 424 1095 443 ea
1117 417 1258 451 probatio,
1284 417 1305 444 si
1331 421 1437 444 tantum
1462 417 1548 444 voluit
1573 418 1687 445 dicere:
1705 418 1743 445 De

951 471 1015 489 meo
1031 462 1111 490 Patre
1124 467 1213 490 sumet
1224 484 1230 495 ,
1247 471 1303 490 non
1318 463 1353 490 de
1369 471 1423 490 mc.
1437 463 1531 492 Potius
1543 465 1689 492 dicendum
1704 465 1745 492 vi—

953 511 1044 543 detur,
1073 511 1137 538 dum
1161 510 1288 538 Christus
1303 518 1333 538 se
1353 511 1437 538 veluti
1463 511 1581 539 tnedium
1598 512 1744 540 terminum
1783 505 1786 508 ί

950 557 1030 592 ponit
1055 557 1127 584 inter
1145 557 1252 584 Patrem
1281 561 1309 584 et
1335 557 1485 592 Spiritum,
1512 557 1576 584 dum
1599 565 1648 592 per
1666 565 1745 585 suam

951 610 1015 630 cum
1028 602 1105 630 Patre
1116 603 1339 630 communionem
1351 603 1423 638 quod
1430 603 1528 630 asserit
1539 603 1671 636 vindicat,
1680 604 1745 631 dum

953 657 1013 683 quae
1029 649 1149 684 accipiet
1161 649 1282 685 Spiritus
1297 657 1347 677 sua
1360 649 1437 685 prius
1451 653 1531 677 vocat
1549 657 1581 677 ac
1593 649 1693 677 deinde
1710 651 1742 677 ad

954 695 1061 723 Patrem
1077 696 1171 728 refert,
1188 704 1218 723 se
1232 696 1323 731 ipsum
1337 696 1492 731 proximum
1509 696 1631 724 datorem
1650 704 1747 724 eorum

954 742 1124 777 designasse.
1148 741 1277 774 Accedit,
1291 742 1364 776 quod
1381 742 1544 770 universalis
1559 741 1660 770 Christi
1682 750 1747 777 pro-

954 786 1055 821 positio
1079 786 1168 812 πάντα
1188 786 1239 812 ὅσα
1260 795 1287 812 κ.
1306 795 1330 812 τ.
1360 786 1385 813 λ.
1403 794 1456 813 ιιοιι
1475 787 1610 822 permittit
1628 786 1748 822 Spiritus

954 831 1091 868 προϐολὴν
1110 839 1126 859 a
1152 831 1221 859 Filio
1236 839 1377 859 removere
1390 832 1458 867 (73).
1493 843 1502 858 r
1520 832 1598 865 Quod
1622 833 1644 860 si
1674 833 1748 860 acci-

956 878 1070 913 piendo,
1096 878 1135 904 ait
1151 876 1229 912 llngo
1252 876 1468 914 Etherianus(l.
1493 879 1555 913 c.).
1573 878 1607 906 de
1631 878 1663 906 iis
1686 887 1749 914 qua:

955 928 1019 951 sunt
1033 923 1120 951 Patris
1137 928 1165 951 et
1179 923 1262 950 habet
1277 923 1365 955 Pater,
1385 924 1483 958 accipit
1498 924 1532 951 de
1549 924 1628 951 Patre
1638 945 1645 957 ,
1662 929 1690 952 ct
1704 932 1749 952 ac-

955 970 1082 1006 cipiendo
1097 970 1131 997 de
1143 970 1176 996 iis
1190 977 1250 1004 qua:
1270 974 1335 996 sunt
1345 969 1405 996 Filii
1419 974 1445 996 ct
1458 970 1541 997 habet
1556 970 1657 1002 Filius,
1675 970 1749 997 acci-

954 1016 995 1051 pit
1006 1016 1039 1043 de
1051 1015 1130 1043 Filio.
1145 1014 1318 1042 Manifestum
1332 1019 1374 1041 est
1388 1015 1470 1049 igitur
1493 1015 1566 1050 quod
1576 1022 1631 1042 non
1646 1015 1680 1042 de
1690 1015 1749 1042 solo

956 1062 1035 1089 Patre
1047 1061 1147 1096 accipit
1157 1061 1287 1096 Spiritus,
1299 1065 1330 1088 ut
1341 1061 1453 1088 Photius
1461 1061 1570 1089 asserit.
1582 1081 1589 1087 .
1603 1081 1609 1088 .
1620 1061 1648 1089 Si
1663 1061 1748 1089 emis-

957 1116 1003 1136 sor
1014 1107 1133 1143 Spiritus
1145 1115 1200 1134 non
1212 1107 1239 1134 in
1252 1114 1286 1134 eo
1298 1107 1370 1142 quod
1383 1112 1496 1142 generat
1509 1107 1660 1134 secundum
1673 1112 1751 1134 natu-

957 1162 1015 1182 ram
1025 1158 1068 1181 est
1082 1154 1174 1185 Pater,
1187 1152 1272 1180 Filius
1288 1160 1355 1180 vero
1370 1153 1499 1184 minime,
1515 1153 1653 1187 quomodo
1668 1160 1751 1180 verax

957 1201 1010 1228 erit
1021 1200 1146 1228 Salvator
1161 1206 1287 1227 asserens
1303 1206 1312 1226 :
1328 1199 1390 1226 Ideo
1405 1199 1461 1226 dixi
1475 1199 1556 1239 yobis,
1572 1199 1634 1234 quia
1651 1202 1682 1225 ae
1694 1207 1751 1225 meo

958 1247 1080 1281 accipiet,
1093 1246 1156 1281 quia
1170 1246 1258 1272 omnia
1272 1245 1415 1280 qum/labet
1428 1244 1521 1276 Pater,
1535 1253 1592 1271 mea
1604 1250 1663 1272 sunt
1672 1246 1685 1271 ἔ)
1697 1244 1752 1271 Alit

958 1292 1032 1319 enim
1054 1290 1167 1318 habebit
1193 1290 1344 1318 secundum
1366 1294 1503 1321 naturam.
1521 1294 1551 1317 ut
1570 1288 1605 1316 sit
1624 1288 1748 1317 etnissor.

958 1337 1031 1373 quod
1054 1336 1143 1364 Patris
1165 1344 1221 1363 non
1240 1340 1270 1363 ut
1285 1335 1417 1371 genitoris
1431 1340 1489 1367 est,
1507 1339 1554 1362 ant
1569 1334 1590 1362 si
1608 1342 1662 1361 non
1681 1334 1749 1367 hoc,

959 1381 1047 1409 Patris
1069 1381 1181 1416 quidem
1198 1384 1278 1412 sunt,
1294 1388 1356 1415 quae
1370 1380 1507 1418 exsistunt
1524 1380 1595 1413 Filii,
1614 1387 1673 1413 quae
1691 1387 1751 1407 vero

959 1432 1020 1456 sunt
1033 1427 1132 1458 Putris,
1145 1435 1196 1454 mm
1212 1427 1342 1461 pertinent
1353 1426 1388 1453 ad
1398 1426 1503 1453 Filium.
1519 1426 1609 1459 Quare
1623 1425 1645 1453 si
1659 1426 1751 1452 onttlia

959 1484 1021 1510 quae
1044 1478 1109 1502 sunt
1134 1473 1209 1510 [175]
1237 1472 1325 1500 Patris
1341 1472 1416 1507 (non
1443 1477 1473 1499 ut
1499 1471 1649 1507 gmilot‘is)
1668 1471 1752 1498 habet

961 1521 1061 1553 Filius,
1076 1519 1202 1548 emittere
1219 1524 1310 1547 autem
1329 1519 1461 1554 Spiritum
1480 1519 1568 1546 Patris
1583 1526 1637 1546 non
1654 1522 1683 1546 ut
1703 1525 1750 1551 ge-

113 1563 232 1598 Spiritus
254 1571 268 1590 a
285 1563 354 1591 Filio
369 1564 479 1599 accipit,
499 1564 584 1592 Filius
603 1565 626 1592 ei
648 1565 692 1592 dat
710 1565 767 1592 sive
786 1572 911 1592 commu-
924 1579 945 1609 ρ
963 1567 1060 1595 nitoris
1075 1571 1126 1599 est,
1144 1567 1193 1595 hoc
1208 1566 1304 1594 abesse
1317 1574 1370 1593 non
1386 1570 1471 1601 potest
1484 1574 1499 1592 a
1516 1565 1595 1593 Filio.
1612 1575 1621 1591 ι
1642 1564 1752 1592 Hoccle

112 1608 186 1634 nicat
207 1609 373 1641 essentiam;
391 1609 456 1636 dare
476 1617 542 1636 vero
565 1609 592 1636 in
608 1609 707 1637 divinis
722 1610 793 1637 idem
819 1615 862 1638 est
877 1617 908 1638 ac

98 1651 279 1689 producere,
293 1659 322 1681 nt
336 1655 406 1682 idem
423 1655 566 1682 Bessarion
585 1655 656 1691 (ib.)
674 1655 859 1690 Chrysostomi
880 1655 907 1683 in

112 1701 192 1728 .loan.
221 1709 256 1734 ν,
284 1701 320 1728 ‘22
342 1701 471 1737 sull'ragio
497 1702 652 1729 continuat.
688 1702 801 1729 Etiamsi
828 1701 910 1738 igitur

113 1747 202 1781 quoad
227 1747 309 1774 vetba
334 1755 389 1774 non
412 1752 455 1774 est
474 1747 545 1774 idem
561 1757 566 1774 :
583 1747 713 1782 Spiritum
743 1748 867 1782 accipere
893 1756 908 1775 a

115 1792 182 1820 Filio
199 1800 227 1820 et
242 1794 389 1828 procedere
404 1801 419 1820 a
434 1794 502 1820 Filio
523 1794 618 1828 (Pbot.
642 1803 667 1821 ο.
686 1794 717 1820 21
732 1795 751 1829 ),
768 1803 796 1821 re
819 1799 908 1822 tamen

115 1843 174 1876 ipsa
189 1841 261 1868 idem
280 1846 339 1874 est,
364 1842 427 1876 quia
449 1843 567 1876 accipere
583 1843 609 1869 in
631 1842 736 1877 Spiritu
754 1848 781 1870 et
795 1843 860 1870 dare
881 1844 909 1870 in

116 1888 184 1914 l-ilio
198 1891 263 1914 sunt
279 1888 439 1915 corrclativa
455 1892 483 1915 et
496 1888 615 1923 Spiritus
630 1893 659 1915 ut
674 1888 746 1916 Deus
761 1889 800 1915 nil
813 1893 910 1924 praeter

115 1933 286 1960 divinitatem
319 1933 443 1968 accipere
465 1934 499 1961 ab
524 1941 558 1961 eo
584 1938 684 1968 potest.
709 1934 858 1969 Conjungit
881 1942 911 1962 se

115 1979 242 2006 Christus
254 1986 315 2006 cum
325 1979 415 2010 Patre,
427 1979 460 2006 ad
476 1987 552 2006 suam
568 1987 630 2007 cum
646 1979 724 2007 Patre
737 1980 909 2007 communio-

117 2033 180 2051 nem
202 2026 335 2057 recurrit,
352 2033 383 2053 ex
399 2033 454 2061 quo
480 2030 578 2054 cuncta
603 2026 701 2059 habet;
727 2034 778 2053 nec
802 2030 912 2061 separat

116 2079 164 2098 sua
180 2071 214 2098 ab
229 2071 262 2098 iis
277 2079 337 2106 qua:
353 2076 418 2098 sunt
433 2071 520 2099 Patris
533 2097 539 2104 ,
555 2072 610 2098 imo
630 2072 724 2098 eadem
743 2079 804 2099 csse
817 2076 912 2099 osten-

116 2117 167 2144 dit.
179 2116 304 2146 Absurde
320 2125 426 2144 rursmn
442 2118 555 2145 Photius
573 2118 609 2151 (c.
625 2117 671 2152 25)
687 2118 765 2152 quasi
778 2117 834 2144 duo
848 2125 913 2144 con-
929 2142 931 2144 .

119 2163 200 2190 traria
219 2165 329 2192 exhibet
347 2172 354 2191 :
375 2165 525 2199 procedere
541 2172 556 2192 a
572 2164 653 2192 Patre
674 2169 701 2191 et
722 2164 873 2199 procedere
896 2172 912 2192 a

119 2209 203 2241 Filio;
224 2210 300 2245 prius
324 2211 446 2246 poterius
467 2218 522 2238 non
547 2210 683 2242 excludit,
709 2211 756 2237 sed
780 2210 912 2245 includit;

119 2264 172 2284 nec
190 2257 324 2291 posterior
338 2257 503 2292 mystagogia
516 2257 633 2292 priorem
651 2256 851 2284 institutionem
864 2257 913 2284 tol-

118 2304 163 2334 lit.
181 2304 236 2330 imo
259 2311 322 2331 vero
351 2303 495 2343 continuat
517 2302 632 2330 :Omnia
650 2310 710 2337 quas
733 2307 798 2329 sunt
821 2303 909 2330 Patris

118 2357 177 2376 mea
192 2353 265 2376 sunt.
280 2349 365 2376 Recte
380 2348 487 2376 Manuel
502 2348 613 2376 Calecas
630 2349 667 2382 (l.
684 2348 729 2382 c.)
771 2358 780 2374 ‹
796 2347 824 2375 Si
838 2349 911 2375 enim

118 2393 236 2428 Spiritus
250 2401 264 2420 a
279 2392 348 2420 Filio
362 2393 478 2428 accipit,
494 2393 582 2420 Patris
595 2397 687 2420 autem
700 2393 791 2420 omnia
804 2397 832 2419 et
842 2391 911 2419 Filio

118 2439 275 2466 communia
301 2444 383 2470 sunt,
410 2439 586 2472 manifestum
611 2443 638 2466 et
657 2447 690 2466 ex
715 2439 757 2466 his
780 2439 912 2466 insinuari

118 2485 218 2512 Filium
230 2493 318 2512 unum
333 2493 395 2513 cum
409 2485 488 2512 Patre
505 2485 588 2512 Deum
603 2484 679 2521 [I74]
688 2493 748 2512 esse
759 2506 766 2518 ,
780 2485 910 2521 Spiritum

119 2536 212 2559 autem
238 2539 331 2558 verum
366 2531 450 2559 Deum
475 2540 509 2559 ex
534 2532 623 2560 Patris
651 2536 677 2558 et
705 2531 763 2558 Filii
792 2532 911 2559 essentia

119 2576 284 2604 denuntiari.
303 2576 388 2604 Porro
404 2577 495 2605 dicere
516 2586 522 2603 ι
537 2576 632 2604 Omnia
649 2585 705 2612 qua;
725 2577 802 2603 habet
818 2576 910 2610 Pater,

119 2631 178 2649 mea
189 2627 268 2654 sunt;
279 2623 336 2648 ideo
354 2622 411 2657 (διὰ
427 2623 522 2655 τοῦτο)
541 2623 597 2649 dixi
610 2624 686 2650 vol-is
697 2631 706 2649 .'
723 2623 785 2658 quia
803 2623 835 2650 de
855 2631 911 2650 mco

120 2669 241 2703 accipiet,
254 2672 320 2701 etc,-
339 2672 386 2694 aut
403 2667 470 2694 nihil
488 2668 622 2704 significat
636 2672 684 2695 ant
701 2677 755 2695 non
778 2668 912 2704 signiﬁcat

120 2715 292 2751 propositum
321 2715 388 2747 tibi;
410 2715 510 2750 quippe
534 2720 660 2750 suscepta
687 2717 719 2744 ad
748 2720 912 2744 structuram

156 2806 214 2841 (75)
228 2804 352 2841 Profecto
366 2805 468 2832 verba:
483 2804 578 2832 Omnia
593 2813 652 2840 qua:
667 2806 743 2832 habet
756 2805 847 2834 Pater.
857 2809 910 2832 etc.

124 2842 149 2876 l)
162 2840 330 2876 universalia
347 2845 425 2873 sunt;
440 2848 504 2874 ergo
518 2847 572 2866 non
595 2846 712 2874 possunt
734 2841 861 2876 rcstringi
884 2845 912 2868 et

123 2875 232 2903 liniitari
247 2875 298 2902 nisi
315 2875 341 2902 in
363 2875 406 2905 iis.
426 2883 487 2910 qua:
510 2880 604 2902 natura
625 2883 714 2902 rerutn
737 2884 784 2910 per
810 2883 839 2902 se
866 2884 913 2902 ex-

122 2911 209 2939 cludit
223 2919 229 2944 ;
244 2911 273 2945 ‘2)
290 2911 322 2938 ad
343 2910 428 2946 ipsam
447 2911 605 2939 relationem
622 2911 654 2938 ad
670 2911 799 2946 Spiritum
816 2919 829 2937 ιι
845 2911 912 2938 Filio

960 1615 1044 1646 illud.
1064 1614 1098 1642 de
1114 1622 1169 1648 quo
1191 1621 1273 1648 supra
1288 1613 1319 1648 (§
1332 1613 1368 1647 2)
1395 1613 1515 1648 egimus,
1534 1616 1725 1648 argumentum
1743 1621 1750 1638 :

961 1663 1027 1696 Quae
1039 1661 1122 1689 habet
1138 1661 1165 1688 in
1181 1660 1281 1694 divinis
1302 1659 1382 1686 Pater
1400 1664 1511 1693 excepta
1529 1659 1693 1694 paternitate
1711 1660 1754 1692 (ct

961 1705 1189 1740 innascibilitatc)
1211 1705 1367 1732 communia
1387 1709 1453 1731 sunt
1476 1704 1565 1732 cidem
1581 1711 1642 1731 cum
1667 1703 1751 1735 Filio;

960 1759 1026 1788 ergo
1047 1751 1088 1779 vis
1103 1750 1246 1784 spiratrix,
1262 1757 1324 1784 quae
1338 1755 1381 1777 est
1395 1758 1410 1776 a
1426 1750 1592 1784 paternitatc
1606 1749 1649 1781 (et
1665 1757 1679 1775 θ
1703 1757 1754 1775 ra-

962 1799 1036 1825 tione
1058 1797 1190 1832 ingeniti)
1204 1796 1350 1827 distincta,
1368 1799 1409 1822 est
1426 1795 1495 1821 Filio
1508 1802 1571 1820 cum
1586 1793 1665 1821 Patre
1678 1802 1754 1821 corn-

962 1843 1064 1871 munis.
1085 1844 1115 1870 In
1130 1842 1320 1876 divinisjuxta
1341 1841 1500 1868 Ansclmunt
1519 1840 1574 1874 (De
1595 1841 1659 1873 ina,
1675 1848 1701 1867 c.
1720 1841 1752 1871 '5;

961 1891 1000 1917 De
1015 1898 1087 1924 proc.
1106 1888 1200 1922 Spirit.
1226 1892 1310 1914 sanet.
1330 1895 1354 1914 c.
1371 1886 1425 1921 2),
1448 1887 1539 1914 omnia
1565 1892 1629 1913 sunt
1650 1894 1752 1916 unum.

961 1937 1008 1964 ubi
1034 1943 1090 1963 non
1109 1935 1203 1962 obviat
1223 1933 1363 1961 relationis
1376 1932 1526 1968 oppositio.
1543 1932 1586 1960 Cl‘.
1604 1933 1698 1960 Pctav.
1718 1932 1755 1958 De

962 1981 1033 2008 Trin.
1049 1989 1099 2012 vn,
1116 1981 1143 2013 9,
1159 1980 1203 2007 11.

997 2027 1042 2054 10.
1064 2026 1179 2053 Domum
1193 2025 1231 2061 ν)
1247 2025 1408 2054 adversatur
1423 2024 1512 2052 Photii
1534 2025 1669 2058 exposrtio
1690 2024 1756 2060 ipsis

961 2073 1064 2101 Graecis
1081 2072 1224 2105 Patribus,
1239 2080 1354 2107 quorum
1379 2072 1511 2099 doctrina:
1529 2079 1558 2098 sc
1579 2071 1755 2099 tenacissime

964 2118 1131 2145 inluesurum
1140 2125 1248 2152 semper
1259 2121 1436 2151 protestatur.
1454 2116 1483 2143 Id
1497 2116 1562 2143 satis
1577 2121 1676 2152 praeter
1689 2117 1757 2143 alios

964 2163 1074 2192 llanuel
1095 2164 1208 2191 Calecas
1220 2167 1247 2190 ct
1263 2163 1408 2191 Bessarion
1421 2171 1473 2191 nec
1486 2163 1578 2190 mintts
1601 2163 1756 2190 luculenter

965 2211 1069 2238 Beccus
1087 2210 1126 2243 (l.
1142 2218 1184 2240 ut.
1209 2209 1243 2236 ad
1267 2209 1407 2236 Theodor.
1424 2217 1453 2235 n.
1473 2208 1523 2239 l0;
1539 2208 1572 2236 (ἱ.
1591 2210 1623 2234 0.
1638 2208 1671 2241 ll,
1694 2209 1755 2240 lu.

928 2253 1017 2284 0145
1040 2260 1068 2284 ct
1099 2256 1127 2283 in
1155 2255 1320 2290 Epigraph.)
1346 2259 1427 2290 atque
1459 2254 1575 2281 Allatius
1602 2253 1756 2289 (Enc/iirid.

967 2310 992 2329 c.
1011 2305 1060 2328 κε’.
1077 2309 1103 2336 p.
1129 2300 1192 2336 ρξς“
1208 2309 1265 2335 seq.
1282 2305 1309 2327 et
1325 2300 1423 2327 Vitulic.
1447 2308 1505 2334 ειμι.
1527 2299 1621 2333 Eli/tes.
1639 2308 1665 2334 p.
1686 2300 1756 2335 294)

967 2349 1204 2376 demonstrarunt.
1219 2346 1309 2374 Unum
1333 2347 1485 2373 alterumve
1512 2345 1610 2373 horum
1645 2345 1756 2373 Patrum

967 2394 1122 2421 audiamus.
1135 2392 1267 2420 Albanas.
1279 2393 1313 2420 ad
1329 2392 1425 2426 Serap.
1442 2392 1498 2418 ait:
1521 2391 1549 2418 '0
1563 2392 1611 2426 μὲν
1627 2391 1690 2422 Υἱός
1705 2400 1759 2427 φη-

967 2447 1023 2466 σιν’
1041 2439 1059 2466 ὃ.
1071 2439 1175 2474 ἥκουσα.
1194 2437 1270 2473 παρὰ
1282 2436 1329 2464 τοῦ
1341 2437 1459 2470 Πατρὺς,
1476 2435 1562 2462 ταῦτα
1576 2435 1648 2462 λα.ὶῶ
1659 2436 1699 2467 εὶς
1713 2436 1759 2462 τὶν

967 2487 1068 2520 κόσμον
1079 2493 1086 2502 υ
1105 2485 1136 2510 τὸ
1152 2485 1180 2511 δὲ
1192 2483 1304 2518 Πνεῦμα
1315 2484 1347 2510 ὲκ
1359 2483 1408 2510 τοῦ
1422 2482 1489 2509 Υἰοῦ
1504 2482 1649 2517 λαμϋάνειο
1664 2483 1696 2508 ὲκ
1711 2482 1759 2508 τοῦ

967 2531 1034 2567 ἐμοῦ
1046 2532 1101 2567 γὰρ
1118 2531 1235 2567 λήψεται
1257 2538 1286 2556 κ.
1301 2538 1327 2557 τ.
1344 2529 1369 2556 λ.
1389 2528 1455 2556 Item
1471 2533 1542 2556 orat.
1559 2528 1585 2560 5,
1605 2537 1630 2555 c.
1644 2528 1757 2555 Adrian.

970 2578 1089 2614 (Caleca:
1101 2582 1143 2604 est
1160 2581 1231 2603 orat.
1250 2576 1283 2609 3)
1298 2584 1304 2602 :
1321 2575 1358 2601 Τὸ
1380 2574 1493 2610 Πνεῦμα
1514 2574 1589 2610 παρὰ
1609 2574 1655 2600 τοῦ
1671 2574 1759 2608 Λόγου

969 2624 1113 2659 λαμὸᾰνει.
1127 2643 1134 2650 .
1149 2643 1156 2650 .
1175 2623 1256 2654 αὐτὸς
1270 2622 1324 2656 γὰρ
1340 2622 1354 2648 ὁ
1367 2621 1431 2652 Υἱὸς
1443 2621 1474 2647 τὸ
1488 2621 1599 2656 Πνεῦμα
1610 2621 1702 2647 δίδωσι
1714 2621 1760 2646 καὶ

967 2673 1018 2697 ὅσα
1032 2670 1089 2704 ἔχει
1102 2669 1134 2695 τὸ
1148 2668 1262 2702 Πνεῦμα
1273 2667 1359 2694 ταῦτα
1372 2667 1448 2702 παρὰ
1461 2666 1507 2694 τοῦ
1521 2667 1609 2701 Λόγου
1621 2667 1687 2702 ἔχει.
1703 2666 1761 2694 Iloc

970 2715 1128 2744 testimonio
1151 2714 1323 2745 Nicephorius
1348 2713 1515 2747 Bleuunida,
1547 2719 1616 2741 orat.
1640 2713 1668 2745 2,
1688 2721 1713 2740 c.
1732 2714 1759 2740 6.

968 2805 1151 2832 extenduntur
1166 2804 1225 2839 ipso
1236 2809 1260 2831 et
1275 2803 1307 2831 ad
1328 2804 1353 2832 id
1371 2804 1547 2836 adhibentur,
1572 2807 1601 2830 ut
1628 2802 1760 2837 Spiritum

968 2848 1062 2868 set-tun
1088 2838 1184 2867 intime
1204 2840 1332 2875 conjungi
1356 2845 1383 2867 ct
1406 2840 1440 2867 de
1455 2847 1497 2872 co,
1519 2838 1591 2873 quod
1605 2838 1692 2873 ipsius
1709 2844 1761 2872 est,

968 2877 1092 2910 accipere
1112 2876 1248 2903 ostendat.
