1945 3088
106 174 159 208 431

462 176 509 206 DE
530 178 560 207 S-
582 177 679 207 SPIR.
700 174 952 206 MYSTAGOGIA.
968 170 1385 204 -ANIMADVERSIONES.

1690 165 1743 200 438

108 235 145 261 sit
161 254 168 266 ,
180 233 254 268 quod
277 243 286 260 ‹
304 233 386 261 etiam
399 238 515 262 ventura
529 234 704 262 annuntiabit
717 233 806 262 vobis.
821 233 860 261 Ac
876 233 899 260 si
915 235 938 264 Α
952 231 1013 260 Filii
1024 231 1065 260 sui
1077 232 1105 259 in
1117 231 1199 259 corda
1211 234 1317 259 nostra.
1329 229 1400 257 Num
1412 227 1481 255 alius
1489 232 1533 256 est
1542 227 1663 263 Spiritus
1680 227 1742 255 Filii

107 280 229 307 diceret:
246 279 359 315 Signum
372 280 423 307 hoc
447 279 501 307 erit
522 279 610 312 vobis,
628 288 660 307 ea:
671 288 730 307 mea
748 279 900 306 substantia

108 333 169 353 esse
192 325 324 360 Spiritum
340 329 367 352 et
386 330 505 352 mentem
519 332 579 352 esse
604 325 681 360 quasi
704 332 813 356 meam,
829 323 901 359 quod

108 371 154 400 ille
176 371 266 398 futura
294 371 364 398 sicut
383 379 433 406 ego
455 370 616 406 praedicabit
631 370 700 406 (8|).
727 370 774 397 Sic
801 377 901 397 rursus

109 416 186 454 [179]
213 417 246 444 ad
273 415 352 444 Joan.
378 425 435 448 xvt,
454 417 487 444 M
515 417 651 449 observat,
670 424 719 451 per
738 416 802 448 hoc,
829 415 902 450 quod

109 463 229 498 Spiritus
241 462 359 497 accipiat
376 469 391 489 a
411 461 489 493 Filio,
512 461 582 489 nihil
611 461 725 489 omnino
741 461 766 488 ei
782 460 900 492 detrahi,

110 514 138 538 et
157 509 248 536 omnia
260 516 322 536 eum
334 508 437 536 habere
457 507 579 544 perfecte
597 507 667 544 (82).
691 507 826 536 Caeterum
842 514 903 542 quae

110 555 227 590 tlyrillus
246 555 339 586 habet,
353 562 385 582 ea
406 554 440 582 ad
464 554 655 582 illustrandum
688 558 848 581 contextum
874 557 903 580 et

110 609 224 636 seopum
253 600 400 628 verborum
426 600 529 628 Christi
563 599 709 635 insigniter
739 599 900 632 conferunt;

109 655 172 682 quae
186 651 279 674 autem
298 647 419 682 disputat
442 647 567 678 Photius.
581 646 632 674 etsi
648 653 745 681 magna
774 653 807 672 ex
825 651 903 680 parte

111 700 177 719 vera
193 697 268 724 sum,
282 695 373 718 tamen
389 691 475 726 ipsius
492 699 547 718 non
563 694 679 726 prosunt
694 690 810 726 intento.
822 689 902 717 Chri-

111 742 170 766 stus
183 737 339 766 consolatur
350 737 510 772 discipulos,
527 745 582 765 non
596 737 716 764 alienum
737 744 768 764 ac
781 736 899 772 peregri-

111 792 178 811 num
200 792 230 812 se
248 783 448 812 consolatorem
463 783 610 811 missurum
631 787 757 815 testatur,
783 782 904 810 ostendit

111 837 190 857 suam
203 834 259 857 tum
271 837 334 857 cum
349 829 429 856 Patre
442 832 500 856 tum
525 837 588 856 cum
605 828 747 856 Paracleto
760 827 903 863 aaqualita-

113 880 179 907 tem,
191 875 233 903 sui
241 879 269 903 et
279 875 350 902 illius
360 882 421 902 cum
432 874 512 902 Patre
519 875 653 910 ὸμοφυῖαν
664 885 671 908 ς
681 882 776 901 verum
787 881 842 901 non
851 874 903 901 hoc

112 922 244 948 duntaxat
258 921 318 956 ejus
334 921 416 948 verba
433 920 484 948 sibi
500 920 605 949 volunt.
622 920 707 947 Multo
720 919 858 947 efficacius
871 926 904 947 ca

112 968 219 1003 probat,
237 967 260 995 si
286 967 367 995 simul
389 967 520 999 ostendit,
546 975 563 993 ιι
579 975 617 1000 se,
639 974 721 1002 quem
750 966 906 1003 noscebant

112 1013 296 1048 amabantque
314 1013 382 1041 adeo
409 1012 544 1048 discipuli,
561 1012 704 1048 Spiritum
734 1020 783 1040 sua
810 1012 903 1039 omnia

113 1059 223 1093 habere,
242 1064 271 1087 et
296 1059 320 1086 si
345 1063 457 1087 auctore
476 1058 575 1086 Pbotio
592 1059 628 1094 (c.
659 1058 694 1086 26
707 1079 714 1090 .
735 1058 780 1090 27)
806 1066 903 1086 cavere

112 1105 180 1136 vult,
197 1113 232 1133 ne
246 1105 284 1132 illi
313 1106 445 1140 majorem
472 1113 502 1132 se
526 1105 584 1140 ipso
610 1109 739 1140 putarent
758 1105 902 1140 Spiritum,

112 1152 200 1180 multo
218 1151 334 1179 validius
349 1151 376 1178 id
387 1150 480 1182 efﬁcit,
497 1151 520 1178 si
536 1158 551 1178 a
569 1159 599 1178 se
610 1151 736 1179 eumdem
754 1159 814 1179 esse
836 1159 903 1179 con-

114 1197 215 1229 ﬁrmat,
230 1203 260 1223 se
271 1195 346 1223 velut
361 1195 422 1230 ejus
436 1195 603 1230 principium
617 1199 804 1230 repraesentat,
822 1203 904 1230 quem

113 1245 243 1280 superius
259 1252 274 1271 a
291 1244 370 1271 Patre
384 1244 533 1279 procedere
550 1243 664 1271 dixerat.
679 1242 746 1276 lmo,
772 1248 802 1271 ut
814 1243 903 1271 Photii

113 1291 206 1319 verbis
224 1295 343 1323 utamur,
360 1290 479 1326 priorem
494 1290 690 1325 mystagogiam
720 1297 814 1317 revera
827 1290 904 1317 evol-

112 1338 152 1366 vit
172 1338 283 1365 uberius
305 1342 333 1365 et
347 1335 410 1364 cum
427 1337 479 1364 hac
502 1336 695 1372 explanatione
717 1336 858 1372 eonjungit
874 1344 906 1364 ac

113 1383 223 1418 copulat
237 1391 286 1418 per
298 1383 341 1410 illa
357 1383 456 1410 verba:
474 1382 569 1410 Omnia
581 1390 639 1418 qua:
647 1382 723 1409 habet
736 1382 826 1416 Pater,
845 1391 904 1410 mea

113 1433 184 1455 sunt.
204 1427 341 1462 Quorsum
354 1435 420 1455 vero
430 1427 473 1454 illa
485 1428 669 1460 ratiocinatio,
690 1428 711 1455 si
725 1428 794 1455 nihil
810 1435 825 1454 a
837 1427 906 1455 Filio

114 1475 215 1509 accipit
229 1473 367 1509 Spiritus?
378 1473 430 1501 Sed
445 1473 491 1509 qui
507 1474 628 1509 singulas
637 1473 727 1501 Photii
739 1474 908 1501 assertiones

115 1520 243 1556 prosequi
258 1521 351 1553 vellet,
367 1521 527 1556 ampliorem
541 1521 631 1548 adhuc
642 1520 832 1556 probationum
849 1528 906 1547 ma-

116 1567 214 1594 teriam
229 1567 312 1595 dubio
326 1567 423 1603 procul
445 1567 578 1595 inveniet.
601 1566 656 1595 Nos
686 1567 719 1594 ad
736 1567 788 1594 alia
804 1574 906 1602 prope-

115 1620 218 1640 ramus.

151 1659 195 1686 il.
215 1658 275 1686 Non
291 1659 381 1687 minus
397 1659 502 1695 prolixa
513 1664 554 1687 est
567 1659 715 1694 disputatio
729 1658 755 1694 (a
770 1667 830 1694 cap.
846 1658 906 1694 48),

115 1713 170 1740 qua
187 1704 264 1742 [l80]
276 1706 348 1734 aliud
372 1706 574 1741 Seriptnrarum
602 1705 788 1733 testimonium
804 1705 909 1732 Latinis

115 1752 222 1787 eripere
237 1757 350 1780 conatur
369 1752 493 1784 Photius,
507 1752 633 1779 videlicet
648 1752 740 1780 Galat.
758 1760 796 1785 IV,
818 1751 845 1784 6,
860 1752 908 1779 ubi

117 1798 238 1832 Spiritus
266 1802 378 1825 sanctus
403 1801 515 1825 vocatur
538 1796 653 1830 Spiritus
678 1796 755 1824 Filii.
779 1797 909 1830 Quamvis

116 1843 201 1870 verba
218 1851 264 1877 per
277 1851 304 1869 se
318 1850 374 1870 non
400 1842 518 1877 probent
539 1842 658 1876 Spiritus
677 1850 693 1870 a
710 1841 780 1869 Filio
797 1849 909 1877 proces-

117 1888 235 1920 sionem,
248 1894 339 1916 tamen
368 1887 498 1923 spectatis
524 1892 581 1914 tum
599 1888 661 1916 aliis
679 1893 736 1916 tum
752 1887 909 1916 traditionis

116 1934 274 1962 christiana:
305 1934 440 1970 prresidiis
463 1934 528 1961 huic
548 1934 623 1962 dicto
645 1934 760 1969 aliisque
775 1933 910 1961 similibus

116 1981 173 2009 vim
187 1981 278 2008 inesse
298 1981 331 2008 ad
348 1988 408 2008 eam
430 1981 629 2008 ostendendam
645 1988 755 2009 summo
774 1988 910 2008 consensu

118 2027 236 2063 theologi
252 2034 414 2062 persuasum
431 2027 553 2054 habuere
567 2034 676 2061 semper
688 2034 720 2054 ac
730 2027 812 2054 variis
823 2027 911 2054 modis

117 2079 280 2110 argumenta
297 2073 396 2101 exinde
409 2073 600 2103 ell‘ortuarunt.
615 2073 715 2100 Photio
728 2081 838 2101 cozevus
856 2073 912 2100 Ra-

118 2126 243 2148 tiamnus
257 2121 292 2147 ita
308 2120 342 2148 de
351 2121 402 2147 hoc
415 2124 490 2148 textu
500 2119 610 2147 disserit
626 2120 657 2154 (1.
670 2128 691 2153 ι,
704 2128 730 2148 c.
749 2120 776 2147 ι.
789 2119 910 2155 p.232):

121 2176 130 2192 ε
151 2165 209 2193 Non
222 2166 259 2193 ait
271 2166 389 2193 Paulus:
406 2166 479 2193 Misit
493 2166 567 2194 Deus
579 2165 712 2201 Spiritum
723 2174 813 2192 suum.
829 2165 910 2198 Quod

118 2213 140 2240 si
157 2213 273 2243 diceret,
290 2220 344 2239 non
354 2213 464 2247 penitus
479 2212 637 2240 excluderet
654 2211 764 2244 Filium,
781 2212 910 2247 quoniam

120 2259 192 2285 lteus
216 2262 259 2285 est
278 2257 360 2284 etiam
385 2256 479 2289 Filius,
502 2257 733 2292 quemadmodum
759 2256 839 2284 Pater
867 2260 910 2284 est
927 2250 948 2277 D

120 2304 199 2335 Deus,
217 2308 244 2331 et
264 2308 378 2339 uterque
392 2311 447 2331 non
462 2303 516 2331 duo
527 2303 586 2335 Dei,
602 2303 650 2331 sed
664 2309 737 2331 unus
753 2308 796 2330 est
820 2303 909 2336 Deus;

118 2350 191 2385 quod
209 2350 281 2378 enim
303 2357 418 2386 persona
439 2355 559 2386 separat,
579 2349 732 2378 substantia
756 2350 909 2385 eonjungit.

119 2395 220 2423 Volens
233 2399 325 2423 autem
343 2395 452 2424 auferre
478 2403 589 2424 omnem
612 2397 802 2431 qumstionem,
817 2404 912 2431 perso-

119 2449 182 2470 nam
199 2441 258 2470 Filii
280 2443 437 2478 specialiter
457 2442 525 2471 dixit
542 2443 651 2471 misisse
678 2442 763 2471 Deum
779 2443 913 2478 Spiritum

157 2521 214 2557 (81)
227 2521 281 2557 Καὶ
294 2521 375 2557 οἱονεὶ
386 2521 534 2557 νοῦςγὲστιν
546 2519 629 2557 ὲμδςχ
637 2519 749 2557 λαλήσει
765 2520 793 2547 δὲ
804 2520 914 2552 πάντως

118 2556 155 2584 τὰ
183 2557 213 2583 ὲν
239 2556 322 2591 ἐμοί’
347 2556 395 2582 καὶ
415 2556 495 2582 τοῦτο
517 2557 599 2590 φησὶν
619 2556 769 2591 eadem,
796 2557 845 2591 οὐχ
869 2556 913 2591 ἵνα

118 2591 229 2632 νοῦιμεν.
244 2589 410 2632 ὕπὀνργικῇν
436 2591 467 2617 τὸ
489 2589 654 2632 Πνεῦμαῇ-τὸ
676 2589 754 2632 and»,
774 2589 914 2632 πεπλτᾷιτὴν

118 2625 202 2653 τινῶν
218 2625 350 2661 ἀμαθίαν,
368 2626 575 2662 πληροφορῆσαι
599 2626 635 2662 δὲ.
655 2625 756 2661 μᾶλλον
783 2625 914 2662 ἐθελήσας

119 2662 192 2704 τοὺς.
209 2660 344 2704 μαθηταί,
369 2660 475 2704 ὡς⁷ὀὺχ
494 2660 655 2704 ’ἓτερονπόν
682 2662 748 2704 παρ’
774 2661 857 2704 abeo?
883 2661 915 2687 τὸ

255 2687 344 2722 αὺτοῦ,
360 2687 430 2722 uasti
447 2687 478 2729 7's
497 2687 543 2723 τὸν
601 2687 794 2731 ὁμοουσιᾶτητι
815 2696 914 2730 Λόγον,

119 2731 208 2759 ταῦτα
227 2731 259 2766 δὴ
279 2731 388 2763 πάντως
407 2731 533 2767 λαλήσεχ
544 2732 593 2758 καῖ
616 2732 760 2767 ἐνεργήσει
785 2732 833 2758 καὶ
851 2731 914 2766 βου-

119 2767 244 2801 λήσεται.
270 2767 319 2793 Διὰ
342 2767 396 2802 γάρ
419 2775 460 2802 τος
487 2766 568 2793 τοῦτο
590 2767 790 2802 προστέθηκεν,
807 2767 850 2802 ὅτι
868 2766 915 2793 καὶ

121 2802 156 2829 τὰ
182 2801 319 2838 ἐρχόμενα
346 2801 493 2838 ἀναγγελεῖ
598 2810 618 2838 ’Δ
635 2801 913 2838 μονονουχὶῗλέγων,

123 2836 236 2871 σημεῖόν
252 2836 336 2863 ⁷τούτο
353 2837 442 2868 ἔσται,
463 2838 504 2863 ὅτι
527 2837 560 2872 δὴ
584 2836 694 2868 πάντως
717 2838 749 2863 ὲκ
772 2837 820 2872 τῆς
843 2837 916 2872 ἐμῆς

122 2871 218 2903 οὐσίας
242 2871 273 2898 τὸ
296 2871 409 2906 Πιιεῦμὰ
433 2873 501 2904 ἐστι,
526 2872 574 2898 καὶ
601 2870 657 2898 οἷον
676 2872 742 2905 ἐμός
762 2873 820 2898 ὲστι
841 2872 913 2904 νοῦς,

122 2906 155 2934 τὸ
174 2891 248 2942 ὶρέῖν
269 2908 351 2935 αὑτὸν
370 2891 407 2934 id
421 2892 538 2944 ὲσόμένσ.
555 2891 763 2943 καθάπερ
789 2891 915 2943 δοίιίιῖιῖί

952 288 1034 316 quam
1043 279 1162 316 Spiritus
1172 279 1279 306 Patris?
1289 278 1367 312 Quod
1378 277 1400 305 si
1410 277 1481 304 idem
1490 281 1532 304 est
1544 276 1663 312 Spiritus
1683 284 1744 303 am-

952 327 1061 360 borum,
1072 325 1195 361 profecto
1213 324 1336 360 procedit
1346 324 1380 351 ab
1395 327 1531 358 utroque;
1546 331 1602 350 non
1615 322 1688 349 enim
1703 322 1744 349 sic

952 374 1054 403 dicitur
1071 373 1190 409 Spiritus
1203 371 1276 404 Filii,
1301 376 1429 406 tanquam
1443 370 1479 397 sit
1494 369 1583 397 minor
1594 369 1677 402 Filio;
1692 369 1745 396 hoc

951 420 998 455 qui
1010 419 1093 447 sentit
1104 418 1146 446 vel
1158 417 1226 445 dicit
1239 424 1294 444 non
1303 420 1346 443 est
1357 415 1520 442 catholicus.
1535 414 1594 447 Qua
1603 414 1637 442 de
1647 421 1677 441 re
1689 421 1745 441 non

951 469 1005 497 est.
1022 473 1108 501 quare
1122 464 1228 492 dicatur
1239 463 1357 498 Spiritus
1373 461 1445 494 Filii,
1455 461 1508 488 nisi
1518 461 1581 496 quia
1592 459 1716 496 procedit
1729 467 1744 486 a

953 511 1034 545 Filio,
1052 511 1125 542 sicut
1142 510 1243 538 dicitur
1257 508 1379 544 Spiritus
1391 507 1489 540 Patris,
1505 507 1569 542 quia
1587 505 1712 541 procedit
1730 512 1745 533 a

953 558 1044 586 Patre.
1062 567 1072 584 ι
1093 557 1175 585 Addit
1190 556 1289 584 deinde
1311 555 1478 582 ltatramnus
1498 553 1565 581 alios
1579 556 1679 585 textus,
1699 551 1745 579 ubi

956 604 1074 639 Spiritus
1085 603 1185 631 dicitur
1207 601 1328 637 Spiritus
1343 600 1421 632 Jesu,
1441 599 1561 635 Spiritus
1579 598 1695 630 Christi,
1713 605 1746 625 ac

955 650 1128 686 potissimum
1159 648 1239 676 Rom.
1259 655 1320 681 vut,
1347 647 1376 681 9,
1401 645 1580 676 conclttdens,
1614 643 1746 680 Spiritum

953 695 1057 724 Christi
1071 702 1133 723 esse
1155 693 1285 722 eumdem
1305 693 1350 728 qui
1377 696 1404 720 et
1429 691 1532 720 dicitur
1560 690 1678 726 Spiritus
1697 689 1746 716 Dei

954 742 991 777 (c.
1006 741 1034 774 6,
1047 749 1074 776 p.
1095 740 1160 775 236)
1182 745 1263 775 atque
1276 746 1440 774 comparans
1461 736 1537 764 Rom.
1556 744 1615 766 vut.
1635 735 1670 763 15
1684 742 1749 767 cum

954 788 1044 817 Galat.
1065 786 1136 822 tv,_6
1151 790 1247 814 notat:
1264 795 1274 812 ‹
1304 785 1414 818 Videte,
1432 784 1505 820 quod
1526 782 1654 811 eumdem
1675 781 1748 809 dicat

954 833 1085 868 Spiritum
1103 831 1257 867 adoptidnis
1277 830 1406 861 ﬁliorum,
1423 836 1504 864 quem
1524 827 1672 856 conﬁtetur
1684 826 1747 862 Spi-

954 879 1038 906 ritum
1052 877 1123 910 Filii,
1132 885 1186 913 quo
1201 884 1251 904 nos
1261 876 1359 904 doceat
1369 874 1527 910 Apostolus,
1541 873 1669 901 eumdem
1683 880 1746 901 esse

955 925 1091 961 Spiritum
1109 923 1210 955 Patris,
1235 930 1316 958 quem
1337 922 1405 950 dicit
1431 921 1565 957 Spiritum
1579 919 1745 954 adoptionis,

954 975 983 999 et
996 971 1122 998 eumdem
1135 977 1197 998 esse
1209 969 1342 1005 Spiritum
1353 967 1424 1001 Filii,
1437 975 1518 1003 quem
1534 966 1609 994 misit
1628 965 1700 993 Deus
1719 965 1747 992 in

959 1016 1041 1044 corda
1060 1020 1172 1048 nostra;
1201 1014 1269 1042 etin
1287 1013 1394 1046 eodem,
1416 1012 1462 1048 qui
1487 1017 1542 1040 tam
1567 1010 1654 1038 Patris
1667 1017 1749 1045 quam

954 1061 1016 1090 Filii
1031 1065 1200 1090 monstratur
1218 1059 1347 1095 Spiritus,
1365 1059 1516 1088 clamamus
1532 1067 1538 1085 :
1552 1057 1636 1090 Abba,
1650 1055 1745 1084 Pater.

954 1108 1033 1142 Quod
1047 1114 1216 1143 nequaquam
1231 1106 1320 1134 facere
1341 1112 1495 1141 possemus,
1516 1104 1538 1131 si
1565 1111 1622 1131 non
1651 1110 1749 1138 quem-

955 1155 1100 1182 admodum
1121 1153 1245 1189 procedit
1263 1160 1278 1179 a
1298 1152 1379 1179 Patre
1403 1151 1522 1186 Spiritus
1547 1154 1676 1181 sanctus,
1709 1148 1750 1175 sic

955 1201 1037 1228 etiam
1061 1199 1192 1235 prouedat
1205 1203 1233 1226 et
1248 1207 1263 1226 a
1276 1197 1356 1225 Filio.
1373 1207 1382 1223 ι
1402 1197 1472 1224 Hinc
1491 1204 1601 1224 rursum
1614 1195 1750 1223 exclamat

956 1247 992 1283 (c.
1018 1247 1044 1279 7,
1062 1254 1090 1281 p.
1106 1245 1170 1280 258)
1187 1254 1193 1272 :
1213 1254 1222 1271 ε
1241 1245 1268 1272 Si
1292 1244 1411 1279 Spiritus
1433 1251 1489 1270 non
1504 1241 1579 1278 [l8l]
1597 1241 1717 1277 procedit
1734 1249 1750 1268 a

955 1293 1077 1324 Christo,
1107 1292 1244 1327 quomodo
1268 1290 1386 1325 Spiritus
1405 1290 1508 1317 dicitur
1536 1296 1597 1316 esse
1620 1287 1750 1315 Christi?

957 1338 1084 1366 Procedit
1098 1338 1182 1374 igitur
1196 1346 1211 1364 a
1236 1336 1358 1368 Christo,
1377 1336 1442 1371 quia
1455 1342 1511 1362 non
1523 1342 1556 1362 ex
1575 1333 1748 1368 subjeclioue,

957 1393 1007 1413 nec
1016 1393 1048 1412 ea:
1061 1384 1220 1420 particulari
1228 1377 1340 1422 sectione
1348 1383 1449 1410 dicitur
1459 1381 1519 1417 ejus
1529 1388 1600 1412 esse,
1616 1380 1663 1408 sed
1677 1379 1751 1415 quod

957 1431 1017 1466 ejus
1034 1431 1067 1458 de
1078 1430 1230 1459 substantia
1246 1428 1462 1457 substantialiter
1474 1427 1609 1464 procedit.
1630 1436 1639 1452 ι
1657 1426 1751 1461 Neque

957 1477 1035 1504 aliter
1058 1475 1190 1512 Georgius
1211 1474 1413 1510 Trapezuntius
1439 1474 1473 1501 ad
1495 1473 1622 1500 Cretens.
1641 1472 1680 1498 De
1697 1480 1751 1498 una

959 1522 988 1550 S.
1012 1522 1083 1550 Eccl.
1099 1530 1126 1550 c.
1145 1522 1172 1554 5,
1188 1521 1205 1548 Il
1219 1520 1260 1556 (G.
1273 1520 1305 1549 0.
1321 1520 1342 1553 ι,
1367 1519 1415 1548 541
1438 1519 1530 1555 scq.):
1550 1529 1558 1544 ι
1578 1518 1615 1546 Ex
1630 1518 1710 1546 Patre
1724 1523 1752 1555 et

920 1577 942 1607 ο
959 1570 1027 1597 Filio
1043 1569 1126 1597 habet.
1143 1569 1274 1604 Spiritus,
1297 1568 1371 1603 quod
1387 1567 1432 1601 sit,
1458 1567 1610 1595 secundum
1627 1565 1751 1594 divinum

960 1616 1148 1652 Evangelium.
1167 1615 1225 1643 Nec
1239 1622 1296 1642 non
1308 1619 1336 1642 et
1354 1614 1454 1641 Paulus
1479 1613 1547 1641 dicit
1562 1621 1569 1640 :
1591 1612 1662 1640 Misit
1681 1611 1752 1640 Deus

961 1663 1093 1698 Spiritum
1107 1662 1171 1689 Filii
1182 1662 1234 1689 sui.
1253 1661 1347 1696 Itaque
1367 1660 1389 1687 si
1403 1660 1496 1687 Patris
1516 1664 1540 1687 et
1556 1659 1619 1687 Filii
1635 1658 1752 1694 Spiritus

960 1710 1088 1744 est,quod
1106 1716 1178 1744 smpc
1194 1708 1295 1743 saapius
1306 1708 1417 1743 legitur,
1433 1707 1608 1734 manifestum
1618 1711 1659 1734 est
1688 1714 1751 1733 eum

960 1757 995 1784 ab
1015 1761 1131 1791 utroque
1146 1756 1244 1790 sptrari
1266 1755 1309 1782 vel
1322 1754 1479 1790 procedere.
1499 1764 1508 1779 ι
1522 1753 1569 1780 llis
1583 1753 1753 1781 concordant

961 1802 1039 1830 multi
1055 1802 1100 1829 alii
1120 1801 1250 1837 Tbeologi
1274 1800 1321 1835 (cf.
1337 1800 1435 1828 Walch
1455 1808 1500 1835 op.
1525 1801 1572 1828 cit.
1598 1809 1622 1828 c.
1642 1800 1752 1835 iO,§'5,

960 1856 989 1883 p.
1005 1847 1066 1880 168,
1082 1847 1156 1880 169),
1169 1846 1217 1881 qui
1237 1846 1274 1873 ita
1285 1845 1442 1873 ratiocinari
1461 1845 1551 1873 solent
1574 1854 1581 1872 :
1602 1845 1654 1878 Qui
1669 1845 1697 1872 in
1710 1845 1752 1872 di-

961 1893 1034 1921 vinis
1057 1893 1157 1920 dicitur
1180 1900 1241 1920 esse
1266 1891 1390 1924 alterius,
1408 1891 1443 1918 ab
1469 1891 1516 1919 illo
1532 1891 1674 1927 procedit;
1689 1891 1753 1926 quia

961 1947 1024 1968 cum
1049 1947 1105 1966 una
1136 1946 1253 1974 persona
1279 1938 1315 1966 sit
1341 1937 1557 1973 alteriazqualis,
1573 1945 1627 1964 non
1652 1937 1754 1964 dicitur

961 1985 1074 2013 alterius
1084 1992 1144 2013 esse
1157 1984 1264 2012 ratione
1277 1983 1457 2019 subjectionis
1476 1988 1523 2011 aut
1538 1983 1690 2017 servitutis,
1706 1984 1754 2023 sed

961 2032 1067 2060 ratione
1080 2031 1214 2067 originis;
1242 2031 1358 2066 proinde
1375 2031 1398 2058 si
1417 2031 1535 2066 Spiritus
1559 2035 1670 2059 sanctus
1684 2031 1754 2058 dici-

964 2083 1008 2107 tur
1020 2078 1138 2115 Spiritus
1152 2078 1223 2112 Filii,
1237 2078 1292 2114 jam
1305 2086 1320 2107 a
1332 2078 1401 2106 Filio
1411 2078 1536 2113 procedit
1560 2078 1606 2114 (cf.
1636 2079 1754 2105 Demctr.

962 2125 1067 2160 Cydon.
1097 2124 1135 2152 De
1160 2131 1233 2159 prec.
1264 2123 1360 2159 Spirit.
1384 2128 1470 2151 sanet.
1487 2131 1512 2151 c.
1537 2123 1594 2159 10).
1624 2123 1756 2151 Prmelare

962 2169 1070 2198 Manuel
1085 2169 1198 2198 Calecas
1211 2173 1307 2198 contra
1321 2168 1432 2197 Graecos
1446 2169 1482 2196 ita
1493 2169 1614 2204 disputat
1630 2178 1636 2196 :
1661 2178 1670 2194 ι
1686 2169 1755 2196 Cum

964 2223 1048 2242 unum
1065 2215 1180 2242 alterius
1203 2215 1255 2242 dici
1270 2214 1312 2242 vel
1339 2214 1422 2249 hujus
1441 2214 1579 2249 proprium
1604 2213 1631 2240 in
1644 2214 1755 2246 divinis,

963 2260 1064 2296 rejecta
1078 2261 1192 2288 materia
1208 2265 1236 2288 et
1253 2261 1287 2288 iis
1302 2268 1363 2295 quae
1374 2260 1518 2287 materiam
1539 2265 1755 2295 consequuntur,

964 2315 1054 2343 neque
1080 2311 1210 2342 tanquam
1240 2307 1407 2340 membrum,
1428 2313 1518 2340 neque
1546 2309 1576 2333 ut
1605 2305 1755 2340 possessio,

962 2361 1052 2389 neque
1063 2353 1168 2381 ratione
1176 2353 1291 2388 alicujus
1302 2352 1472 2380 excellentia:
1485 2352 1527 2379 vel
1539 2351 1651 2379 alterius
1662 2351 1756 2386 cujus-

962 2399 1037 2435 piam
1073 2398 1212 2426 afﬁnitatis
1251 2398 1305 2426 diei
1336 2401 1431 2433 queat,
1455 2397 1504 2425 sed
1535 2398 1641 2425 ratione
1668 2398 1756 2425 solum

936 2478 942 2483 _
964 2445 1089 2482 principii
1108 2451 1136 2474 et
1149 2446 1209 2481 ejus
1227 2445 1301 2481 quod
1315 2448 1359 2472 est
1385 2451 1400 2471 a
1425 2443 1573 2479 principio,
1588 2444 1616 2471 in
1632 2451 1686 2479 quo
1702 2451 1757 2472 uno

965 2531 1010 2553 tur
1025 2525 1108 2552 verba
1125 2524 1213 2559 posita
1229 2528 1304 2556 nota,
1320 2524 1364 2552 85.

1002 2560 1058 2595 (82)
1078 2558 1155 2587 Becc.
1171 2560 1257 2595 epigr.
1275 2559 1301 2589 5,
1316 2559 1336 2595 l.
1353 2567 1378 2595 c.
1395 2567 1422 2595 p.
1440 2558 1493 2586 574
1506 2568 1523 2595 :7
1534 2558 1758 2595 ‘Axayrjydpq-rov

964 2593 1012 2622 οὖν
1031 2593 1085 2630 ἄρα
1098 2593 1239 2626 παντελῶς
1253 2595 1300 2630 καὶ
1315 2593 1450 2629 λοιᾶορίας
1471 2594 1580 2630 ἁπᾲσης
1597 2593 1654 2626 ἔξω
1667 2594 1758 2630 {elae-

964 2628 1160 2657 ταιτδλαϐεἰν
1182 2629 1310 2663 λέγεσθαι
1323 2637 1349 2655 τι
1370 2628 1448 2664 παρὰ
1475 2629 1522 2656 τοῦ
1541 2629 1712 2664 Μονογενοῡς
1727 2628 1758 2655 τὸ

966 2666 1080 2700 Πνεῦμα
1106 2665 1209 2692 αὑτοῦ·
1232 2664 1328 2700 προϊὸν
1347 2663 1459 2700 γᾴρδῦ
1484 2663 1757 2700 αὑτοῦνφνσιξεῶςᾉῷς

966 2697 1130 2727 remeam-3
1147 2700 1217 2735 μετὰ
1240 2697 1407 2735 τεᾲντωνῶν
1426 2699 1483 2734 ἔχει
1507 2697 1631 2735 catellae,
1649 2698 1758 2735 λαμίσξᾴ-

965 2745 1022 2763 νειν
1034 2732 1195 2769 λέγεταίτὰ
1205 2734 1299 2763 αὑτοῦ.
1310 2734 1351 2762 (1f.
1368 2732 1507 2769 sequi‘ap.
1518 2734 1635 2761 Beccqu
1652 2741 1679 2768 p.
1693 2732 1756 2769 576ξ

965 2771 1058 2806 Cyrilli
1073 2768 1156 2806 verba
1185 2770 1312 2806 inrloan.
1330 2777 1377 2806 xx,
1390 2768 1436 2802 22,
1457 2768 1510 2806 una
1527 2777 1589 2806 cum
1604 2768 1758 2806 _A»nast_asii

966 2803 1042 2834 textu
1060 2805 1088 2832 in
1099 2805 1147 2832 lib.
1165 2805 1234 2840 Περὶ
1248 2805 1303 2841 {div
1318 2804 1379 2841 καθ’
1392 2806 1466 2841 ὴμᾷς
1476 2803 1684 2841 ἓτῆςέἀλῃθείαςέ
1695 2803 1759 2841 δογτ

967 2842 1064 2904 βάτων
1111 2838 1223 2868 adducit
1236 2874 1242 2881 .
1256 2838 1418 2875 Gregorius"
1433 2839 1494 2875 Cpl.
1509 2838 1596 2880 'Apol.
1624 2846 1648 2866 c.
1676 2838 1758 2866 Marci

985 2876 1069 2904 .nhes.
1088 2875 1214 2904 Coufcss.
1236 2883 1263 2903 In
1278 2876 1340 2904 cod.
1358 2874 1464 2903 Monac.
1481 2874 1526 2904 “27,
1541 2876 1560 2903 t.
1576 2874 1638 2901 H9.

983 2876 1069 2912 iphes.
1088 2875 1214 2904 Coufcss.
1236 2874 1263 2903 in
1278 2874 1340 2904 cod.
1358 2874 1464 2903 Monac;
1481 2874 1526 2908 “27,
1541 2874 1560 2903 t‘.
1576 2874 1638 2901 H9.
