1945 3088
208 141 261 174 ω

788 145 918 174 l’HOTlI
940 145 1196 176 PATRIARCH/‘E
1215 145 1269 175 (ΖΡ.

1789 142 1839 177 410

209 199 325 226 alterum
340 199 374 227 ab
391 199 477 226 altero
498 199 616 226 discerni
640 199 911 234 comprehendimus,
937 208 999 235 per-
1013 204 1036 231 Α
1052 209 1146 228 vocem
1162 199 1307 227 immittis?
1322 199 1362 234 (C.
1380 198 1438 234 δῦ.)
1456 199 1527 226 Dixit
1543 208 1550 226 :
1566 199 1696 234 Spiritum
1712 199 1774 227 Filii
1789 203 1836 228 sui.

210 245 335 279 spieuum
349 249 401 272 est.
418 252 481 271 cum
501 244 617 272 dicimus
642 245 775 279 Spiritum
796 250 921 272 sanctum
934 254 996 280 pro-

211 292 300 324 prium
313 299 373 319 esse
386 291 456 322 Filii,
472 291 497 318 id
510 291 567 318 sola
577 291 622 318 illa
631 290 758 326 principii
770 292 875 319 ratione
885 291 998 327 intelligi

211 333 290 371 posse
307 337 373 371 (85).
400 347 408 362 1
428 337 502 372 ι182]
517 337 631 372 Egregie
652 344 761 371 quoque
776 337 886 364 disserit
903 336 999 364 Bessa-

212 385 270 411 rion
283 383 368 418 (Orat.
387 384 475 418 dogm.
491 392 515 410 c.
541 383 572 416 6;
593 382 676 410 Hard.
692 382 738 415 1X,
753 383 837 415 540):
856 392 864 408 I
883 383 999 418 Spiritus

212 437 320 463 quoque
333 429 472 456 relativum
487 437 580 455 nomen
598 433 641 455 est
654 433 681 455 et
701 429 735 455 ad
752 430 900 463 spirantem
914 428 999 456 reler-

210 480 268 508 tur;
281 479 308 502 et
321 475 400 508 cujus
415 475 515 502 dicitur
527 474 655 509 Spiritus,
672 474 705 501 ab
717 474 762 501 illo
774 474 856 501 etiam
869 474 996 509 spiratur.

208 521 286 553 Quod
317 521 390 548 cnim
418 521 569 555 personalia
590 520 702 547 nomina
727 518 870 547 Trinitatis
886 519 998 548 relativa

208 567 274 600 sint,
292 567 384 594 nullus
400 567 517 602 ignorat.
536 566 679 594 Personale
697 574 764 594 vero
783 574 884 594 nomen
909 566 999 602 Spiri-

208 617 253 640 tus
267 620 339 644 esse.
355 612 428 647 quod
445 611 564 648 Spiritus
576 616 689 639 sanctus
703 611 820 643 dicatur,
837 619 919 639 nemo
934 611 998 639 inﬁ-

207 659 295 686 ciatur
318 658 549 694 quemadmodum
566 657 654 685 Patris
674 656 757 684 Pater
770 662 798 684 et
821 657 882 684 Filii
899 656 997 690 Filius,

208 710 236 733 ct
257 705 414 733 necessario
439 705 596 738 relativum,
625 704 854 740 quemadmodum
876 708 903 732 et
933 703 996 737 illa;

208 751 342 786 siquidem
364 752 483 778 essentia
504 759 560 778 non
575 755 649 782 sunt,
673 758 726 778 nec
739 750 813 778 aliud
828 750 908 778 estin
925 750 998 778 divi-

207 798 252 825 nis
270 802 368 832 prazter
385 798 531 825 essentiam
544 801 572 825 et
582 797 740 825 relationes.
762 796 996 830 Quemadmodum

205 844 299 879 igitur,
315 843 400 871 Filius
415 851 478 871 cum
505 843 541 871 sit
562 834 665 871 nomen
680 843 835 876 relativum,
853 848 880 870 et
893 842 996 870 refera-

206 895 250 916 tur
265 890 298 916 ad
319 890 439 923 Patrem,
469 897 596 917 veremur
615 889 714 916 Filium
740 889 860 924 Spiritus
887 889 993 920 dicere,
1011 881 1032 908 Β

205 943 241 962 ne
263 935 383 971 Spiritus
404 940 480 971 pater
497 936 557 971 ejus
577 940 730 970 putaretur,
759 935 796 962 ita
820 939 848 962 et
864 934 993 969 Spiritus,

203 989 267 1009 cum
281 982 317 1009 sit
334 990 434 1010 nomen
447 982 591 1009 relativum
608 986 636 1009 et
655 981 812 1009 necessario
831 981 864 1008 ad
888 981 995 1015 spiran-

204 1033 260 1055 tem
277 1029 422 1062 referatur,
443 1029 477 1056 ab
498 1036 531 1056 eo
546 1027 626 1057 etiam
645 1028 774 1063 spiratur,
803 1027 881 1063 cujus
896 1027 996 1055 dicitur

203 1077 324 1112 Spiritus
338 1083 399 1103 esse
411 1074 478 1111 (84).
498 1084 507 1100 ι
525 1074 651 1109 Denique
665 1073 758 1101 Patres
779 1081 833 1101 non
853 1073 941 1100 solum
955 1073 995 1100 la-

204 1124 254 1150 tini
275 1123 327 1157 (cf.
344 1131 369 1149 ν.
386 1129 428 1156 gr.
444 1121 513 1156 Aug.
526 1120 566 1147 De
583 1120 656 1147 Trin.
674 1127 712 1153 Iv,
726 1119 783 1154 211),
802 1127 897 1147 verum
913 1120 994 1147 etiam

202 1169 290 1196 Graeci
304 1169 370 1195 ἴδιον
383 1166 497 1202 Πνεῦμα
512 1165 560 1193 τοῦ
586 1165 652 1192 Υἱοῦ
667 1173 698 1193 ea
711 1165 816 1193 ratione
842 1166 947 1198 dicunt,
966 1171 996 1194 ut

204 1215 269 1242 inde
281 1213 400 1249 Spiritus
415 1221 431 1240 a
442 1212 512 1240 Filio
524 1212 602 1247 origo
613 1212 692 1246 plane
702 1211 905 1244 manifestetur,
920 1212 993 1247 quod

203 1269 259 1296 prae
274 1260 383 1289 caeteris
395 1259 523 1287 Petavius
541 1259 591 1293 (De
611 1257 682 1285 Trin.
700 1265 748 1290 vu,
773 1265 798 1284 c.
814 1258 841 1290 4,
860 1256 901 1292 §8
923 1258 993 1293 seq.)

202 1307 334 1334 ostendit.

241 1353 282 1380 12.
300 1352 352 1379 Sed
367 1359 476 1378 omnem
493 1354 584 1378 movet
603 1349 717 1377 Photius
740 1349 871 1383 lapidem,
887 1354 917 1376 ut
933 1349 994 1376 ina-

202 1408 265 1427 nem
281 1403 363 1433 atque
374 1397 520 1425 absurdam
533 1397 614 1424 talem
631 1396 735 1423 Paulini
751 1395 824 1422 ell‘ati
841 1395 995 1430 intelligen-

203 1445 268 1471 tiam
277 1443 414 1471 ostendat.
427 1442 454 1469 ln
468 1443 563 1477 primis
575 1442 670 1469 eodem
681 1441 808 1472 artilicio,
821 1441 893 1475 quod
906 1449 930 1469 c.
959 1440 994 1468 20

204 1499 262 1524 seq.
277 1490 351 1517 circa
369 1489 452 1516 verba
466 1487 568 1515 Christi
578 1487 658 1514 Joun.
685 1495 741 1518 xvi,
761 1487 804 1518 15,
820 1487 993 1518 adhibuerat,

1053 247 1136 275 Recte
1151 246 1263 274 omnino
1284 253 1316 273 ac
1331 254 1380 281 pro
1396 246 1529 280 sapientia
1548 246 1601 281 ipsi
1621 246 1751 273 divinitus
1766 247 1836 275 data.

1052 294 1093 320 'l‘u
1117 300 1182 320 vero
1206 292 1270 327 quid
1296 299 1390 319 vocem
1409 292 1563 324 adulteras,
1589 297 1616 320 et
1643 300 1704 327 quae
1731 293 1835 327 quidem

1052 340 1129 370 dixit.
1147 347 1201 365 non
1219 338 1297 370 dicis,
1320 346 1380 372 quae
1404 342 1495 365 autem
1511 346 1546 364 ne
1567 338 1699 373 cogitavit
1719 339 1835 373 quidem,

1051 385 1131 420 quasi
1160 385 1194 412 ab
1228 385 1274 411 illo
1291 384 1362 411 dicta
1388 384 1536 419 praedicare
1561 391 1617 411 non
1640 384 1800 411 erubescis?
1824 393 1833 410 ›

1053 431 1094 466 (C.
1117 430 1173 463 51.)
1187 430 1241 457 Sed
1260 429 1330 462 inec,
1344 429 1384 456 uti
1401 434 1500 456 cmtera
1521 429 1666 464 ejusmodi,
1690 438 1759 456 vana
1776 434 1835 457 sunt

1050 476 1228 509 declamatio;
1260 475 1327 503 illud
1347 483 1432 502 unum
1453 476 1599 510 quaeritur,
1627 483 1746 510 quonam
1760 480 1836 510 pacto

1051 530 1084 549 ex
1097 521 1174 550 Pauli
1194 521 1285 549 verbis
1306 521 1396 548 Latini
1411 528 1488 548 suam
1503 521 1656 548 doctrinam
1684 521 1835 555 stabiliant;

1051 572 1133 602 atque
1146 567 1257 602 planum
1269 571 1311 594 est
1333 575 1387 594 non
1413 567 1510 594 deesse
1541 565 1575 594 iis
1605 571 1765 602 argumenta
1780 567 1837 602 qni-

1050 614 1102 642 bus
1121 621 1198 641 suam
1224 612 1430 640 conclusionem
1461 611 1637 639 conﬁrment.
1664 612 1721 639 lloc
1749 612 1836 647 potius

1049 658 1196 687 videndum
1209 663 1261 690 est,
1278 658 1345 693 quid
1363 657 1460 685 Photio
1475 662 1589 684 auctore
1605 657 1680 684 Pauli
1690 657 1796 692 phrasis
1808 657 1837 684 τὸ

1053 704 1167 740 Πνεῦμα
1182 703 1230 730 τοῦ
1247 703 1313 730 Υῐοῦ
1337 703 1390 731 sibi
1408 703 1484 731 velit.
1508 703 1532 731 ls
1558 703 1649 738 itaque
1666 703 1834 738 potissimum

1050 750 1083 778 ad
1098 749 1198 777 nudam
1213 747 1513 776 consubstantialitatem
1529 749 1613 775 verba
1627 748 1669 775 illa
1684 749 1835 784 detorquet;

1049 795 1078 824 id
1102 795 1156 823 illis
1181 794 1331 822 indicatum
1358 799 1464 826 censet,
1490 794 1563 829 quod
1586 793 1706 828 Spiritus
1731 803 1786 822 non
1803 795 1836 822 sit

1049 842 1155 870 alienus
1162 849 1177 868 a
1185 839 1253 868 Filio
1261 841 1297 875 (c.
1308 840 1352 874 49)
1361 840 1432 875 quod
1441 839 1564 875 ejusdem
1571 844 1676 867 naturae
1687 848 1748 867 cum
1759 840 1833 873 Filio,

1046 887 1167 923 ejusdem
1174 887 1311 918 essentiaa,
1318 886 1440 921 ejusdem
1449 885 1551 921 gloria),
1559 885 1680 920 ejusdem
1690 886 1802 914 honoris
1811 889 1837 914 et

1046 931 1408 965 dominationisexsistat(c.
1421 931 1477 966 51).
1495 930 1561 964 «Qui
1576 931 1659 966 igitur
1672 931 1836 966 dicitSpiri-

1046 985 1103 1007 tum
1121 979 1194 1012 Filii,
1211 984 1316 1006 natura:
1325 977 1434 1013 quidem
1441 978 1501 1004 sine
1512 977 1565 1004 ulla
1575 977 1731 1005 diﬂerentia
1741 978 1836 1005 edocet

1046 1026 1191 1055 unitatem,
1208 1024 1372 1059 principium
1389 1030 1455 1050 vero
1467 1023 1652 1057 processionis
1665 1022 1741 1049 nullo
1756 1023 1835 1050 modo

1045 1070 1127 1098 simul
1138 1070 1259 1102 indicat;
1280 1069 1414 1096 unitatem
1436 1068 1587 1095 secundum
1616 1068 1764 1096 essentiam
1785 1076 1835 1096 no—

1046 1117 1094 1150 vit,
1110 1124 1173 1144 eum
1194 1115 1238 1150 qui
1264 1115 1379 1150 aequalis
1402 1118 1509 1142 natura:
1526 1114 1686 1149 hypostasin
1708 1115 1836 1149 producit

1045 1163 1119 1191 nulla
1136 1170 1248 1198 prorsus
1267 1162 1373 1189 ratione
1391 1160 1472 1188 simul
1487 1161 1617 1195 praedicat
1629 1168 1718 1196 neque
1733 1162 1836 1196 princi-

1044 1213 1119 1247 pium
1137 1211 1258 1239 insinuat
1288 1220 1297 1236 ι
1313 1209 1405 1244 (lbid.)
1421 1209 1524 1237 Deinde
1539 1210 1619 1237 docet
1639 1211 1674 1246 (c.
1700 1211 1745 1245 55)
1770 1219 1837 1238 con-

1045 1257 1254 1285 substantialem
1278 1255 1353 1292 [184]
1368 1263 1428 1283 esse
1454 1255 1587 1291 Spiritum
1617 1257 1703 1290 Patri,
1720 1257 1785 1291 quia
1802 1265 1836 1285 ex

1044 1304 1105 1338 ipso
1118 1303 1241 1338 procedit
1254 1311 1261 1335 ;
1274 1302 1539 1330 consubstantialem
1557 1302 1636 1336 Filio,
1649 1303 1788 1338 «nonquia
1804 1299 1836 1330 εὶ

1045 1349 1104 1384 ipso
1113 1349 1234 1383 procedit
1248 1349 1354 1384 (apage.
1370 1355 1432 1375 cum
1464 1355 1554 1383 neque
1580 1347 1626 1375 ille
1648 1348 1712 1375 huic
1727 1353 1837 1383 propter

1045 1395 1273 1430 generationem),
1290 1394 1337 1422 sed
1346 1395 1409 1429 quia
1427 1402 1459 1422 ex
1477 1402 1530 1421 unc
1550 1399 1577 1422 et
1590 1394 1747 1422 indivisibili
1761 1395 1838 1429 prin-

1045 1441 1116 1476 cipio
1141 1441 1175 1468 ab
1192 1446 1297 1468 mterno
1313 1440 1411 1475 aequali
1427 1440 1526 1468 ordine
1548 1441 1658 1476 utrique
1682 1441 1836 1476 progressio

1045 1492 1098 1515 est.
1117 1498 1125 1513 ι

205 1526 411 1563 ionclusionem
428 1542 443 1561 e
461 1534 552 1562 Galat.
569 1541 606 1565 tv,
628 1532 644 1560 6
664 1532 807 1560 deductam
830 1532 993 1559 contrariam

1082 1533 1126 1560 15.
1142 1532 1242 1560 Verum
1259 1532 1512 1560 oenominationem
1535 1532 1649 1567 Πνεῦμα
1663 1533 1709 1559 τοῦ
1725 1532 1791 1559 Υἱοῦ
1805 1540 1838 1560 ac

204 1581 337 1609 doctrina:
345 1579 449 1607 Christi
462 1579 575 1615 ellingit,
596 1578 823 1612 adversariosque
838 1577 912 1614 [185]
922 1577 994 1605 Pau-

205 1627 259 1653 lum
277 1633 338 1654 cum
350 1625 494 1654 Servatore
510 1625 680 1652 committere
692 1629 719 1651 et
734 1623 832 1659 injuria
847 1628 994 1658 utrumque

203 1671 312 1699 allicere
327 1671 486 1706 pronuntiat
512 1669 549 1706 (c.
569 1670 626 1705 48).
646 1669 750 1697 Deinde
773 1679 782 1695 ι
808 1669 936 1702 Ubinam,
951 1669 994 1696 in-

204 1717 264 1752 quit
279 1720 314 1750 (c.
332 1717 390 1752 49),
401 1716 502 1744 Paulus
511 1715 598 1743 edixit
613 1715 746 1750 Spiritum
762 1723 795 1742 ex
814 1714 883 1742 Filio
898 1722 993 1750 procc-

203 1763 286 1790 dere?
302 1762 364 1789 Esse
386 1762 495 1798 quidem
520 1761 585 1789 Filii
613 1762 713 1797 (neque
737 1763 809 1789 enim
832 1761 937 1789 alienus
960 1762 994 1789 ab

203 1810 273 1844 ipso,
289 1809 360 1844 quod
377 1809 456 1841 absit)
473 1814 501 1836 ct
516 1808 561 1835 ille
573 1808 641 1836 dixit
658 1813 686 1835 et
708 1808 828 1836 Ecclesia
842 1808 900 1841 Dei,
911 1808 994 1835 simul

203 1855 350 1883 conﬁtetur
366 1854 564 1889 intclligitque;
592 1854 741 1889 procedere
757 1859 848 1881 autem
871 1862 905 1881 ex
926 1853 994 1880 Filio

202 1909 293 1936 neque
311 1909 345 1928 ex
367 1901 426 1936 ejus
450 1900 528 1928 labiis
549 1892 661 1928 divinis
673 1901 755 1928 rebus
773 1901 882 1936 repletis
896 1901 995 1935 prodiit

203 1955 334 1982 unquam.
356 1955 445 1982 neque
461 1947 567 1981 piorum
584 1946 719 1981 quispiam
746 1947 848 1981 scripto
871 1946 993 1981 protulit,

204 1995 259 2020 imo
272 2001 307 2020 ne
322 1993 433 2020 auribus
441 1993 552 2028 quidem
571 1993 642 2020 hanc
657 1992 853 2027 blasphemiam
867 1993 994 2028 excipere

203 2040 342 2067 toleraret.
358 2042 394 2073 (c.
412 2039 470 2073 49).
486 2049 495 2065 ι
525 2038 591 2066 Inde
622 2039 716 2074 exigit,
744 2044 774 2066 ut
799 2039 867 2066 nihil
889 2039 995 2066 dicatur

203 2090 303 2121 prater
320 2085 346 2113 id
366 2085 438 2120 quod
451 2086 518 2112 dixit
531 2085 688 2120 Apostolus,
706 2090 736 2112 ut
752 2086 812 2120 ejus
825 2086 906 2113 verba
930 2086 995 2113 reti-

202 2136 322 2160 neantur
338 2139 389 2159 nec
406 2132 453 2159 tali
474 2131 644 2167 expositione
658 2132 847 2159 immutentur.
862 2132 922 2165 Quo
940 2132 992 2160 ista

202 2183 329 2213 spectant
347 2187 353 2206 :
371 2188 380 2204 ι
396 2178 487 2211 Quare
515 2177 598 2214 igitur
616 2185 671 2205 non
685 2181 713 2205 et
727 2182 754 2205 tu
779 2179 836 2205 haec
849 2178 927 2210 dicis,
945 2178 992 2205 scd

1046 1579 1150 1607 similes
1168 1580 1195 1605 in
1222 1579 1316 1606 biblico
1342 1582 1370 1605 et
1393 1578 1531 1613 patristico
1559 1586 1686 1605 sermone
1708 1578 1741 1605 ad
1756 1586 1838 1605 unam

1046 1626 1359 1654 consubsiantialitatem
1374 1625 1548 1652 referendam
1574 1633 1635 1652 esse
1661 1625 1742 1652 inane
1758 1633 1838 1660 pror-

1046 1679 1093 1700 sus
1107 1677 1135 1698 et
1150 1671 1247 1698 falsum
1274 1675 1315 1697 cst
1343 1670 1411 1697 Nam
1429 1669 1450 1703 l)
1480 1670 1561 1697 latius
1576 1674 1650 1705 patet
1667 1669 1768 1696 dictio:
1792 1670 1838 1697 hic

1046 1723 1088 1746 est
1103 1719 1185 1747 illius,
1205 1725 1286 1752 quam
1298 1715 1448 1752 propositio
1461 1710 1471 1743 Ξ
1491 1716 1538 1744 hic
1546 1721 1589 1744 cst
1604 1716 1640 1742 illi
1654 1716 1838 1743 consubstan-

1046 1766 1128 1794 tialis.
1149 1765 1227 1798 Quod
1251 1765 1278 1790 in
1311 1764 1406 1798 primis
1421 1764 1466 1798 qui
1494 1763 1658 1799 peculiarem
1690 1767 1837 1790 tractatum

1045 1818 1140 1841 contra
1164 1816 1318 1839 asserentes
1343 1810 1476 1846 Spiritum
1499 1810 1546 1838 τοῦ
1573 1810 1639 1837 Υἱοῦ
1660 1810 1714 1838 diri
1741 1810 1785 1836 διὰ
1806 1811 1838 1836 τὸ

1044 1860 1187 1894 ὁμοούσιον
1201 1859 1217 1894 ἢ
1233 1858 1278 1885 διὰ
1291 1858 1321 1885 τὸ
1337 1858 1515 1893 χορηγεῖσθαι
1528 1858 1573 1884 ὑπ’
1585 1857 1666 1884 αὑτοῦ
1679 1858 1734 1888 τοῖς
1748 1856 1838 1889 agam;

1045 1905 1219 1938 conscripsit,
1232 1903 1357 1938 Georgius
1368 1903 1541 1938 Pacltymercs
1554 1908 1631 1939 urget
1644 1903 1685 1937 (C.
1698 1903 1728 1930 0.
1742 1902 1762 1935 Ι,
1772 1904 1836 1938 595)

1045 1949 1159 1977 dicens:
1180 1959 1188 1975 ι
1208 1949 1329 1982 Quilibet
1354 1946 1484 1976 fatebitur
1500 1950 1558 1976 τόδε
1575 1950 1652 1976 τοῖιδέ
1667 1959 1740 1981 τινος
1762 1949 1834 1976 εἶναι.

1045 1996 1228 2023 universalius
1257 1995 1397 2030 praedicari
1430 1996 1572 2030 (ἐπιπλέον
1596 1993 1678 2030 εἶναι)
1698 2004 1780 2031 quam
1807 1997 1840 2022 τὸ

1044 2041 1199 2076 ὀμοούσιον.
1219 2041 1320 2069 Domus
1347 2042 1449 2068 etenim
1477 2042 1536 2069 hzec
1561 2041 1684 2070 Socratis
1708 2048 1736 2069 et
1759 2042 1840 2069 sedes

1045 2087 1188 2120 Platonis;
1207 2087 1255 2114 sed
1279 2095 1335 2114 non
1350 2088 1594 2115 consubstantialis
1609 2092 1661 2119 est,
1681 2096 1770 2122 neque
1787 2089 1840 2114 do-

1045 2141 1117 2165 mns,
1129 2141 1218 2168 neque
1236 2133 1315 2161 sedes
1330 2133 1501 2168 philosophis
1520 2133 1582 2160 illis.
1604 2144 1613 2158 ι
1634 2133 1739 2160 Revera
1753 2134 1841 2160 immi-

1045 2179 1153 2206 nativus
1179 2178 1299 2213 Spiritus
1311 2186 1372 2206 cum
1392 2179 1514 2214 genitivo
1529 2178 1590 2206 Filii
1606 2179 1709 2206 nemini
1737 2179 1841 2214 ingerit

202 2231 286 2258 prave
309 2224 387 2259 agis,
416 2223 506 2250 omnia
538 2223 675 2257 susdeque
710 2224 792 2251 vertis
820 2228 847 2251 et
879 2224 993 2251 verbum
1010 2227 1032 2255 D
1048 2225 1341 2253 consubstantialitatis
1357 2225 1456 2252 ideam.
1475 2225 1575 2252 Verum
1590 2224 1622 2259 ll)
1643 2225 1708 2252 nihil
1726 2225 1842 2259 prodest.

202 2269 337 2303 praeconis
356 2268 491 2304 pervertis
502 2272 539 2301 et,
556 2268 628 2302 quod
646 2269 756 2303 gravius
766 2274 817 2300 est,
835 2269 905 2296 hanc
921 2273 994 2297 tuam

204 2315 409 2349 perversionem
426 2317 508 2348 atque
525 2313 762 2348 blasphemiamin
774 2313 859 2348 ipsum
873 2314 994 2342 doctoris

239 2413 295 2449 (85)
315 2412 441 2449 Graecu_m
464 2411 598 2449 Manuelis
621 2415 726 2449 te_xtu_m
744 2410 859 2449 dat_Le0
874 2411 993 2449 _All_at_ius

207 2446 309 2474 Viitdic.
326 2456 384 2482 syn.
402 2446 470 2482 Eph.
489 2455 515 2482 p.
536 2447 605 2473 1‘24:
625 2446 711 2482 Ἐπεὶ
725 2447 779 2482 γὰρ
795 2447 824 2472 ἐν
845 2447 898 2477 τοῖς
913 2446 995 2478 θείοις

200 2483 261 2510 τάδε
275 2481 363 2513 τοῦδέ,
380 2482 430 2516 τῆς
447 2481 514 2516 ὕλής
531 2482 578 2508 καὶ
595 2481 649 2507 τῶν
665 2482 693 2508 ἐν
711 2481 780 2515 αὐτῇ
794 2482 994 2516 παρεπομένων

202 2515 417 2552 ἁπεληλαμένῳν
425 2516 526 2548 οὔθ’ὠς
537 2515 687 2552 μέ).ος,οὖθ’
695 2516 733 2547 ὡς
742 2516 845 2550 κτῆμα,
853 2516 913 2552 alios
923 2517 994 2543 κατά

201 2561 264 2579 τινα
274 2551 412 2587 ὑπεροχὴν
421 2553 467 2578 καὶ
477 2551 606 2586 τοιαύτην
615 2552 698 2585 ἄλλην
710 2552 864 2587 οἰιειόῑητα
873 2551 992 2583 λέγεται,

202 2587 275 2614 κατὰ
284 2587 313 2613 δὲ
324 2583 404 2622 μόνὸῖι
411 2587 497 2613 αἴτιον
506 2587 552 2613 καὶ
559 2583 691 2617 uiua—.59.
703 2587 731 2611 ἐν
743 2583 764 2619 ᾧ
777 2583 850 2621 μόνῳ
862 2587 892 2612 τὸ
901 2587 943 2612 Ere
949 2595 994 2621 ρον

201 2623 248 2649 τοῦ
263 2622 357 2657 ἑτέρου
368 2622 557 2656 διακρίνεσθαι
569 2621 817 2656 καταλαμϐάνομεν
832 2622 902 2654 {htec
911 2622 993 2657 Gt‘eg.

202 2659 280 2696 Nyss.
291 2656 400 2696 asserit.
413 2658 478 2696 Vide
491 2657 558 2696 intra
570 2662 672 2696 art._iv,
687 2656 737 2696 §'7_,
750 2662 814 2696 nota
827 2656 992 2696 thbgvepoir,

201 2690 243 2720 ὃέι
260 2693 308 2720 καὶ
322 2693 353 2718 τὸ
372 2692 503 2726 λέγεσθαι
520 2692 585 2718 ἴδιον
603 2690 730 2718 εἶναιέοὖ
750 2691 814 2718 Υἰοῦ
832 2692 862 2717 τὸ
879 2690 994 2726 Πνεῦμα

202 2729 275 2756 κατὰ
303 2728 398 2754 τοῦτον
415 2728 495 2762 μόνον
514 2727 560 2753 τὸν
587 2727 636 2761 τῆς
660 2727 751 2758 uitia;
776 2727 853 2761 λόγῡν
880 2727 992 2754 δύναται

203 2762 475 2797 καταλαμϐάνεσθαι.

239 2797 296 2832 (81)
314 2796 370 2824 Καὶ
384 2798 415 2824 τὸ
430 2797 543 2831 Πνεῦμα
566 2796 732 2832 ἀναφορικόν
751 2798 824 2823 ἐστιν
845 2798 930 2832 ὅνῠμα
944 2798 992 2832 κα)

205 2833 274 2867 πρὸς
288 2830 344 2858 ’τὸν
367 2833 483 2859 πνέοντα
505 2830 662 2858 ἀποδίδοται
677 2831 705 2864 ἐξ
728 2832 862 2867 ἀνάγκης,
889 2830 935 2859 ita!
959 2830 990 2859 οὗ

208 2865 316 2900 λέγεται
333 2867 440 2902 πνεῦμα
452 2867 481 2899 ἐξ
495 2867 600 2894 ἐκείνου
618 2867 725 2898 πάντως
741 2865 912 2895 Mirm-sitat.
928 2869 988 2895 Ὅτι

1048 2271 1068 2298 si
1085 2271 1119 2299 de
1137 2271 1168 2298 iis
1182 2271 1267 2298 solum
1297 2276 1392 2306 agatur
1417 2279 1478 2306 quae
1499 2271 1736 2298 consubstantialia
1760 2271 1836 2298 novi-

1047 2327 1115 2345 mus.
1136 2328 1144 2343 ι
1164 2317 1241 2350 Quod
1257 2318 1290 2350 si,
1309 2328 1317 2344 ι
1344 2317 1380 2344 ita
1407 2318 1495 2353 pergit
1515 2317 1644 2352 praefatus
1659 2321 1766 2349 auctor,
1781 2326 1790 2342 ‹
1812 2317 1840 2343 in

1044 2416 1101 2451 frde
1117 2415 1273 2449 ἀναφσρικέι
1287 2417 1321 2441 τὰ
1339 2414 1509 2441 {amaracina
1540 2415 1661 2451 ὀνόματα
1675 2415 1729 2451 τῆς
1749 2415 1841 2450 Τριά-

1045 2450 1102 2485 δοξ,
1114 2451 1202 2482 οὐδεὶς
1218 2451 1339 2485 ἀντερεῖ·
1359 2450 1543 2476 ὑποστατικὸν
1555 2450 1582 2476 δὲ
1594 2451 1624 2476 τὸ
1639 2450 1687 2476 τοῦ
1705 2451 1842 2485 ΙΙνευμα-

1046 2494 1092 2517 τος
1108 2486 1194 2520 ὄνομα
1207 2485 1238 2511 τὸ
1259 2485 1372 2519 Πνεῦμα
1388 2485 1418 2511 τὸ
1440 2485 1517 2518 ἅγιον
1539 2485 1660 2521 λέγεέςαι,
1677 2485 1771 2521 ὥσπερ
1786 2486 1840 2512 καὶ

1046 2521 1093 2547 τοῦ
1108 2519 1216 2555 Παέρὸς
1235 2521 1248 2547 ὁ
1265 2521 1357 2555 Πατὴρ
1370 2521 1415 2546 κα),
1431 2521 1444 2546 ὁ
1462 2520 1523 2550 Υἱὸς
1537 2519 1583 2546 τοῦ
1602 2520 1667 2546 Tia?)
1684 2528 1690 2534 ·
1710 2519 1760 2547 καῖ
1774 2522 1841 2546 ἀναι-

1047 2556 1160 2591 φορικὸν
1179 2556 1208 2588 ἐξ
1224 2556 1357 2589 ἀνάγκης,
1375 2555 1468 2590 ὥςπερ
1480 2555 1622 2582 aculmina.
1636 2563 1642 2569 '
1662 2555 1740 2590 εἴπερ
1754 2556 1839 2582 οὐσία

1048 2590 1097 2626 μὲν
1111 2592 1161 2618 οὐκ
1175 2592 1259 2618 ἔστιν.
1277 2591 1341 2618 ἄλλο
1357 2591 1385 2617 δὲ
1402 2592 1476 2625 παρὰ
1491 2590 1540 2621 τὰς
1556 2591 1697 2626 ἁναφορᾲς
1719 2592 1765 2616 καὶ
1783 2592 1839 2625 τὴν

1045 2624 1141 2653 ὸὺσεαν
1153 2627 1181 2653 ὲν
1195 2628 1252 2658 rei;
1267 2626 1350 2657 ϐεἰοις
1367 2626 1416 2652 οὐκ
1428 2624 1511 2652 ἑὰτιν.
1530 2626 1635 2658 Ὥσπερ
1648 2624 1696 2652 ὀῦν
1712 2627 1758 2652 τὸν
1770 2626 1840 2652 Υὶὸν

1045 2661 1090 2688 διὰ
1102 2661 1132 2688 τὸ
1148 2662 1312 2696 ἁναφορικὲν
1329 2661 1414 2695 Empta
1427 2659 1496 2687 εἶναι
1508 2661 1556 2687 καὶ
1572 2660 1746 2696 ἀποδίδοσθαι
1764 2661 1841 2696 πρὸς

1045 2695 1302 2732 Πατέρα,δεδίάιμεν
1314 2697 1378 2723 Υἰὸν
1390 2696 1436 2732 τοᾷ
1451 2696 1612 2732 Πνεὺματοέ
1626 2695 1727 2732 λέγειν,
1738 2696 1780 2722 ἵνα
1789 2695 1840 2730 μὴ

1045 2732 1137 2766 πατὴρ
1152 2732 1234 2757 αὑτοῦ
1253 2732 1380 2767 νομισθῇ.
1399 2731 1475 2767 νοΰτω
1488 2732 1534 2757 καὶ
1544 2732 1574 2757 ab
1591 2731 1713 2766 Πνεῦμα,
1731 2733 1841 2767 ἀναφο-

1047 2767 1122 2801 ρικὸν
1136 2766 1222 2801 ὄνομα
1237 2766 1277 2798 ὃν,
1304 2768 1351 2793 καὶ
1368 2766 1475 2797 πάντως
1491 2767 1684 2799 ἀποδιδόμενον
1708 2766 1841 2801 nobs-rev

1017 2821 1026 2828 .
1043 2799 1172 2834 meum,
1185 2799 1218 2836 ἒξ
1241 2802 1347 2829 ἐκείνου
1372 2801 1418 2828 καὶ
1442 2802 1561 2834 πνεῖται,
1583 2800 1614 2830 οὗ
1629 2800 1744 2837 Πνεῦμα
1763 2799 1840 2828 εἶναι

1042 2837 1164 2871 λέγεται.
