1945 3088
106 133 155 166 Uti

459 135 507 164 DE
527 135 558 165 S.
579 135 679 165 SPIR.
698 118 952 164 MYSTAGOGIA.
966 146 1000 151 -
1018 133 1393 164 ANIMADVERSIONES.

1672 132 1737 166 ’442

107 188 372 216 consubstantialibus
383 189 462 215 etiam
475 188 537 214 solis
552 192 702 223 quaeratur,
722 187 834 215 minime
853 187 895 214 in—
910 191 932 218 Α
947 187 1046 222 quibus
1055 192 1242 215 commentum
1257 187 1322 215 illud
1333 188 1495 215 destruitnr.
1509 198 1519 214 ε
1534 189 1586 222 Qui
1598 195 1735 223 asserunt,

107 235 259 267 veniemus,
275 234 304 261 in
319 233 598 261 consubstantialibus
612 233 739 261 omnibus
759 233 834 268 sequi
845 233 898 260 hoc

107 283 222 317 hujusce
245 289 317 313 esse,
340 281 387 308 sed
410 285 438 308 et
453 281 481 307 in
503 281 546 307 his
571 281 651 307 etiam
669 280 795 314 plurimis
810 279 899 307 modis

108 329 224 357 deﬁcere
237 326 414 361 comperitur.
429 325 676 353 Consnbstantialis
687 325 788 360 quippe
802 325 899 352 Petrus

108 380 151 403 est
164 374 247 402 Paulo
264 377 291 401 et
306 373 387 400 Petro
401 372 516 405 Paulus;
531 372 579 399 sed
594 379 684 406 neque
698 371 796 398 Paulus
813 371 898 404 Petri,

108 428 199 455 neque
212 421 310 449 Petrus
322 418 409 447 Pauli.
428 418 494 446 ldeo
521 418 609 445 multo
633 418 725 445 minus
746 418 852 452 patebit
872 417 901 443 τὸ

68 491 71 494 .
109 466 252 502 ὸμοοὺσιον
268 472 350 500 quam
364 465 394 490 τὸ
417 464 477 491 τάδε
493 463 571 490 τοῦδέ
600 471 673 494 τινος
694 460 765 489 εἶναι
793 463 842 489 καὶ
857 461 901 488 λέ-

108 512 216 548 γεσθαι.
244 511 322 538 Tunc
348 511 422 538 enim
451 510 564 538 omnino
584 510 676 537 minus
701 509 901 536 dill'underetur

109 557 355 590 consubstantiale,
371 564 454 592 quam
470 556 522 584 hoc
538 556 655 591 alicujus
670 563 732 583 esse
748 560 776 582 et
797 554 862 587 dici,
878 554 901 581 si

111 605 165 632 hoc
177 603 288 639 quidem
309 603 348 630 illi
365 610 401 630 ex
425 602 510 629 altera
538 606 617 636 parte
641 609 696 628 non
723 600 903 635 responderet

112 651 121 686 (
134 651 185 678 οὐκ
199 649 392 685 ἀντέστρεφε),
408 648 589 684 responderet
603 655 669 675 vero
686 655 718 674 ac
740 650 903 681 congrueret

111 697 178 724 huic
192 695 445 728 consubstantiale;
459 703 522 723 cum
539 703 605 722 vero
635 695 727 721 minus
740 693 775 721 sit
798 698 826 720 et
846 699 901 719 non

112 750 206 775 omne,
219 742 293 777 quod
306 745 349 769 est
368 741 452 769 alicui
473 739 717 773 consubstantiale,
731 739 813 773 huius
828 738 904 766 dica-

113 793 169 821 tur,
186 788 311 824 ampliori
323 795 453 815 mensura
467 785 694 814 consubstantiali
705 785 796 818 inerit,
811 784 904 812 minus

111 843 186 867 esse,
203 841 286 869 quam
303 834 350 866 illi,
367 833 441 868 quod
456 833 572 867 hujusce
584 837 634 859 est.
649 841 660 858 ι
680 831 809 858 Similiter
825 830 903 866 llugo

113 881 281 908 Etherianus
310 880 338 916 (l.
359 887 390 914 ll,
413 888 438 907 c.
463 879 508 911 20,
527 887 554 914 p.
585 878 688 912 1‘2'25):
710 877 778 905 Cum
808 883 904 904 omnes

114 927 239 955 homines
267 927 339 953 inter
367 934 396 953 se
418 926 474 953 sint
504 923 774 956 eonsubstantiales,
811 929 905 950 tamen

118 984 128 1000 ί
151 974 243 1001 nullus
256 973 338 1000 homo
353 971 428 1008 [185]
447 973 473 998 in
499 979 533 999 eo
550 971 623 1006 quod
638 971 720 998 homo
746 969 800 1004 (vel
823 969 905 996 alteri

113 1017 366 1050 ronsubstantialis)
383 1017 498 1044 alterius
515 1024 575 1044 esse
589 1016 698 1044 dicitur.
720 1024 730 1041 ι
754 1015 844 1050 Pergit
858 1013 904 1048 111)

115 1065 300 1100 Pachymeres
314 1064 354 1098 (p.
365 1063 429 1098 394)
443 1072 450 1090 :
467 1072 476 1088 ι
495 1061 552 1089 lloe
566 1069 696 1089 concesso
713 1060 906 1094 inquirendum

114 1117 167 1143 est,
183 1116 275 1138 utrum
304 1110 392 1146 magis
413 1117 442 1137 se
474 1109 606 1136 extendat
627 1115 710 1135 causa
733 1106 842 1143 (αἴτιον)
871 1113 907 1133 an

114 1158 230 1185 ell'ectus
245 1156 403 1192 (αἰτιατόν);
416 1156 482 1183 Sine
496 1156 580 1183 dubio
594 1162 687 1182 causa.
708 1154 799 1187 Quare
810 1153 832 1181 si
845 1153 908 1188 quis

114 1207 231 1239 quierat,
250 1211 299 1230 cur
313 1203 402 1230 lumen
418 1202 489 1229 radii
503 1201 604 1229 dicitur
617 1200 686 1236 (φῶς
706 1201 815 1231 ἀκτῖνος
828 1199 908 1233 λέγε-

115 1249 185 1284 ται).
209 1249 323 1276 stultum
345 1248 418 1276 foret
440 1248 607 1282 respondere
624 1255 630 1273 :
648 1246 713 1282 quia
727 1245 909 1273 consubstan-

117 1294 181 1322 tiale
205 1299 265 1326 est;
297 1294 345 1321 sed
373 1293 395 1320 si
425 1293 487 1328 quis
510 1292 668 1327 qtuesierit:
695 1291 837 1325 Quomodo
850 1291 909 1318 haec

117 1340 362 1368 consubstantialia
379 1345 454 1371 sunt.
467 1344 532 1367 tunc
549 1339 638 1367 locum
657 1339 741 1366 habet
754 1338 907 1374 responsio,

117 1387 182 1422 quia
196 1387 249 1414 hoc
266 1386 381 1421 hujusce
393 1386 503 1418 dicitur,
517 1386 580 1413 licet
597 1385 625 1412 in
640 1377 766 1421 pluribus
791 1385 910 1412 consub-

119 1431 293 1459 stantialibus
309 1431 335 1459 id
362 1439 444 1458 causa
470 1439 526 1458 non
552 1431 598 1458 sit.
624 1430 669 1458 Sic
685 1435 713 1458 et
728 1431 756 1457 in
769 1430 910 1465 proposita

118 1477 270 1512 quaestione
287 1477 423 1512 quispiam
445 1476 556 1504 audebit
571 1475 679 1503 ell‘erre.
705 1475 734 1502 Si
749 1475 835 1510 magis
856 1475 910 1502 late

119 1528 195 1558 patet
210 1532 271 1551 esse
286 1528 314 1550 et
328 1523 381 1551 dici
403 1523 537 1558 Spiritum
563 1522 636 1554 Filii,
657 1522 754 1558 utjam
775 1530 808 1550 ex
830 1522 910 1550 dictis

120 1571 155 1596 de
173 1568 455 1596 consubstantialitate
469 1567 548 1595 lateri
564 1568 706 1601 debemus.
723 1568 749 1596 si
765 1569 827 1603 quis
839 1576 913 1604 qua:-

121 1614 220 1642 sierit:
241 1614 331 1647 Quare
352 1614 596 1642 consubstantialis
617 1614 737 1649 Spiritus
767 1613 838 1642 Filio
854 1615 914 1642 est?

121 1661 263 1688 commode
275 1660 496 1695 respondebitur,
510 1660 583 1695 quod
595 1659 656 1687 Filii
675 1659 795 1695 Spiritus
812 1660 913 1688 dicitur

122 1707 241 1742 Spiritus
249 1711 479 1741 sanctus;neque
497 1707 571 1734 enim
599 1706 732 1733 ascilitius
746 1706 914 1742 (ἐπίκτητον)

123 1760 166 1780 est
179 1754 227 1786 illi,
241 1758 270 1780 ut
281 1753 359 1780 nobis
369 1758 432 1780 sunt
445 1761 476 1780 ea
487 1761 547 1787 qua:
558 1752 741 1788 possidemus,
751 1752 799 1780 sed
811 1758 916 1780 a-terno

122 1807 156 1827 ac
167 1800 282 1827 naturali
291 1799 371 1826 modo
382 1807 558 1833 promanans.
572 1798 650 1826 Sicut
660 1799 682 1826 si
693 1799 753 1832 quis
761 1803 914 1833 quzereret:

124 1847 216 1879 Quare
243 1845 483 1872 eonsubstantialis
506 1849 548 1871 est
574 1843 659 1872 Filius
678 1844 913 1876 Patri‘ldic-imus,

123 1894 189 1928 quia
212 1892 301 1919 Patris
322 1891 407 1918 Filius
429 1892 466 1918 sit
483 1890 586 1924 Filius;
613 1896 640 1918 et
665 1895 708 1918 est
738 1895 869 1926 praeterea
884 1899 919 1918 ex

125 1939 205 1966 Patre
220 1937 372 1965 secundum
387 1937 582 1970 substantiam,
594 1937 643 1964 sed
652 1944 707 1964 non
720 1936 758 1963 uti
771 1942 916 1963 creaturas.

126 1985 162 2012 At
180 1992 245 2012 vero
261 1984 426 2018 respondere
442 1983 475 2011 ad
494 1983 684 2018 qumstionem,
700 1990 750 2009 cur
768 1981 828 2009 Filii
841 1982 919 2009 dica-

128 2037 173 2059 tur
195 2031 321 2066 Spiritus,
337 2031 409 2065 quod
424 2030 463 2057 illi
486 2029 732 2057 consubstantialis
744 2034 797 2060 est,
816 2029 920 2056 insulsa

128 2081 170 2105 est
190 2078 331 2112 responsio
345 2081 373 2104 et
386 2084 440 2104 non
453 2076 531 2111 juxta
547 2075 704 2102 dialecticas
723 2075 806 2110 leges.
826 2075 919 2102 Minus

128 2123 203 2150 enim
222 2127 297 2158 patet
321 2122 555 2150 consubstantiale
578 2128 611 2148 eo
640 2121 713 2155 quod
739 2125 782 2147 est
806 2120 920 2154 hujusce

129 2177 200 2197 esse.
218 2169 247 2196 IL!
263 2169 400 2203 quomodo
413 2168 485 2202 quod
506 2167 597 2194 minus
613 2175 673 2194 sese
699 2166 831 2198 extendit,
847 2165 921 2192 illius

949 235 987 261 ait
1014 233 1146 268 Georgius
1165 233 1364 267 Trapezuntius
1388 233 1432 269 (Β.
1459 234 1491 261 0.
1515 234 1536 267 l,
1566 235 1628 269 5H,
1657 244 1680 263 c.
1698 237 1738 270 4),

950 280 1010 306 Filii
1038 279 1169 314 Spiritum
1196 279 1249 306 dici
1274 279 1345 306 κατὰ
1374 279 1405 305 τὸ
1426 279 1579 314 ouantium,
1610 282 1738 310 delirant.

950 327 1004 354 Cur
1025 326 1099 353 enim
1122 334 1179 352 non
1205 325 1323 352 dicimus
1339 325 1387 351 τὸν
1414 327 1524 362 Πατέρα.
1541 327 1589 354 τοῦ
1608 328 1740 363 Πνεύμα-

950 381 995 404 τος
1009 394 1017 405 ,
1042 380 1106 400 cum
1120 372 1245 407 ejusdem
1260 380 1292 399 ac
1308 372 1426 406 Spiritus
1444 378 1547 401 naturae
1561 375 1615 402 sit?
1632 375 1672 402 An
1685 383 1741 402 non

951 423 1075 452 apertum
1089 418 1163 445 'inde
1177 423 1315 452 remanet,
1333 427 1395 446 eum
1424 420 1470 454 qui
1493 420 1600 447 Patrem
1624 420 1742 456 Spiritus

951 465 1029 496 dicit.
1045 464 1177 499 Spiritum
1193 465 1283 492 dicere
1308 465 1406 492 Filium
1433 470 1461 492 et
1483 465 1695 501 blasphemare?
1711 465 1743 493 Et

953 511 1058 546 pariter
1072 519 1135 538 eum
1155 511 1202 546 qui
1217 510 1316 538 Filium
1330 511 1449 547 Spiritus
1468 511 1545 543 dicit.
1561 516 1656 547 utpote
1682 512 1744 547 Spi-

953 558 1038 585 ritum
1066 557 1094 584 in
1121 556 1230 584 Patrem
1254 556 1327 592 [186i
1353 557 1615 585 translormantem?
1644 567 1653 584 ι
1672 557 1745 585 Sane

953 603 1031 639 juxta
1045 602 1118 630 illam
1138 602 1337 638 expositionem
1362 610 1426 630 cum
1453 608 1510 630 tres
1537 611 1662 638 persona:
1690 604 1746 631 sint

954 650 1027 677 inter
1050 656 1081 676 se
1110 649 1368 682 consubstantiales,
1399 649 1532 684 quaelibet
1561 649 1674 677 deberet
1692 649 1745 677 dici

952 695 1078 723 alterius.
1097 695 1178 729 Atqui
1191 694 1322 722 abhorret
1336 695 1371 722 ab
1389 695 1441 722 hoc
1452 695 1580 730 loquendi
1595 703 1653 722 mos
1668 696 1745 722 theo-

954 741 1059 777 logicus
1069 744 1098 768 et
1118 739 1309 773 Christianus;
1329 744 1357 768 et
1371 741 1393 768 si
1419 740 1467 775 qui
1493 741 1650 776 paucissimi
1671 741 1713 768 vel
1731 749 1747 768 ο

954 788 1138 816 schismaticis
1163 788 1249 821 luere,
1269 786 1316 823 qui
1346 787 1466 823 Spiritus
1488 787 1575 815 sancti
1606 789 1747 823 proprium

955 834 1081 862 dicerent
1092 834 1190 862 Filium
1207 834 1254 869 (cl.
1271 834 1369 862 Const.
1385 834 1509 862 Meliten.
1525 840 1595 862 orat.
1612 835 1637 867 1,
1654 842 1678 861 c.
1695 834 1748 867 '57;

956 881 988 910 Ο.
1009 881 1042 909 0.
1061 880 1094 913 ll,
1117 889 1145 916 p.
1160 881 1235 915 716).
1260 881 1368 915 plurimi
1387 885 1476 908 tamen
1495 880 1521 907 id
1539 880 1652 908 omnino
1678 880 1750 915 reje—

956 931 1065 960 cerunt,
1079 927 1151 955 inter
1162 935 1231 962 quos
1247 926 1356 955 Marcus
1371 927 1507 962 Ephesius
1518 935 1527 952 ι
1541 926 1637 959 Filius,
1652 926 1749 960 inquit,

958 973 1077 1009 Spiritus
1097 974 1185 1001 sancti
1202 981 1292 1009 neque
1309 978 1352 1001 est
1374 981 1463 1008 neque
1476 973 1577 1001 dicitur
1600 973 1750 1000 secundum

958 1020 1120 1056 Gregorium
1136 1020 1288 1056 Nyssenum
1307 1020 1375 1056 (85).
1393 1029 1404 1046 ι
1422 1020 1512 1055 Hujus
1523 1020 1596 1047 enim
1613 1019 1672 1047 lucc
1688 1024 1753 1047 sunt

957 1066 1042 1093 verba
1055 1075 1062 1092 :
1086 1065 1117 1092 Ὁ
1130 1066 1194 1097 Υἱὸς
1210 1065 1258 1092 τοῦ
1277 1065 1437 1100 Πνεύματος
1452 1064 1516 1091 οὕτε
1532 1064 1607 1090 ἐστιν
1624 1063 1686 1090 οὔτε
1707 1063 1753 1091 λέ-

958 1120 1050 1146 γεται,
1067 1111 1128 1138 οὐδὲ
1152 1111 1330 1146 ἀντιστρέφει
1348 1111 1365 1146 ὴ
1382 1110 1496 1146 σχετικὴ
1508 1110 1579 1144 αὕτη
1594 1109 1751 1136 ἀκολουθία.

959 1157 1014 1185 Sed
1028 1157 1051 1185 si
1065 1157 1116 1185 hoc
1129 1164 1186 1184 non
1198 1157 1378 1190 convertitur,
1395 1156 1423 1184 id
1439 1155 1752 1183 consubstantialitatem

961 1211 1018 1231 non
1033 1203 1162 1236 denotat;
1178 1202 1200 1230 si
1216 1202 1289 1229 enim
1313 1203 1347 1229 ad
1372 1201 1518 1237 ὁμοούσιον
1546 1201 1616 1228 foret
1631 1200 1753 1227 referen-

959 1249 1038 1281 dum.
1057 1248 1113 1284 jam
1127 1256 1144 1275 e
1157 1255 1292 1275 converso
1308 1247 1447 1275 diceretur
1471 1246 1510 1273 uti
1537 1245 1655 1280 Spiritus
1680 1245 1753 1276 Filii.

959 1295 1000 1323 sic
1015 1294 1101 1322 Filius
1113 1293 1242 1329 Spiritus.
1257 1293 1391 1321 Praeterea
1407 1292 1544 1328 genitivus
1561 1291 1608 1318 τοῦ
1622 1290 1688 1317 Υἱοῦ
1712 1290 1754 1317 vel

961 1341 1065 1370 indicat
1083 1340 1296 1375 possessionem,
1315 1339 1511 1374 proprietatem
1534 1337 1578 1364 vel
1596 1336 1755 1364 relationem

960 1387 1123 1423 quamdam;
1139 1386 1288 1422 generatim
1299 1385 1325 1412 id
1336 1385 1435 1413 dicitur
1444 1384 1569 1419 alicujus,
1576 1383 1646 1418 quod
1654 1383 1688 1409 ad
1695 1390 1756 1409 eum

963 1441 1119 1470 quocunque
1130 1433 1207 1460 modo
1221 1432 1345 1467 pertinet.
1373 1432 1426 1458 Sed
1442 1439 1474 1458 ex
1489 1430 1633 1465 principiis
1645 1429 1754 1456 theolo-

962 1480 1031 1515 gicis
1047 1479 1161 1506 Patrum
1186 1477 1336 1505 relationes
1360 1477 1387 1504 in
1404 1476 1504 1504 divinis
1521 1480 1586 1503 sunt
1612 1474 1757 1511 relationes

924 1531 945 1560 c
963 1527 1096 1562 originis;
1114 1526 1227 1553 nomina
1245 1526 1326 1553 trium
1355 1532 1535 1560 personarum
1563 1523 1619 1558 ipsa
1635 1526 1700 1550 sunt
1713 1530 1757 1549 re-

965 1573 1059 1604 lativa.
1074 1573 1223 1601 denotatur
1237 1573 1329 1606 itaque
1348 1571 1392 1598 hic
1407 1571 1539 1598 habitudo
1553 1570 1666 1605 originis
1684 1568 1753 1604 (86).

964 1619 1059 1654 Neque
1083 1626 1163 1647 secus
1187 1619 1258 1645 ratio
1282 1618 1358 1645 reddi
1380 1621 1484 1652 posset,
1513 1624 1563 1644 cur
1576 1624 1632 1644 non
1653 1616 1760 1643 dicatur

969 1665 1054 1693 Filius
1067 1665 1196 1700 proprius
1216 1664 1335 1699 Spiritus
1350 1664 1448 1694 sancti,
1464 1663 1544 1690 Pater
1558 1662 1684 1697 proprius
1697 1660 1761 1696 Spi-

967 1711 1046 1738 ritus.
1073 1710 1269 1745 Proprietatem
1287 1717 1342 1736 non
1363 1709 1446 1736 habet
1470 1709 1561 1736 divina
1586 1715 1701 1742 persona
1733 1707 1760 1734 in

968 1757 1060 1789 aliam,
1087 1756 1140 1783 nisi
1160 1755 1319 1782 habitudine
1343 1755 1483 1790 principii.
1514 1754 1680 1781 Recolantur
1701 1761 1761 1787 quas

969 1802 993 1837 l§
1006 1802 1050 1835 11)
1066 1810 1100 1829 ex
1118 1800 1281 1828 Bessarione
1295 1800 1469 1827 adduximus.
1482 1799 1588 1831 Quibus
1602 1799 1652 1825 ista
1663 1806 1761 1825 conso-

969 1851 1037 1874 nant
1045 1845 1336 1881 (ieorgiiTrapezuntii
1348 1844 1379 1878 (Ι.
1391 1852 1415 1870 c.
1428 1843 1525 1878 p.52“,
1539 1843 1601 1877 512)
1615 1852 1621 1869 :
1636 1852 1644 1868 ι
1658 1842 1761 1875 Quem-

970 1893 1117 1920 admodum
1141 1893 1221 1918 l’ater
1244 1896 1271 1918 et
1293 1890 1377 1917 Filius
1389 1890 1500 1917 nomina
1516 1893 1580 1916 sunt
1593 1888 1762 1924 hypostatic-a

970 1937 1081 1966 modum
1108 1936 1259 1964 exsistcndi
1282 1935 1338 1968 (τὸν
1355 1935 1456 1969 τρόπον
1479 1934 1528 1960 τοῦ
1552 1931 1633 1969 εἶναι)
1666 1934 1763 1960 harum

973 1984 1048 2020 [18η
1068 1984 1251 2019 hypostaseon
1266 1980 1426 2012 indicantia,
1444 1980 1502 2015 pari
1514 1979 1619 2006 ratione
1634 1983 1662 2006 et
1674 1978 1764 2013 Spiri-

971 2035 1016 2058 tus
1047 2036 1148 2057 nomen
1174 2028 1374 2063 hypostaticum
1405 2031 1456 2058 est,
1484 2026 1630 2053 exsistendi
1654 2025 1763 2052 modum

972 2077 1059 2112 ipsius
1077 2076 1266 2103 manifestans.
1282 2074 1320 2101 Ex
1337 2074 1416 2101 Patre
1432 2080 1496 2108 ergo
1510 2077 1537 2100 et
1549 2072 1618 2100 Filio
1634 2072 1764 2106 spiratur,

973 2130 1035 2150 cum
1052 2121 1195 2149 amborum
1217 2120 1253 2146 sit
1270 2119 1398 2154 Spiritus.
1420 2128 1429 2144 ι
1454 2117 1508 2153 (Cl.
1522 2118 1614 2145 eumd.
1641 2118 1673 2144 ad
1683 2117 1763 2144 Joan.

973 2168 1087 2196 Cubocl.
1106 2175 1131 2194 c.
1154 2167 1197 2199 10,
1213 2175 1239 2201 p.
1256 2166 1332 2199 487:)
1350 2165 1472 2196 Accedit,
1490 2164 1562 2199 quod
1577 2164 1652 2198 juxta
1672 2163 1766 2189 Patres

129 2215 203 2249 quod
223 2215 318 2250 magis,
335 2222 444 2241 causam
458 2222 518 2241 esse
539 2213 701 2240 fatebimur?
719 2213 806 2239 Causa
819 2211 920 2238 etenim
935 2216 962 2246 ])
975 2215 1084 2242 Grmcos
1099 2214 1194 2241 eodem
1208 2213 1326 2247 Spiritus
1340 2212 1421 2239 modo
1433 2211 1562 2246 proprius
1572 2214 1614 2236 est
1628 2209 1700 2239 Filii.
1711 2217 1765 2244 quo

130 2265 165 2291 de
177 2263 299 2298 pluribus
318 2262 359 2288 vrl
383 2261 505 2293 paribus,
524 2260 546 2287 si
574 2265 669 2287 contra
687 2263 824 2290 versatur,
848 2265 922 2285 nun-

131 2318 212 2345 quam
228 2318 292 2335 vero
307 2310 341 2335 de
357 2307 541 2342 paucioribus.
558 2316 567 2332 ι
581 2305 622 2340 (P.
634 2306 709 2338 595.)

147 2376 150 2377 ν
170 2357 212 2383 14,
228 2356 278 2382 Alii
292 2363 356 2382 Vero
369 2353 499 2389 'l‘heologi
512 2356 541 2380 et
552 2353 618 2379 alias
633 2352 777 2387 proferunt
792 2351 923 2382 rationes,

171 2444 226 2478 (85)
248 2444 329 2470 Marc.
355 2441 643 2478 Ephes.iu(‘.onfess.
667 2440 839 2478 ap‘.Grego_r.
864 2441 924 2478 (ιριἐ

135 2476 221 2514 Αιέοιξ
248 2480 309 2505 cod.
327 2477 408 2514 Alllon.
437 2477 472 2503 27
615 2484 641 2503 a.
672 2486 678 2503 :
700 2476 779 2514 '05s
797 2476 861 2514 ἴξὶῥς
877 2476 926 2502 τοῦ

134 2511 297 2570 Πῖιεὺεέατος
310 2512 370 2539 οὗτε
383 2513 457 2539 ἐστιν
473 2511 535 2539 οὔτε
549 2511 659 2546 λέγεται
676 2512 746 2537 κατὰ
757 2511 802 2537 τὸν
815 2511 926 2547 Neam);

136 2552 214 2570 Γιλιην
224 2558 298 2570 ιηιηυ.

135 2552 298 2583 Γρηγύριον.

160 2558 349 2620 ρᾶζῖὅρὲἔίπε,
367 2583 459 2620 Schol.
476 2583 509 2610 ad
523 2591 583 2616 cap.
600 2582 635 2620 l2
656 2581 765 2620 Ephesii
784 2580 855 2620 (cod.
879 2581 926 2620 cit,

137 2622 157 2648 l'.
175 2616 228 2647 210
244 2620 281 2647 a.)
306 2616 404 2645 eiinde
428 2618 688 2644 demonstrationem
713 2625 728 2643 a
747 2616 850 2643 Latinis
873 2616 927 2650 peti

137 2657 229 2686 (locet,
243 2655 288 2688 Μὴ
302 2653 357 2679 δεῖν
369 2653 414 2679 ἐπὶ
425 2654 478 2679 τῶν
493 2652 573 2679 θείων
584 2653 667 2686 ἄλλην
679 2651 845 2688 τινὰνσχέςξινί
858 2652 927 2685 πλὴν

136 2692 189 2725 τῆς
201 2685 262 2717 κάτ’
278 2685 368 2715 ὰὶτίαν
382 2689 462 2721 νοεῖν,
484 2689 584 2714 ὁπόταν
598 2685 692 2723 ἕτερον
706 2687 800 2722 ἑτέρου
814 2685 929 2721 λέγηωιι

137 2735 220 2753 ειναι.

176 2761 233 2795 (87)
252 2759 346 2794 Cyrill.
359 2758 436 2795 Alex.
452 2758 478 2785 in
493 2757 571 2795 Joan.
589 2766 644 2784 ΧΠ.
662 2758 717 2795 (ap.
732 2756 826 2795 (imitat:
843 2756 926 2795 Melit:

139 2791 348 2828 C.‘0.'l|,'67l)
366 2803 373 2821 :
389 2794 494 2827 ’Ὠσπερ
507 2794 560 2828 γάρ
576 2795 650 2819 ἐστιν
669 2791 733 2828 ξ’ὁξον
758 2791 867 2828 Πννεῦμα
884 2791 930 2818 τοῦ

139 2831 207 2858 Υἱοῦ
217 2827 376 2864 φυσικῶςνὲν
387 2829 462 2864 αὐτῷ
473 2827 597 2864 ὑπάρχον
607 2829 652 2854 καὶ
662 2827 699 2864 δι’
709 2827 805 2864 tritta?)
814 2828 928 2864 :tpoi‘g'r.

139 2865 212 2893 οὕτω
223 2862 273 2892 'xat
289 2864 335 2891 τοῦ
350 2862 475 2899 Πατρόάρ
489 2862 623 2899 llcspons-
646 2863 679 2891 ad
703 2862 807 2891 Orient.
837 2862 928 2891 (All-at.

975 2266 1017 2289 est
1039 2260 1165 2296 proprius
1182 2259 1276 2286 Patris.
1301 2258 1354 2285 Sed
1370 2258 1447 2292 juxta
1474 2257 1583 2284 eosdem
1600 2256 1693 2282 Patres
1707 2263 1767 2289 pro-

974 2308 1051 2343 prius
1068 2311 1110 2334 est
1129 2306 1217 2333 Patris
1235 2309 1264 2331 ut
1277 2312 1310 2331 ex
1329 2312 1363 2331 eo
1377 2303 1543 2338 procedens;
1564 2302 1641 2337 juxta
1657 2301 1767 2328 eosdem

976 2353 1057 2389 igitur
1071 2351 1248 2387 estproprius
1271 2350 1332 2378 Filii
1351 2354 1382 2377 ut
1397 2349 1431 2376 ab
1451 2356 1484 2376 eo
1502 2348 1681 2384 progrediens
1697 2347 1765 2382 (87).

980 2440 1058 2468 Vind.
1073 2447 1098 2467 c.
1120 2439 1169 2469 ‘26,
1187 2447 1214 2474 p.
1233 2438 1293 2465 118)
1309 2446 1315 2474 ς
1332 2436 1412 2474 Ἴὸιογ
1424 2435 1477 2474 γᾲρ
1494 2434 1524 2461 τὸ
1538 2433 1658 2474 (1νεῦμῆ
1668 2434 1725 2474 ἔσει
1737 2434 1768 2474 re

980 2477 1057 2509 ἅγιον
1070 2474 1118 2501 τοῦ
1146 2469 1223 2503 Tios),
1249 2473 1374 2509 καοᾴεῖερ
1385 2470 1497 2509 μᾴμέλει.
1510 2470 1559 2509 καὶ
1576 2469 1624 2509 τοῦ
1640 2469 1770 2509 Θεοῦλςειὶ

979 2504 1099 2544 Πᾶτρός.
1114 2510 1249 2544 Respons.
1262 2508 1295 2544 ad
1310 2504 1600 2544 TlieodOI'et._Allat._l.
1622 2513 1646 2532 (ε.
1663 2513 1692 2544 ρΖ
1705 2504 1767 2544 119,

981 2540 1048 2577 120)
1060 2543 1130 2572 ῑἾνΙν
1147 2540 1201 2579 γὰρ
1214 2544 1261 2569 καὶ
1276 2543 1351 2579 ἔστιν
1366 2540 1450 2579 αὑτοῆ
1464 2541 1495 2566 τὺ
1507 2540 1630 2579 Ιξηεῦξξᾳ,
1645 2540 1770 2579 ηαῡέιπερ

980 2575 1080 2615 ἀμέλει
1095 2575 1210 2615 nataui
1227 2578 1343 2615 Πατρὸς,
1357 2585 1386 2615 Δκ.
1400 2576 1480 2615 τῖκλ..
1505 2576 1552 2615 ubi
1567 2576 1676 2615 adducit
1692 2575 1768 2615 Rom.

981 2610 1043 2645 riu.
1061 2616 1088 2648 8,
1114 2616 1141 2641 9.
1164 2614 1269 2640 Deinde
1288 2610 1376 2647 pergit
1389 2621 1403 2648 :7
1420 2611 1616 2648 ‘EKROFELSEFSL
1643 2611 1701 2648 μὲν..
1716 2610 1770 2644 γὰρ

981 2651 1020 2682 ὡς
1035 2652 1067 2677 ἐκ
1082 2645 1132 2676 ῖτοῦ
1156 2649 1224 2675 Θεοῦ
1245 2645 1296 2674 καῖ
1320 2645 1426 2682 nemo;
1450 2646 1482 2682 τὴ
1507 2647 1619 2680 Πνεῦμα
1690 2645 1769 2682 hic?

982 2678 1054 2713 κάτὰ
1067 2685 1117 2719 τὴν
1134 2684 1181 2711 τοῦ
1204 2683 1335 2719 Σωτῆρος
1346 2678 1438 2719 φιρνῂν
1461 2681 1550 2719 (Joan.
1573 2678 1619 2719 ἡ,
1632 2680 1691 2719 ςᾷϋ),
1709 2678 1767 2719 ἀλλς

983 2722 1032 2748 sim
1049 2713 1189 2754 animo;
1209 2713 1340 2754 éO'ttu'EOG
1460 2713 1554 2754 τέωςτῆ
1563 2715 1687 2754 γὰριέχει
1704 2713 1772 2749 μετὰ

983 2756 1030 2782 τοῦ
1056 2749 1175 2789 Πατρὶς,
1191 2755 1238 2780 καὶ
1263 2752 1342 2789 τοῦτᾳ
1358 2752 1445 2789 uitro;
1465 2751 1585 2789 ἐδίδαξεν
1603 2749 1691 2789 (19:13.
1714 2757 1771 2789 xyt,

984 2791 1038 2825 15),
1057 2784 1140 2826 Idem.
1152 2784 1187 2826 Vin
1203 2789 1279 2826 {om}.
1293 2788 1374 2826 μΞὲ
1388 2796 1395 2813 :
1408 2788 1513 2826 ’ςΩΞπερ
1526 2784 1636 2826 γάριτοὶῖ
1655 2784 1772 2826 Πατρρς,

983 2820 1055 2852 οὖὲω
1070 2824 1103 2859 δὴ
1117 2825 1164 2850 καὶ
1179 2824 1224 2850 τοῦ
1241 2823 1305 2850 Υὶοῦ
1321 2823 1380 2848 ἐστὶ
1394 2823 1425 2848 τὸ
1440 2820 1596 2859 ρειξχῦμακτὺ
1605 2820 1772 2859 Αᾶγξρνηιξςὶ-

983 2861 1027 2888 sil.
1055 2854 1280 2895 ad'Amphiloch.
1308 2859 1412 2894 (Const.
1440 2854 1523 2885 Mein.
1547 2856 1578 2884 G.
1600 2854 1631 2883 0.
1653 2855 1684 2888 ll,
1708 2855 1771 2884 665.
