1945 3088
122 147 177 181 445

123 204 220 233 naliter
233 204 289 241 (94)
306 205 477 242 accipiatur;
490 210 611 234 attamen
628 214 677 241 per
700 213 730 233 sc
745 213 799 233 non
819 206 855 233 ita
870 213 913 232 re—
928 208 951 235 A

121 247 252 276 lationem
276 249 388 285 originis
408 249 575 281 manifestat,
595 250 664 277 sicut
689 249 777 278 Patris
806 254 834 278 et
851 249 914 277 Filii

121 294 245 322 nomina.
270 304 280 320 ι
300 293 351 322 Per
373 303 401 322 se
429 295 502 322 enim
518 295 635 330 Spiritus
648 304 737 331 neque
752 297 785 323 ad
806 295 915 323 Patrem

123 340 253 373 refertur,
268 348 359 375 neque
377 341 411 369 ad
427 341 524 369 Filiutn
546 351 555 368 ι
577 341 732 376 (Bessarion
750 350 833 377 supra
851 341 865 377 §
880 343 911 369 11

122 393 151 414 et
161 387 239 414 Joan.
260 387 415 424 Theologus
439 388 511 415 inira
526 392 578 416 art.
610 395 668 422 seq.
694 387 707 423 §
737 388 764 423 1)
783 397 792 414 ι
813 388 860 416 sed
882 388 917 415 ad

123 433 273 468 spirantem
297 442 306 458 ι
321 433 423 468 (ibid.).
438 433 478 460 Ex
501 433 566 461 hinc
588 433 644 468 jam
661 433 806 468 disparitas
830 437 915 468 patet.

124 478 199 515 [191]
237 479 307 506 Dum
342 479 444 507 dicitur
468 479 550 506 Pater
568 479 646 512 Filii,
668 479 831 515 intelligitur
855 479 917 507 Filii

122 525 223 558 Pater;
238 533 289 553 nec
307 530 397 561 potest
412 525 497 553 Filius
516 533 565 560 pro
580 525 715 560 principio
730 525 812 558 sumi,
838 525 917 554 Pater

123 580 174 608 pro
187 572 353 607 principiato
364 581 371 604 ;
382 572 429 599 sed
448 572 470 599 si
486 572 586 599 dicitur
595 570 682 598 Filius
693 572 778 598 sancti
790 571 915 606 Spiritus,

123 618 206 646 verba
226 618 349 646 indicant
366 617 464 645 Filium
481 625 496 644 a
520 617 625 652 Spiritu
647 618 780 652 originem
801 618 915 651 habere,

124 664 257 698 Spiritum
270 671 331 692 esse
347 663 466 696 Patrem,
486 663 557 698 quod
573 664 734 691 absurdum.
760 663 841 690 Pater
854 663 918 698 Spi-

123 711 191 738 ritus
212 710 266 738 dici
294 709 399 745 nequit,
418 710 480 745 quia
497 714 564 738 tunc
590 709 710 745 Spiritus
735 709 806 737 foret
821 709 917 741 Filius,

125 755 214 783 Filius
238 755 354 790 Spiritus
373 756 427 783 dici
447 764 502 783 non
519 760 619 791 potest,
635 755 700 790 quia
717 759 783 782 tunc
796 754 917 790 Spiritus

124 802 195 830 foret
209 802 298 830 Pater.
314 801 395 829 Aliud
404 807 442 829 est
457 811 511 830 esse
526 803 640 837 alicujus
655 801 827 836 simpliciter,
843 801 919 828 aliud

124 856 188 876 esse
208 848 318 875 Patrem
331 848 373 875 vel
394 848 491 876 Filium
509 849 626 884 alicujus
637 856 741 883 ;porro
761 848 842 875 Pater
861 855 916 875 non

123 894 224 921 dicitur
249 893 308 920 Filii
333 901 394 921 esse
423 894 550 929 proprius
576 895 753 930 simpliciter,
777 894 826 922 sed
853 893 916 921 Filii

123 939 220 972 Pater;
236 940 264 967 id
284 939 508 975 subintelligitur,
521 940 593 975 quod
610 941 670 975 ejus
686 940 724 967 sit
742 939 834 967 Pater.
853 939 916 966 Pari

124 985 206 1011 modo
222 985 362 1012 diceretur
383 985 502 1020 Spiritus
524 985 654 1020 spirantis
679 993 740 1013 esse
757 991 784 1013 et
808 985 917 1020 spirans

123 1030 242 1065 Spiritus
264 1030 351 1057 sancti
371 1031 487 1064 spirator
511 1038 559 1058 seu
575 1030 725 1067 προϐολεὺς
742 1030 916 1065 Πνεύματος.

124 1075 188 1103 llaec
205 1076 334 1103 vocabula
355 1076 407 1104 sibi
426 1076 459 1103 ad
483 1077 618 1104 amussim
639 1075 806 1111 respondent
832 1080 860 1103 et
883 1075 918 1103 ad

124 1121 196 1148 idem
209 1120 349 1156 pertinent
361 1129 457 1156 genus,
475 1121 598 1156 adeoque
611 1122 801 1149 confusionem
812 1125 916 1148 arcent.

125 1165 210 1193 lIecta
227 1174 335 1194 rursum
352 1167 454 1194 dicitur
470 1175 477 1194 :
493 1167 572 1195 Pater
595 1171 622 1195 et
637 1167 721 1195 Filius
739 1171 803 1194 sunt
818 1167 919 1202 προϐο-

124 1212 182 1243 λεῖς
199 1211 371 1248 (προϐολεὺς)
395 1213 566 1248 Πνεύματος,
588 1213 637 1241 sed
655 1221 710 1241 non
730 1213 916 1248 simpliciter:

124 1258 208 1286 Pater
218 1263 243 1285 et
254 1258 337 1286 Filius
353 1263 413 1286 sunt
429 1258 542 1294 Spiritus
558 1259 654 1286 sancti.

162 1303 206 1330 l6.
226 1303 321 1338 Neque
334 1312 410 1337 vero,
428 1305 499 1339 quod
517 1305 631 1331 subdole
645 1312 677 1331 ac
695 1312 825 1339 perverse
845 1304 919 1333 Lati-

124 1349 171 1376 nis
203 1349 316 1377 ascribit
337 1350 452 1378 Photius
466 1351 502 1385 (c.
523 1350 579 1386 59),
596 1350 615 1377 ii
631 1358 751 1385 unquam
771 1350 891 1378 docuere
910 1360 917 1378 :

125 1394 200 1428 Quod
214 1395 329 1430 alicujus
353 1405 407 1423 esse
422 1396 528 1429 dicitur,
544 1404 576 1423 ex
596 1404 626 1423 eo
640 1395 681 1423 vel
694 1396 727 1422 ab
747 1404 776 1423 ca
793 1401 842 1423 est.
865 1396 918 1424 Po-

129 1447 184 1469 test
202 1446 276 1469 certe
293 1441 344 1469 hoc
356 1442 428 1469 illius
438 1442 491 1469 dici
505 1441 547 1469 vel
563 1445 593 1468 ut
612 1441 750 1477 possessio
772 1441 918 1476 possiden-

128 1488 163 1515 tis
176 1488 220 1515 vel
235 1493 265 1515 ut
280 1496 344 1523 pars
363 1488 447 1515 totius
468 1488 513 1515 vel
537 1491 566 1515 ut
585 1487 699 1515 etl‘ectus
716 1495 806 1515 causae
823 1488 867 1515 vel
890 1493 920 1515 ut

127 1534 214 1561 forma
226 1543 275 1562 seu
284 1535 402 1569 qualitas
415 1535 543 1570 subjecti,
555 1539 620 1566 etc.,
631 1542 796 1569 quocunque
808 1534 918 1562 demum

127 1581 241 1608 nomine
265 1581 401 1616 genitivus
417 1589 497 1608 casus
521 1588 583 1608 cum
609 1580 780 1608 nominativo
803 1581 918 1615 subjecti

126 1627 256 1662 conjungi
276 1631 376 1662 potest,
397 1635 450 1662 qua
458 1627 511 1654 late
522 1630 597 1662 patet
610 1626 722 1662 genitivi
738 1634 813 1654 usus.
828 1626 918 1654 Latini

126 1679 182 1699 non
203 1672 299 1699 dicunt
313 1672 347 1699 de
362 1679 536 1706 quocunque,
551 1671 624 1706 quod
641 1671 742 1699 dicitur
758 1679 819 1699 esse
833 1671 920 1699 alicu-

124 1717 182 1753 jus,
198 1717 225 1745 id
242 1718 276 1744 ab
290 1718 342 1745 hoc
359 1718 512 1750 exsistere;
526 1717 573 1745 sed
585 1717 612 1745 id
628 1717 721 1745 dicunt
731 1717 765 1744 de
783 1717 918 1752 personis,

127 1771 179 1791 nec
190 1764 225 1791 de
244 1764 371 1798 personis
386 1764 563 1798 quibuslibet,
576 1764 624 1791 sed
639 1764 672 1791 dc
687 1765 803 1799 personis
813 1765 918 1792 divinis.

128 1810 269 1838 Creatura‘:
284 1817 393 1844 quoque
402 1814 466 1837 sunt
481 1810 570 1837 Patris
585 1815 612 1837 et
625 1810 703 1843 Filii;
718 1811 767 1838 sed
785 1818 840 1837 non
855 1819 920 1846 pro-

127 1860 221 1892 pterea
240 1863 255 1883 a
274 1855 410 1883 creaturis
432 1856 585 1890 procedunt
613 1855 692 1882 Pater
715 1862 741 1883 et
764 1855 861 1883 Filius.
880 1855 920 1882 Ex

126 1902 259 1937 qualitate
283 1906 365 1936 atque
381 1902 541 1929 charactere
567 1901 683 1936 subjecti
712 1901 920 1934 determinatur,

126 1949 265 1984 quomodo
293 1949 326 1975 ad
350 1948 423 1976 aliud
443 1948 578 1983 pertineat
598 1948 635 1981 id.
654 1949 726 1983 quod
744 1949 804 1982 ejus
822 1948 921 1976 dicitur

127 2003 201 2024 esse.
226 1995 390 2029 Quicunque
409 1994 523 2022 alterius
539 1993 650 2026 dicitur,
667 1994 701 2022 ad
720 2001 783 2022 eum
802 1994 920 2030 quodam

126 2041 209 2069 modo
221 2041 355 2076 pertinet;
368 2040 409 2068 vel
419 2047 449 2068 ut
457 2048 554 2068 servus
563 2040 605 2068 vel
617 2044 646 2067 ut
654 2040 838 2072 necessarius,
848 2044 915 2072 etc.,

127 2088 287 2115 relationem
302 2087 337 2115 ad
357 2087 446 2123 ipsum
461 2087 555 2114 habet.
577 2086 662 2114 Porro
672 2095 687 2114 a
702 2087 805 2114 divinis
824 2094 920 2115 omnes

127 2133 147 2161 ii
172 2138 314 2169 respectus
339 2133 513 2165 excludendi,
543 2133 589 2169 qui
613 2133 722 2161 divinas
736 2141 793 2160 non
823 2133 922 2161 decent

127 2181 300 2217 hypostases,
313 2186 343 2208 ut
366 2181 485 2209 servitus
500 2181 544 2207 vel
558 2180 758 2213 ministerium;
776 2188 808 2208 ea
828 2180 920 2215 σχέσις

484 149 534 179 DE
549 149 580 179 S.
602 148 701 179 SPIR.
717 147 973 191 MYSTAGOGIA.
987 159 1024 165 -
1039 144 1409 176 ANIMADVERSIONES.

1710 144 1764 176 416

965 203 1069 238 cipium
1079 208 1106 230 ct
1123 202 1411 237 principiatum.Sicut
1422 202 1497 230 calor
1506 202 1571 230 solis
1581 201 1681 229 dicitur
1690 203 1766 230 calor

967 259 982 278 a
991 251 1047 278 sole
1053 254 1192 280 causatus.
1204 248 1275 276 sicut
1284 249 1389 276 fruetus
1395 249 1501 277 arboris
1513 249 1618 277 fructus
1625 250 1660 277 ab
1667 250 1764 278 arbore

967 297 1129 332 productus,
1146 295 1183 322 ita
1196 295 1317 330 Spiritus
1334 294 1393 322 Filii
1407 300 1450 323 est
1463 295 1585 331 Spiritus
1602 304 1651 331 per
1665 296 1763 323 Filium

967 342 1099 373 emissus.
1127 345 1158 368 ut
1173 341 1368 376 principiatum
1385 341 1512 377 principii
1531 346 1583 370 est.
1605 341 1681 370 Vane
1698 350 1764 378 ergo

968 388 1135 423 colliguntur
1148 387 1272 422 exempla
1293 387 1424 414 similium
1439 388 1601 421 dictionum,
1617 389 1662 416 ubi
1678 389 1710 416 de
1720 390 1763 416 di-

968 435 1037 461 vinis
1049 434 1167 469 personis
1188 441 1279 460 sermo
1307 441 1363 460 non
1391 438 1442 461 est.
1471 434 1563 469 (Pitot.
1584 442 1608 462 c.
1630 435 1663 462 57
1692 435 1763 470 seq.)

968 481 1073 507 Dicitur
1104 479 1225 515 Spiritus
1247 479 1410 515 sapientiae,
1445 480 1558 514 spiritus
1596 480 1762 514 intellectus,

968 527 1083 562 spiritus
1109 526 1245 558 scientiae,
1266 525 1436 558 dilectionis,
1465 526 1619 560 adoptionis
1633 527 1762 560 ﬁliorum,

968 571 1168 608 promissionis,
1196 571 1269 605 ﬁdei,
1299 576 1327 599 et
1352 571 1405 599 alia
1431 571 1588 606 hujusmodi
1616 572 1689 607 (96);
1714 572 1763 600 sed

968 619 1111 654 sapientia,
1124 618 1290 651 intellectus,
1305 619 1419 645 scientia
1431 639 1437 649 ,
1454 622 1522 650 etc.,
1536 626 1591 645 non
1607 623 1674 645 sunt
1695 626 1762 653 per-

969 673 1043 693 sona:
1063 665 1179 697 divinae;
1208 672 1302 692 verum
1319 664 1390 691 dona
1412 669 1440 691 et
1455 664 1629 697 charismata,
1655 674 1665 690 ί
1691 672 1761 699 quo-

970 718 1031 738 rum
1047 710 1166 745 Spiritus
1183 715 1295 738 sanctus
1311 710 1372 737 fons
1387 717 1419 737 ac
1431 710 1544 746 largitor
1562 710 1736 745 glorificatur,
1751 720 1760 736 ι

970 761 1000 784 ut
1028 757 1087 792 ipse
1117 756 1230 784 Photius
1260 757 1296 791 (c.
1324 756 1370 791 58)
1405 756 1475 783 bene
1491 756 1585 789 novit;
1613 756 1672 783 haec
1691 755 1761 783 elle-

970 806 1040 834 ctus,
1057 802 1173 836 fructus,
1201 801 1375 834 donationes,
1392 809 1423 828 ac
1444 802 1528 829 veluti
1546 801 1683 836 possessio
1700 805 1764 829 sunt

971 846 1090 882 Spiritus
1101 847 1208 880 sancti;
1230 846 1259 874 in
1284 847 1328 874 his
1352 846 1490 882 genitivus
1514 846 1593 881 longe
1616 846 1696 873 aliam
1715 846 1765 873 ha—

968 894 1014 921 bet
1029 893 1268 928 signiﬁcationem.
1285 902 1294 918 ι
1310 892 1503 927 Nequaquam,
1519 892 1557 919 ait
1580 891 1657 928 llugo
1676 892 1763 920 Ethe-

968 940 1062 967 rianus
1076 940 1106 973 (Ι.
1129 947 1159 972 ιι,
1204 947 1229 967 c.
1251 939 1297 972 20,
1313 947 1340 974 p.
1362 939 1454 974 1256),
1478 939 1526 966 hoc
1543 939 1620 966 modo
1641 939 1682 974 (ut
1699 939 1763 972 Spi-

968 986 1038 1013 ritus
1074 985 1193 1018 consilii,
1221 985 1413 1019 fortitudinis,
1447 985 1566 1018 timoris,
1594 985 1659 1020 etc.)
1700 985 1763 1012 Filii

968 1035 1143 1066 nuncupatur
1156 1030 1291 1066 Spiritus;
1307 1031 1368 1058 Filii
1383 1038 1450 1058 sane
1462 1031 1593 1066 Spiritus,
1610 1031 1650 1058 uti
1667 1030 1760 1058 Patris

969 1083 1044 1111 mque
1068 1084 1100 1102 ac
1122 1076 1302 1110 indifferenter
1325 1081 1464 1104 censetur.
1494 1076 1652 1104 Intellectus
1680 1083 1760 1109 vero,

969 1121 1116 1157 gratiarum
1134 1127 1162 1149 et
1177 1122 1312 1149 donorum
1332 1122 1432 1149 dicitur
1457 1122 1576 1157 Spiritus
1597 1127 1627 1150 ut
1645 1123 1724 1149 dator
1738 1127 1762 1149 et

969 1168 1085 1202 ρῘῙέειίυιι
1095 1167 1203 1194 illorum
1223 1175 1316 1194 causa.
1337 1177 1346 1194 ι
1373 1168 1428 1195 Sed
1452 1168 1539 1195 multo
1562 1168 1675 1195 uberius
1690 1169 1764 1196 idem

970 1212 1045 1249 [I93]
1058 1218 1155 1240 auctor
1172 1213 1225 1248 jam
1243 1217 1306 1240 ante
1317 1213 1353 1248 (c.
1365 1213 1407 1240 I5.
1424 1221 1452 1248 p.
1466 1213 1542 1247 1228)
1557 1218 1653 1241 contra
1670 1213 1763 1240 Theo-

970 1259 1125 1294 phylactum
1139 1259 1263 1286 eamdem
1278 1266 1336 1285 rem
1361 1262 1589 1293 pertractaverat.
1603 1259 1690 1294 Atque
1704 1267 1760 1294 pra:

970 1306 1078 1333 caeteris
1092 1305 1145 1332 hoc
1166 1309 1244 1341 urget
1273 1313 1279 1331 :
1302 1315 1312 1331 ι
1342 1305 1382 1332 Ad
1399 1305 1497 1332 hoc....
1516 1305 1576 1333 scil.
1601 1305 1675 1332 aliud
1691 1313 1762 1338 esse,

970 1361 1001 1379 ea;
1015 1351 1115 1387 aliqua,
1133 1355 1160 1379 et
1175 1351 1249 1379 aliud
1264 1351 1391 1386 alicujus,
1404 1351 1498 1378 eadem
1515 1351 1542 1378 in
1563 1351 1687 1386 pluribus
1699 1359 1764 1387 con-

969 1398 1064 1425 venire
1075 1397 1263 1425 inveniuntur.
1273 1397 1341 1424 Nam
1351 1405 1414 1433 pars
1423 1397 1534 1433 quidem
1548 1398 1631 1425 tolitts
1639 1403 1681 1425 est
1691 1403 1719 1425 et
1731 1406 1764 1425 ex

971 1448 1038 1476 toto,
1050 1448 1077 1470 et
1092 1443 1198 1470 arboris
1213 1443 1318 1470 fructus
1328 1447 1356 1470 et
1366 1451 1398 1470 ex
1410 1443 1517 1476 arbore,
1528 1447 1557 1470 et
1568 1451 1664 1478 spuma
1679 1444 1763 1471 maris

971 1495 997 1517 et
1007 1498 1039 1517 ex
1054 1489 1121 1516 mari
1130 1493 1172 1521 ;et
1185 1488 1255 1516 sicut
1267 1489 1427 1523 impossibile
1438 1493 1487 1522 est,
1505 1490 1584 1525 fontis
1597 1498 1651 1516 esse
1665 1498 1763 1524 aquam

970 1541 994 1563 et
1010 1544 1061 1562 non
1077 1544 1109 1562 ea:
1119 1536 1199 1570 fonte,
1212 1535 1249 1562 sic
1258 1535 1416 1570 impossibile
1427 1540 1466 1562 est
1482 1535 1612 1570 Spiritum
1630 1543 1685 1562 esse
1699 1535 1763 1563 Filii

970 1586 994 1608 et
1007 1589 1058 1608 non
1069 1589 1100 1608 ea:
1117 1580 1197 1613 Filio,
1211 1585 1259 1607 aut
1274 1580 1361 1607 Patris
1377 1585 1404 1608 et
1419 1589 1474 1608 nou
1496 1588 1529 1608 ex
1547 1580 1638 1612 Patre,
1665 1580 1763 1607 Filiuln

971 1627 1173 1662 Spiritumque;
1188 1627 1269 1654 Pater
1280 1636 1339 1654 vero
1355 1628 1445 1654 nonin
1460 1637 1490 1655 co
1510 1628 1579 1664 quod
1597 1629 1630 1655 sit
1647 1628 1764 1663 alicujus

971 1679 1000 1700 ut
1014 1682 1045 1701 ex
1060 1673 1161 1708 aliquo,
1182 1674 1227 1700 seti
1240 1674 1266 1700 in
1290 1682 1331 1706 eo,
1355 1675 1424 1709 quod
1438 1679 1545 1710 generat
1568 1674 1680 1707 Filium,
1707 1674 1764 1709 ejus

970 1721 1076 1747 dicitur.
1105 1729 1114 1746 ι
1146 1719 1302 1747 Secundutu
1327 1720 1398 1747 hanc
1432 1720 1584 1748 doctrinam
1610 1721 1682 1748 bene
1703 1720 1760 1747 dici

970 1766 1069 1802 potest,
1088 1766 1212 1801 quaedam
1231 1765 1268 1793 ita
1287 1766 1402 1800 alicujus
1431 1766 1495 1798 dici,
1514 1770 1543 1793 ut
1570 1766 1652 1793 etiam
1675 1774 1707 1793 ex
1728 1774 1762 1793 eo

971 1811 1036 1842 sint,
1057 1811 1181 1845 quaedam
1198 1818 1263 1837 vero
1281 1818 1337 1837 non
1353 1811 1409 1843 ita;
1429 1818 1490 1845 quae
1513 1810 1595 1845 priori
1614 1811 1695 1838 modo
1712 1811 1763 1837 ali-

971 1857 1050 1891 cujus
1064 1856 1203 1888 dicuntur,
1219 1856 1364 1883 manifeste
1381 1856 1445 1883 inde
1472 1856 1603 1891 dignosci,
1617 1856 1688 1890 quod
1712 1856 1763 1883 alia

971 1903 1051 1935 ratio,
1060 1910 1109 1930 cur
1118 1902 1201 1937 hujus
1210 1902 1346 1935 dicantur,
1360 1902 1448 1929 locum
1458 1902 1572 1929 omnino
1583 1909 1636 1931 non
1651 1902 1762 1934 habeat,

971 1948 1013 1975 vel
1024 1955 1110 1976 nexus
1122 1948 1182 1975 talis
1190 1947 1262 1975 inter
1273 1952 1419 1982 utrumque
1438 1947 1600 1980 intercedat,
1613 1948 1658 1983 qui
1669 1947 1695 1974 id
1710 1956 1760 1982 per

973 2003 1003 2023 se
1014 1994 1168 2030 patefacere
1182 1993 1278 2029 possit.
1294 1993 1397 2021 Deinde
1414 1994 1446 2020 ad
1463 1994 1528 2021 illud
1538 1993 1734 2029 Theophylacti
1754 2003 1761 2021 :

973 2051 983 2068 ι
1002 2041 1105 2069 Dicitur
1116 2040 1235 2076 Spiritus
1249 2048 1309 2067 esse
1325 2039 1395 2073 Filii,
1411 2040 1562 2067 secundum
1580 2040 1652 2075 quod
1669 2040 1761 2067 unitas

971 2090 1014 2114 est
1020 2086 1105 2113 Filius
1113 2089 1140 2113 et
1153 2085 1240 2113 virtus
1251 2090 1278 2112 et
1287 2085 1432 2120 sapientia,
1440 2091 1551 2112 sanctus
1561 2093 1626 2113 vero
1643 2084 1764 2120 Spiritus

971 2136 999 2159 et
1016 2131 1128 2159 unitatis
1138 2135 1166 2159 et
1180 2131 1347 2159 fortitudinis
1358 2135 1384 2158 et
1398 2131 1541 2166 sapientia:
1563 2131 1680 2165 Spiritus
1691 2130 1764 2166 apud

971 2177 1068 2206 Isaiam
1081 2177 1255 2210 describitur,
1279 2187 1288 2203 ι
1305 2178 1432 2205 observat
1454 2177 1530 2212 llugo
1555 2176 1693 2208 virtutem,
1720 2184 1764 2203 sa-

129 2227 206 2265 [l92l
228 2228 384 2262 statuenda,
408 2235 468 2262 quae
486 2227 586 2255 divinis
612 2227 840 2261 conc0rdat(95).
859 2226 921 2254 Haec
934 2220 960 2251 D
974 2225 1116 2260 pientiam,
1144 2224 1277 2251 unitatetn
1310 2224 1397 2251 tribus
1416 2223 1542 2259 personis
1560 2223 1707 2250 convenire
1736 2227 1763 2250 et

127 2282 210 2309 porro
218 2279 261 2302 est
270 2274 383 2310 originis
396 2274 527 2301 habitudo
542 2273 565 2309 (ᾗ
582 2273 637 2308 14),
651 2273 747 2301 relatio
760 2272 833 2300 inter
843 2272 920 2307 priri-

166 2354 221 2390 (94)
239 2353 371 2390 Videlicet
385 2351 621 2390 nomen_§pi_ri_tus
635 2356 692 2390 tum
711 2350 850 2390 essential:
863 2355 919 2390 turn

129 2386 268 2425 personalc
283 2396 344 2416 esse
370 2387 532 2425 po_test._CI'.
550 2386 658 2425 Thom._
669 2386 746 2425 Salii.
769 2386 799 2425 _I,
816 2394 849 2425 Β.
869 2387 918 2425 ’5.6.

129 2420 156 2452 a.
175 2425 186 2451 1
203 2425 230 2451 in
244 2431 320 2458 corp.
337 2420 409 2451 et'ad
432 2423 456 2449 l.
469 2421 528 2449 Jam
547 2423 616 2457 Aug.
632 2421 680 2458 _Ite
702 2422 796 2458 Trinit.
816 2420 845 2451 ν,
865 2422 918 2453 11;

128 2459 187 2491 XV,
207 2460 238 2486 I9
251 2459 277 2486 id
294 2456 424 2493 praeclare
439 2462 549 2484 enarrat
564 2466 570 2484 :
591 2456 601 2493 ξ
625 2456 694 2489 Quia
722 2456 841 2493 Spiritus
856 2464 920 2493 sane

129 2499 192 2522 ctus
207 2491 351 2521 communis
370 2498 408 2520 est
423 2493 558 2523 ambobus,
570 2492 597 2519 id
609 2497 719 2519 vocatur
737 2491 841 2525 proprie
851 2492 921 2526 quod

129 2530 209 2557 antbo
235 2530 419 2556 communiter.
443 2537 452 2554 ι
478 2527 520 2555 Cf.
538 2532 566 2555 et
587 2527 693 2562 Ilugon.
712 2526 805 2553 Ether.
833 2527 850 2552 Ι.
878 2535 918 2559 ιιι,

128 2573 157 2593 c.
173 2565 200 2597 5,
216 2572 243 2599 p.
262 2563 331 2591 1⁸240
350 2571 407 2598 seq.
430 2563 536 2590 Pariter
560 2562 649 2589 Patris
672 2569 773 2588 nomen
793 2562 921 2599 essentia-

129 2596 317 2634 liter'quoquc
342 2596 502 2634 usurpatur,
521 2605 577 2634 non
603 2602 709 2624 tantum
730 2596 920 2634 personaliter;

129 2635 178 2663 sed
208 2632 293 2669 priori
316 2632 528 2669 modo’nonnisi
547 2633 579 2669 ad
606 2638 695 2669 extra.
723 2632 756 2658 ad
781 2636 919 2669 creaturas

129 2667 242 2710 dicitur,
257 2673 286 2696 ut
300 2668 454 2710 Matthiavr1
470 2668 517 2710 ﬁli,
530 2668 583 2701 5‘2;
603 2676 630 2700 χ,
645 2667 692 2710 ξε),
708 2671 816 2710 etltunc
832 2667 920 2710 tribus

130 2702 418 2742 personisdcqnv‘enit.
436 2703 477 2742 De
491 2703 542 2742 hac
559 2703 724 2742 acceptione
742 2702 786 2728 hic
803 2709 857 2742 non
878 2706 921 2742 est

131 2737 234 2768 sermo.
247 2739 276 2767 Si
303 2739 422 2774 Spiritus
443 2738 566 2774 alicujus
582 2745 642 2765 esse
663 2737 772 2774 dicitur,
794 2740 824 2763 ut
846 2741 919 2774 recte

132 2780 210 2803 notat
221 2772 331 2802 Bessar:
345 2775 390 2809 (ep
415 2773 449 2801 ad
466 2773 543 2801 Alex.
557 2773 667 2809 Lascar.
685 2772 757 2809 c.76),
767 2779 821 2799 non
836 2772 919 2799 abso-

131 2811 188 2838 lute
205 2818 252 2837 seu
271 2807 453 2838 essentialiter
468 2809 596 2840 sumitur,
613 2808 660 2836 sed
680 2807 802 2835 relative.

168 2845 225 2880 (95)
245 2846 356 2880 Egregie
378 2845 432 2872 Leo
446 2843 482 2880 ll.
505 2851 589 2880 serm.
607 2844 632 2875 I,
666 2843 818 2880 defgtttec.
837 2841 916 2880 (Ball.

133 2877 220 2911 serui;
237 2877 289 2913 75-;
314 2877 414 2908 l’atrol.
436 2879 479 2909 ed.
504 2879 591 2907 Musas
616 2884 682 2907 tom.
699 2877 766 2911 LIV,
793 2885 820 2913 p.
839 2877 914 2913 403),

972 2279 1020 2307 per
1036 2278 1067 2298 se
1078 2277 1140 2298 esse
1157 2270 1267 2297 nomina
1283 2269 1454 2302 essentialia;
1480 2268 1503 2296 si
1529 2268 1701 2295 esscntialiter
1716 2276 1763 2295 su-

972 2358 1033 2386 cap.
1048 2350 1065 2377 '5
1079 2359 1086 2377 '.
1105 2358 1114 2375 ι
1132 2348 1201 2386 cum
1216 2350 1248 2386 in
1258 2355 1439 2386 personarum
1462 2347 1677 2386 proprietatibus
1691 2347 1762 2374 alius

972 2382 1014 2412 sit'
1025 2386 1115 2417 Pater,
1134 2385 1204 2412 alius
1227 2382 1267 2412 sit
1284 2384 1381 2415 Filius,
1402 2383 1473 2410 alius
1497 2382 1616 2417 Spiritus
1638 2387 1761 2414 sanctus,

971 2428 1026 2448 non
1050 2424 1142 2447 tamen
1160 2420 1213 2447 alia
1235 2419 1336 2451 Deitas,
1354 2427 1405 2446 nec
1419 2418 1527 2444 diversa
1547 2422 1644 2444 natura
1661 2421 1712 2444 est.
1731 2418 1761 2444 Si

971 2455 1081 2490 quidem
1097 2463 1159 2482 cum
1183 2459 1211 2482 et
1227 2455 1260 2482 de
1282 2454 1361 2490 Patre
1373 2453 1419 2490 rsit
1446 2452 1537 2490 Filips
1552 2453 1720 2490 ttnigenitus,
1736 2457 1763 2479 et

971 2487 1087 2525 Spiritus
1101 2494 1208 2517 sanctus
1218 2490 1306 2516 Patris
1316 2488 1474 2525 Filiique_sit
1491 2487 1684 2525 Spit‘t‘ltts,unott
1696 2488 1762 2525 sicut

972 2522 1133 2561 qua’cunque
1151 2530 1285 2561 creatura,
1303 2532 1362 2559 qua:
1382 2528 1406 2550 et
1421 2522 1510 2549 Patris
1529 2527 1553 2549 et
1572 2523 1697 2561 Filiiest.
1718 2523 1764 2550 sed

971 2559 1038 2588 sicut
1054 2569 1112 2587 cum
1133 2565 1242 2594 utroque
1259 2560 1344 2586 vivens
1360 2563 1384 2584 et
1399 2563 1500 2592 potens,
1514 2562 1538 2584 et
1558 2559 1717 2593 sempiterna
1730 2566 1764 2585 ea:

972 2604 1002 2623 eo
1022 2595 1143 2631 quadrcst
1157 2593 1238 2622 Paler
1252 2594 1390 2631 Piliusque
1399 2593 1559 2631 subsistens;
1573 2603 1582 2631 ι

1008 2628 1064 2666 (96)
1090 2630 1164 2666 Vidit
1192 2634 1272 2666 acute
1299 2629 1428 2666 Photius,
1453 2636 1516 2666 cum
1540 2628 1635 2666 Filius
1655 2628 1763 2666 dicatur

971 2663 1083 2698 veritas,
1099 2665 1196 2697 virtus,
1212 2665 1346 2700 sapientia
1360 2664 1552 2700 expressiones
1566 2663 1677 2700 Πνεῦμα
1696 2663 1763 2698 ἁλη-

971 2702 1058 2733 θείας,
1070 2700 1223 2735 δυνάμεως,
1231 2698 1335 2735 copia;
1345 2699 1440 2726 eodem
1455 2699 1536 2726 modo
1547 2698 1659 2735 intelligi
1669 2705 1761 2732 posse,

971 2744 1026 2771 quo
1042 2733 1155 2771 ﬂveﬁpa
1176 2734 1259 2767 Ytoﬁ;
1278 2733 1345 2771 ideo
1358 2734 1445 2771 ponit
1472 2735 1539 2761 alias
1555 2733 1711 2771 dictiones,
1733 2738 1763 2760 ut

971 2768 1018 2806 Sp.
1041 2768 1177 2804 ﬁdei,'Sp.
1192 2768 1392 2806 promissionis,
1416 2769 1463 2806 Sp.
1488 2768 1676 2806 revelationis,
1692 2772 1760 2802 etc.,

971 2803 1001 2833 iii
1013 2806 1114 2838 quibus
1126 2803 1274 2833 adversarii
1289 2805 1350 2832 Filii
1364 2803 1476 2832 nomina
1489 2803 1611 2831 invenire
1623 2807 1762 2838 nequeant

971 2815 1001 2833 ιιι
1033 2815 1114 2833 “IDUS
1126 2815 1274 2833 adversam
1290 2815 1303 2832 Ι
1312 2815 1350 2832 IIII
1364 2815 1476 2832 llUl'lIIHﬂ
1489 2815 1611 2831 lllVCllll'e
1623 2815 1762 2838 lquuCallI

971 2815 1084 2875 (eq-‘58).
1100 2840 1153 2869 Sed
1164 2848 1197 2868 eo
1209 2840 1268 2876 ipso
1277 2841 1332 2876 jam
1344 2840 1497 2876 subjectum
1515 2846 1570 2867 non
1584 2843 1626 2868 est
1645 2838 1763 2875 amplius

971 2877 1042 2905 idem
1060 2877 1137 2911 illud,
1150 2877 1184 2905 de
1197 2875 1251 2913 quo
1264 2875 1351 2904 Latini
1368 2875 1405 2903 ita
1418 2878 1552 2902 statuunt.
