1945 3088
194 173 247 204 45.7

761 168 895 199 PHOTII
914 166 1170 198 PATRIABCH/E
1189 167 1244 197 (ΣΡ.

1783 159 1835 191 iis

195 232 318 260 muntur,
334 227 402 254 nihil
420 226 541 253 sanchie
553 226 723 261 explicatur;
740 226 763 253 si
778 233 844 253 vero
858 233 988 260 persona-
1002 223 1028 253 Α
1040 231 1103 250 nem
1124 223 1199 250 illum
1219 231 1233 249 a
1253 222 1348 249 Photio
1374 221 1478 248 Latinis
1500 224 1648 255 ascriptum
1680 227 1762 246 nemo
1785 220 1834 246 ad-

197 270 257 302 Ii'ter
269 279 296 302 et
310 278 390 309 prout
405 273 473 300 Filio
489 273 710 307 appropriantur,
720 273 814 299 eadem
829 272 987 299 Latinorum

196 324 354 354 argumenta
372 322 523 345 recurrunt.
545 318 678 345 Prmtcrea
703 315 829 352 exempla
850 318 926 344 varia
953 317 988 344 ab

196 365 358 392 adversariis
369 364 448 391 allata
468 363 509 391 sic
530 364 655 398 repellit:
674 373 683 389 ι
699 363 877 390 Deusdicitur
891 362 987 398 (Deus)

195 411 330 438 Abraham
340 416 369 437 nt
376 415 481 437 creator
490 418 517 437 et
523 410 656 437 Dominus
664 410 812 441 Abraham,
821 409 912 437 forsan
922 416 989 436 vero

195 461 223 484 et
236 462 265 483 ut
278 457 382 484 amicus
395 457 484 488 illius;
501 457 656 484 intellectus
670 461 761 483 autem
774 461 801 483 et
817 455 988 483 fortitudinis

194 507 222 527 et
235 501 363 529 similium
374 507 402 529 ut
411 503 521 537 c/ﬁciens
534 510 615 528 causa
628 502 740 529 dicitur.
753 501 807 529 Sed
821 501 939 537 Spiritus
947 501 989 528 di-

195 549 266 575 citur
278 548 339 576 Filii
355 553 382 575 et
394 549 490 580 Patris,
506 552 576 575 utex
587 549 641 576 Deo
653 556 703 576 ens
718 552 744 575 et
758 548 818 584 ipse
833 547 915 581 Deus,
929 555 988 575 non

195 598 226 620 ιιι
242 593 422 620 adventitium
447 593 616 620 adveniendo
634 593 805 620 extrinsecus
825 593 889 627 (hoc
910 592 987 620 enim

194 638 255 674 quis
270 646 426 666 asseverare
441 639 571 673 audeat?)
590 639 638 666 sed
652 643 681 666 ut
700 638 841 674 plenitudo
853 639 925 674 ejus,
941 638 988 674 qui

191 687 268 712 certe
283 691 338 711 non
347 684 425 711 aliter
434 691 500 711 sano
511 684 649 712 intellectu
673 684 868 719 comprehendi
885 688 987 720 potest,

193 729 346 756 secundum
377 730 449 764 quod
468 730 564 757 tertius
580 730 679 758 dicitur
703 738 718 757 a
734 729 859 763 Patre...,
882 730 935 757 nisi
953 738 988 758 ex

193 773 263 801 Filio
279 774 377 801 habere
397 775 578 802 substantiam
592 775 758 811 intelligatur
776 779 804 803 et
827 775 987 803 considere-

194 821 254 850 tur;
266 817 308 844 hic
319 818 411 852 utique
423 819 541 853 Spiritus
552 820 627 854 juxta
639 820 744 846 Domini
756 827 850 847 vocem
863 820 986 848 Veritatis

192 863 315 897 est,quia
323 863 422 891 dicitur
434 864 548 898 Spiritus
562 864 683 892 veritatis
693 874 700 897 ;
709 865 754 899 qui
765 865 843 901 [194]
854 866 985 900 profecto,

195 909 222 935 in
236 914 368 943 quantum
387 909 511 936 Veritatis
526 915 577 940 est,
591 910 618 936 in
636 915 740 938 tantum
758 910 818 937 Filii
832 911 948 943 exsistit,
959 915 987 938 et

191 962 229 982 ex
242 954 302 990 ipso
328 955 518 983 exsistentiam
548 957 696 984 sortitur...
718 956 745 983 Si
772 956 900 992 (Spiritus
924 965 989 985 san-

194 1000 421 1029 ctusexVeritate
433 1010 488 1029 non
502 1003 586 1030 habet
597 1010 668 1034 esse,
681 1002 834 1030 adveniens
846 1006 873 1030 et
883 1003 989 1031 adven-

195 1046 252 1074 titia
264 1052 305 1074 est
315 1047 375 1082 ejus
387 1048 486 1076 veritas
497 1056 504 1080 ;
515 1056 576 1076 cum
591 1049 650 1084 ipse
662 1048 793 1077 Veritatis
810 1049 987 1084 praedicetur,

195 1093 289 1127 ctejus
299 1093 405 1121 dicatur
419 1102 489 1121 esse.
506 1094 590 1130 Igitur
607 1095 678 1122 sicut
690 1099 733 1123 est
749 1094 888 1128 Veritatis,
907 1095 946 1122 sic
960 1100 988 1123 et

194 1148 256 1168 esse
266 1144 293 1167 et
303 1140 452 1167 subsistere
461 1141 542 1168 habet
556 1149 587 1168 ea
602 1141 732 1174 Veritate,
744 1146 772 1169 et
784 1150 817 1169 ex
836 1142 904 1177 ipsa,
922 1141 990 1168 Filio

191 1185 310 1218 scilicet,
327 1186 451 1221 procedit
464 1187 614 1214 secundum
630 1195 808 1222 personarum
826 1187 961 1215 ordinem.
977 1197 987 1213 ι

231 1232 274 1258 l7.
295 1231 394 1267 Objicit
410 1232 460 1259 sibi
473 1232 590 1260 Photius
606 1233 679 1268 (cap.
701 1234 746 1266 59)
761 1233 788 1260 in
799 1233 924 1261 adductis
944 1233 990 1260 Bi-

194 1277 311 1306 bliorum
347 1278 510 1306 testimoniis
538 1279 574 1314 (c.
604 1280 660 1313 57),
680 1284 707 1306 ut
733 1280 788 1306 Isa.
818 1288 854 1311 xt,
886 1279 922 1312 2;
948 1279 988 1310 Il,

199 1323 267 1350 Tim.
285 1331 304 1356 ι,
320 1323 352 1356 7;
374 1324 465 1351 Galut.
483 1333 520 1356 γι,
539 1324 569 1357 ίς
586 1324 671 1351 Exod.
684 1333 759 1357 xxxx,
775 1325 803 1357 2,
819 1326 845 1358 '5,
863 1325 988 1359 aliisque,

194 1377 250 1405 non
275 1369 364 1404 ipsum
389 1370 523 1404 Spiritqu
543 1375 668 1398 sanctum
695 1371 912 1407 intelligendum.
940 1371 988 1398 sed

195 1417 266 1443 dona
282 1421 310 1444 et
322 1417 487 1444 charismata
504 1417 537 1444 ab
552 1425 585 1444 eo
596 1418 785 1452 promanantia
799 1426 914 1453 quicque
933 1419 991 1453 ipse

195 1462 327 1496 largitur;
342 1463 389 1489 Sed
399 1463 466 1489 nihil
476 1463 527 1490 hoc
541 1463 818 1499 adversariosjuvare
833 1465 988 1496 contendit,

196 1507 260 1543 quia
276 1509 426 1535 secundum
441 1515 535 1535 eorum
552 1510 639 1544 legem
656 1510 811 1538 ratiocinari
828 1511 864 1538 ita
889 1511 989 1538 debea-

1041 269 1229 296 mittiteorum
1249 267 1272 303 (ᾗ
1288 267 1331 303 16)
1351 272 1379 295 et
1402 267 1468 294 hinc
1489 265 1660 293 ratiocinatio
1683 266 1722 291 illi
1745 265 1829 297 unice,

1040 319 1219 349 superstructa
1233 313 1324 345 cadit;
1348 321 1402 340 non
1430 317 1472 340 est
1497 312 1634 348 genitivus
1657 312 1702 339 hic
1722 319 1830 338 causam

1041 360 1176 391 iudicans,
1198 360 1245 387 sed
1273 359 1403 386 effectum
1421 358 1552 390 denotat;
1570 365 1625 384 non
1645 362 1709 384 sunt
1735 357 1833 384 divina!

1043 414 1167 442 personae
1182 406 1324 441 sapientia,
1339 406 1418 437 ﬁdes,
1438 404 1583 436 revelatio,
1603 407 1657 431 etc.
1673 404 1761 438 Atque
1772 404 1834 430 licet

1038 461 1124 480 sensu
1134 460 1200 480 vero
1217 456 1245 479 et
1256 452 1357 479 biblieo
1369 451 1514 486 πνεύματα
1528 450 1657 478 dicantur
1670 450 1833 477 charismata

1043 504 1072 526 et
1086 502 1124 526 tot
1147 497 1253 533 possint
1276 497 1371 525 haberi
1393 496 1539 531 πνεύματα
1557 496 1607 523 hac
1633 496 1833 531 significatione

1040 549 1158 579 sumpta,
1165 548 1233 578 quot
1242 543 1407 570 charismata
1420 551 1426 569 ε
1437 546 1527 569 tamen
1541 542 1599 568 haec
1609 549 1664 568 non
1671 541 1832 568 dividuntur

1038 591 1066 618 in
1076 590 1140 621 duo.
1150 594 1179 618 ut
1185 597 1219 617 ex
1232 589 1300 616 falso
1308 588 1542 624 suppositoarguit
1550 587 1665 623 Photius
1674 587 1710 623 (c.
1720 588 1764 620 59,
1773 587 1830 622 60).

1039 636 1093 664 Sed
1111 636 1154 663 his
1178 635 1328 671 puerilibus
1341 634 1412 662 ludis
1424 642 1481 661 non
1497 638 1539 662 est
1553 634 1765 661 immorandum.

1077 683 1119 710 l8.
1136 681 1190 709 Sed
1207 681 1274 709 alias
1285 688 1395 716 quoque
1413 680 1533 708 rationes
1555 680 1583 707 in
1598 685 1726 715 promptu
1751 679 1834 707 habet

1038 729 1165 763 Pliotius,
1186 736 1272 764 quare
1287 728 1406 764 Spiritus
1423 727 1484 755 Filii
1509 727 1626 755 dicatur.
1643 727 1763 760 Quarum
1780 735 1833 754 una

1039 776 1103 804 licet
1112 776 1142 803 in
1155 783 1239 811 opere
1253 783 1309 802 non
1328 775 1416 802 fusius
1431 774 1576 809 explicata,
1593 779 1685 801 tamen
1708 774 1735 801 in
1756 774 1834 802 titulo

1038 828 1167 856 expressa
1183 825 1210 848 et
1225 820 1326 855 saepius
1339 819 1477 847 insinuata
1489 819 1544 855 (97)
1566 824 1608 847 est
1623 828 1630 845 :
1647 819 1719 853 quod
1740 819 1833 850 Spiri~

1039 872 1083 895 tus
1099 876 1116 894 a
1129 867 1197 894 Filio
1207 867 1330 893 mittatur
1353 870 1377 892 et
1397 865 1579 900 suppeditetur
1600 865 1686 900 dignis
1703 865 1832 899 ﬁdelibus.

1039 914 1115 942 Hanc
1129 913 1261 940 rationem
1289 911 1383 939 sedulo
1404 916 1572 938 exornarunt
1586 911 1675 939 Photii
1703 919 1835 945 sequaces

1040 966 1156 993 eamque
1193 957 1321 985 catholici
1359 957 1475 993 theologi
1513 962 1640 984 accurate
1668 956 1833 985 refutarunt.

1038 1005 1148 1033 Etenim
1174 1004 1195 1039 l)
1222 1004 1329 1031 etiamsi
1351 1004 1386 1031 ad
1411 1004 1570 1031 missionem
1596 1003 1732 1031 referatur
1761 1003 1834 1039 quod

1040 1050 1160 1086 Spiritus
1169 1051 1270 1078 dicitur
1283 1050 1355 1083 Filii,
1363 1050 1453 1078 adhuc
1465 1050 1603 1085 processio
1614 1050 1712 1078 exinde
1727 1050 1780 1078 ded
1789 1050 1833 1078 uci

1039 1102 1140 1132 potest,
1158 1105 1221 1124 cum
1238 1097 1332 1124 missio
1356 1096 1513 1131 temporalis
1533 1100 1642 1123 aeternae
1661 1096 1832 1131 processioni

1040 1144 1172 1172 innitatur
1189 1143 1227 1178 (ξς
1251 1143 1280 1176 '5,
1299 1143 1338 1178 4).
1357 1143 1389 1178 ll)
1417 1143 1534 1178 Spiritus
1551 1150 1566 1169 a
1594 1142 1720 1170 Patribus
1735 1143 1835 1170 dicitur

1041 1189 1166 1224 proprius
1180 1189 1238 1215 Filii
1253 1188 1402 1216 secundum
1420 1194 1562 1220 naturam;
1577 1188 1616 1215 sic
1630 1187 1748 1216 Basilius
1765 1188 1783 1215 l.
1813 1196 1833 1221 I,

1042 1243 1067 1262 ε.
1098 1234 1213 1262 Eunom.
1243 1234 1363 1268 explicat
1393 1233 1506 1269 Πνεῦμα
1536 1233 1669 1270 Χριστοῦ,
1695 1234 1734 1266 ὡς
1763 1234 1835 1260 κατὰ

1041 1281 1123 1315 φύσιν
1143 1281 1319 1316 ᾠκειωμένον
1359 1279 1432 1315 αὐτῷ
1469 1280 1594 1316 (Gregor.
1633 1280 1692 1315 Cpl.
1724 1281 1833 1316 Apolog.

1041 1331 1132 1353 contra
1149 1326 1184 1353 Μ,
1203 1325 1296 1360 Ephes.
1315 1325 1431 1361 Confess.
1446 1326 1507 1353 cod.
1532 1325 1609 1353 Mon.
1633 1326 1667 1352 27
1686 1325 1705 1353 f.
1735 1326 1783 1352 H7
1805 1327 1831 1359 b,

1040 1374 1094 1400 hoc
1106 1377 1179 1400 textu
1195 1378 1293 1408 przeter
1304 1373 1371 1400 alios
1382 1372 1479 1406 utitur)
1491 1380 1498 1404 ;
1513 1373 1560 1400 sed
1573 1377 1670 1399 natura
1678 1377 1721 1400 est
1733 1377 1834 1400 mterna

1041 1424 1069 1447 et
1081 1420 1102 1446 si
1120 1419 1185 1454 quid
1207 1424 1304 1446 natura
1320 1419 1461 1454 proprium
1477 1419 1600 1451 alterius,
1621 1419 1681 1453 ejus
1706 1418 1745 1446 rei
1764 1419 1834 1446 ratio

1042 1466 1137 1500 nequit
1155 1473 1187 1492 ex
1206 1465 1378 1500 temporariis
1394 1465 1500 1499 repeti;
1517 1469 1560 1492 est
1582 1465 1698 1500 proinde
1718 1464 1835 1500 Spiritus

1040 1512 1168 1547 proprius
1183 1511 1242 1538 Filii
1259 1519 1312 1537 non
1335 1511 1425 1546 aliquo
1446 1511 1500 1537 alio
1525 1516 1666 1546 respectu,
1688 1511 1737 1538 sed
1754 1515 1836 1546 prout

197 1562 258 1581 mus
273 1555 352 1582 :inde
365 1555 486 1589 procedit
498 1554 626 1590 Spiritus,
639 1556 837 1589 cujusdieitur,
850 1557 908 1584 sive
925 1566 987 1592 per-
1004 1568 1026 1598 ρ
1044 1563 1087 1584 est
1101 1557 1191 1585 divina
1208 1565 1334 1592 persona,
1345 1561 1372 1584 et
1388 1557 1451 1584 inde
1471 1565 1503 1584 ex
1519 1557 1578 1592 ipso
1594 1561 1644 1584 est.
1658 1555 1714 1592 Ill).
1732 1556 1833 1589 Causa,

197 1609 264 1629 sona
282 1601 400 1636 Spiritus
420 1602 477 1628 sive
490 1601 626 1629 charisma
654 1603 839 1638 intelligatur;
853 1612 918 1640 ergo
934 1612 990 1631 non

196 1646 333 1673 charisma
342 1646 644 1682 producitsapientiam,
654 1647 823 1679 filiationem,
832 1647 991 1681 fidcm,etc.,

198 1693 246 1719 sed
262 1692 407 1727 sapientia,
424 1693 529 1726 filiatio,
547 1693 623 1725 fides,
639 1698 704 1726 ete.,
724 1694 879 1728 producunt
900 1695 992 1721 chari-

199 1743 297 1765 smata.
315 1739 372 1766 lmo
388 1747 450 1766 cum
467 1740 544 1774 juxta
557 1740 728 1767 adversarios
750 1740 821 1767 idem
842 1740 878 1767 sit
899 1740 992 1767 dicere

198 1785 314 1820 Πνεῦμα
324 1794 354 1813 ac
367 1786 458 1813 dicere
466 1786 614 1817 charisma,
623 1790 661 1813 tot
675 1791 755 1814 erunt
767 1787 833 1821 ipsis
844 1786 992 1822 Πνεύματα

198 1836 265 1866 quot
276 1832 432 1867 χαρίσματα
445 1833 620 1868 etquodlibet
633 1835 728 1860 horum
742 1839 920 1867 pneumatum
933 1833 992 1861 sive

198 1878 393 1906 charismatum
408 1879 434 1906 in
447 1880 501 1906 duo
515 1879 661 1911 dividetur,
677 1887 793 1914 quorum
814 1887 900 1906 unum
925 1887 990 1914 pro-

198 1925 290 1956 ducat,
308 1925 421 1952 alterum
436 1926 614 1960 producatur,
639 1934 723 1952 unum
749 1926 845 1958 donet,
877 1925 992 1952 alterum

199 1971 327 2002 donetur,
341 1971 407 1998 lides
424 1971 503 1998 fidem
515 1992 521 2002 ,
540 1971 694 1998 intellectus
719 1971 888 1999 intellectum
908 1976 936 1999 et
951 1971 992 1999 sic

200 2015 330 2050 deinceps
348 2016 442 2042 donet.
459 2015 511 2043 Sed
529 2015 653 2043 absurda:
668 2017 747 2051 plane
772 2017 906 2050 ejusmodi
928 2021 993 2044 sunt

200 2062 400 2089 conclusiones.
416 2062 446 2089 lu
464 2063 560 2096 primis
583 2063 684 2090 docent
711 2063 812 2096 Latini,
834 2063 992 2099 πνεύματος

200 2113 295 2132 vocem
308 2105 494 2140 multipliciter
512 2106 656 2141 usurpari;
680 2106 836 2142 signiﬁcare
850 2107 990 2134 interdum

200 2152 350 2185 ἐνέργειαν,
365 2151 479 2186 δύναμιν
492 2152 563 2179 haud
578 2160 626 2187 per
641 2160 670 2180 se
682 2153 888 2183 subsistentem,
898 2153 991 2188 signi-

201 2205 264 2226 care
283 2206 356 2229 aera.
375 2204 498 2229 ventum,
512 2198 616 2230 ﬂatum,
630 2204 700 2232 ριε.;
717 2207 778 2226 cum
795 2207 858 2226 vero
872 2207 933 2226 cum
945 2207 991 2226 ar-

163 2258 166 2264 ι
201 2246 284 2272 tieulo
291 2251 417 2280 ponatur,
427 2246 587 2280 plerumque
597 2254 653 2273 rem
664 2251 776 2278 certam,
788 2246 952 2281 singularem
960 2254 991 2274 ac
1007 2241 1029 2269 Ῑ)

200 2291 361 2326 regulariter
375 2291 570 2318 subsistentem
596 2297 706 2324 notare;
724 2292 751 2318 in
771 2291 876 2323 Bibliis,
895 2291 990 2326 utjam

200 2337 317 2364 advertit
334 2337 470 2371 Didymus.
483 2336 523 2364 1.1
540 2336 578 2362 De
591 2336 674 2369 Trim,
690 2336 719 2362 τὸ
736 2336 849 2371 Πνεῦμα
867 2345 991 2364 commu-

200 2383 272 2410 niter
296 2383 348 2410 dici
379 2383 509 2417 Spiritum
538 2387 681 2415 sanetum;
709 2389 791 2417 posse
822 2391 887 2410 vero
916 2388 943 2411 et
961 2384 991 2410 τὸ

201 2429 313 2463 Πνεῦμα
328 2429 399 2457 dona
423 2429 542 2464 Spiritus
560 2429 646 2456 sancti
663 2429 817 2464 signiﬁcare
832 2429 916 2464 ﬁgura
933 2437 991 2457 me-

201 2476 336 2510 tonymim,
354 2483 406 2511 qua
419 2484 466 2511 pro
484 2475 633 2502 effectibus
649 2483 763 2510 persona
776 2476 900 2502 etl‘ectrix
912 2477 991 2510 poni-

202 2528 253 2553 tur,
275 2522 408 2555 utEp/u's.
428 2531 463 2554 IV,
486 2522 537 2555 ‘23;
556 2523 569 2549 Ι
582 2523 668 2549 Thess.
681 2523 772 2554 v.19;
793 2521 807 2548 1
820 2522 899 2550 Joan.
914 2531 951 2556 tv,
976 2524 987 2550 l

201 2567 245 2601 (ll.
275 2566 377 2594 Kilber.
407 2567 502 2595 Theol.
528 2568 612 2595 Wire.
645 2568 733 2594 Tract.
758 2567 796 2594 De
812 2568 866 2594 Deo
888 2577 940 2595 uno
966 2573 990 2596 et

201 2615 271 2640 trino
287 2613 356 2647 disp.
377 2612 403 2644 6,
419 2622 443 2640 ρ.
458 2614 492 2646 Ξς
505 2618 557 2641 art.
576 2615 588 2640 l
608 2613 655 2641 (in.
672 2622 700 2641 n.
716 2614 791 2647 545).
811 2615 844 2641 Ει
866 2619 940 2641 recte
963 2614 991 2641 in

199 2660 292 2687 multis
312 2659 462 2686 Bibliorum
484 2660 552 2687 locis
569 2669 618 2695 per
643 2660 775 2695 Spiritum
793 2659 867 2696 [195]
892 2660 976 2687 intelli

199 2712 266 2741 gunt
289 2706 464 2738 charismata,
497 2711 526 2733 ut
549 2706 604 2741 jam
638 2706 752 2741 pluralis
778 2706 813 2732 τὰ
845 2706 992 2741 πνεύματα

198 2760 225 2778 ν.
240 2760 280 2787 gr.
297 2752 311 2779 Ι
326 2751 404 2779 Joan.
426 2758 464 2784 Iv,
492 2752 515 2785 l,
542 2752 670 2779 ostendit.
707 2752 760 2779 Sed
785 2752 848 2779 inde
876 2760 930 2779 non
946 2760 991 2780 se—

199 2803 330 2832 quuntur,
348 2806 408 2833 qua:
428 2797 646 2825 comminiscitur
667 2798 801 2832 Photius;
825 2805 887 2825 nam
909 2806 991 2826 cauo-

239 2896 292 2930 (97)
309 2897 375 2925 Vide
392 2905 442 2926 art.
462 2900 577 2934 pra-cod,
593 2900 634 2934 ξε)

1044 2117 1077 2136 eo
1093 2109 1221 2140 mittitur,
1250 2108 1315 2136 falsa
1336 2113 1380 2135 est
1396 2108 1483 2140 ratio;

1043 1604 1083 1631 sic
1099 1603 1275 1630 ratiocinator
1287 1603 1419 1638 Georgius
1435 1603 1625 1638 Pachymeres,
1639 1603 1669 1636 (Ι.
1687 1610 1713 1630 c.
1742 1602 1774 1631 (ἔ.
1801 1603 1834 1630 0.

1044 1648 1065 1680 I,
1083 1648 1134 1675 390
1147 1648 1229 1682 seq),
1250 1647 1326 1682 prius
1348 1647 1459 1683 intelligi
1483 1647 1565 1675 debet
1593 1655 1676 1683 quam
1700 1647 1834 1681 effectus;

1044 1698 1072 1720 et
1097 1693 1295 1728 sempiternum
1322 1692 1350 1719 in
1373 1693 1499 1728 personis
1528 1693 1631 1720 divinis
1653 1692 1730 1727 prius
1753 1701 1834 1728 quam

1042 1738 1158 1766 effectus
1169 1746 1263 1766 earum
1276 1738 1352 1774 [196]
1369 1739 1416 1774 qui
1434 1743 1498 1766 sunt
1522 1739 1693 1772 temporales.
1715 1739 1835 1774 Spiritus

1043 1791 1155 1813 sanctus
1182 1786 1242 1812 ideo
1262 1785 1289 1812 in
1307 1790 1429 1820 tempore
1450 1786 1639 1820 suppeditatur
1671 1785 1796 1813 fidelibus
1819 1793 1836 1812 a

1042 1831 1124 1865 Filio,
1137 1833 1199 1867 quia
1211 1835 1253 1858 est
1262 1836 1289 1859 et
1311 1831 1411 1859 dicitur
1426 1831 1544 1866 Spiritus
1559 1831 1634 1864 Filii;
1656 1832 1708 1859 hoc
1724 1837 1766 1859 est
1787 1839 1836 1859 ve-

1043 1877 1092 1904 luti
1109 1885 1200 1908 causa,
1214 1876 1280 1903 illud
1299 1877 1381 1903 veluti
1397 1876 1519 1903 effectus.
1541 1877 1610 1911 Ergo
1625 1877 1697 1911 quod
1715 1876 1836 1914 Spiritus

1042 1924 1150 1951 dicatur
1170 1922 1240 1954 Filii,
1256 1931 1287 1950 cx
1309 1931 1342 1950 eo
1370 1923 1440 1950 ratio
1470 1931 1525 1950 non
1552 1923 1607 1957 peti
1635 1927 1734 1958 potest,
1762 1923 1835 1957 quod

1043 1970 1161 1998 donetur
1180 1978 1194 1996 a
1219 1969 1289 1996 Filio
1318 1969 1418 2003 (lignis.
1445 1969 1546 1996 Eodem
1577 1969 1657 1996 modo
1688 1970 1835 1996 Bcssarion

1044 2016 1137 2051 (epist.
1150 2015 1182 2042 ad
1198 2016 1275 2043 Alex.
1287 2015 1366 2042 Lasc.
1381 2023 1405 2042 c.
1423 2015 1454 2047 7;
1465 2015 1548 2042 llard.
1560 2014 1605 2046 IX,
1618 2015 1712 2050 1067):
1731 2025 1740 2040 ‹
1755 2014 1834 2047 Quod

1044 2063 1066 2089 si
1082 2062 1143 2097 quis
1157 2062 1248 2089 dicat:
1267 2062 1331 2088 ideo
1342 2062 1443 2089 dicitur
1461 2061 1583 2096 Spiritus
1613 2061 1684 2093 Filii,
1705 2061 1768 2096 quia
1799 2069 1835 2088 ex

1516 2116 1530 2136 e
1556 2116 1605 2135 COlI
1611 2116 1689 2135 verso
1716 2115 1835 2143 namque

1043 2155 1105 2189 quia
1120 2155 1180 2189 ejus
1200 2159 1252 2184 est.
1281 2154 1399 2181 mittitur
1423 2154 1458 2181 ab
1486 2162 1536 2186 eo;
1565 2153 1656 2188 priora
1672 2153 1744 2180 enim
1770 2158 1836 2180 sunt

1044 2209 1126 2229 causa
1146 2201 1329 2236 posteriorum
1359 2200 1424 2236 (non
1438 2200 1497 2228 vice
1512 2199 1611 2235 versa).
1641 2199 1718 2227 Prius
1741 2204 1834 2226 autem

1044 2253 1096 2279 est,
1107 2249 1178 2282 quod
1191 2247 1311 2281 Spiritus
1327 2246 1362 2274 sit
1379 2245 1496 2281 Spiritus
1513 2245 1591 2279 Filii;
1609 2245 1746 2280 posterius
1757 2252 1833 2276 vero,

1043 2293 1116 2327 quod
1130 2292 1254 2319 mittatur
1267 2292 1301 2319 ab
1320 2300 1364 2318 eo.
1387 2301 1396 2317 ι
1415 2291 1460 2326 ιν)
1482 2292 1543 2318 Non
1568 2292 1659 2318 minus
1681 2295 1835 2326 opportuna

1043 2344 1117 2371 sunt,
1133 2348 1194 2374 qua:
1211 2339 1332 2374 disputat
1349 2338 1428 2372 llugo
1444 2337 1613 2366 Etlierianus
1628 2337 1658 2371 (1.
1682 2345 1713 2369 ιι,
1729 2345 1754 2365 c.
1785 2337 1832 2369 20,

1042 2393 1070 2421 p.
1089 2386 1167 2419 19.35)
1186 2394 1193 2412 :
1214 2396 1223 2411 ί
1240 2385 1297 2412 Non
1325 2385 1426 2412 dicitur
1443 2383 1562 2419 Spiritus
1585 2383 1643 2410 Filii
1666 2389 1694 2411 ut
1714 2384 1836 2411 consub-

1047 2430 1174 2459 stantiale
1185 2434 1212 2456 et
1227 2430 1272 2465 qui
1287 2429 1405 2457 mittitur
1419 2437 1468 2464 per
1479 2430 1579 2464 ipsum,
1592 2433 1623 2456 ut
1637 2428 1726 2456 Photii
1740 2429 1833 2456 decla-

1043 2480 1085 2502 rat
1098 2475 1252 2510 descripto;
1263 2483 1309 2502 aut
1325 2476 1398 2503 enim
1415 2475 1579 2502 :elernaliter
1595 2480 1635 2501 est
1659 2474 1717 2500 Filii
1731 2481 1835 2508 perque

1042 2523 1132 2557 ipsum
1148 2521 1314 2549 :eternaliter
1337 2521 1464 2552 mittitur,
1492 2526 1539 2549 aut
1569 2521 1648 2555 prius
1670 2520 1728 2547 Filii
1758 2524 1829 2551 erat,

1042 2575 1122 2602 quam
1143 2575 1192 2602 per
1219 2567 1308 2601 ipsum
1338 2567 1502 2594 mitteretur.
1536 2566 1613 2598 Quod
1637 2566 1660 2593 si
1685 2569 1832 2600 antequam

1043 2613 1208 2645 mitteretur,
1222 2612 1282 2639 Filii
1294 2617 1352 2639 erat
1370 2612 1502 2647 Spiritus,
1526 2620 1577 2639 non
1589 2612 1652 2646 quia
1668 2619 1715 2645 per
1742 2612 1831 2646 ipsum

1044 2659 1171 2691 mittitur,
1186 2659 1246 2694 ejus
1263 2659 1381 2686 exsistit.
1399 2659 1433 2686 Et
1443 2666 1537 2685 rursus
1551 2658 1572 2684 si
1586 2666 1634 2692 per
1652 2657 1750 2684 Filium
1768 2656 1832 2690 Spi-

1043 2706 1112 2732 ritus
1129 2705 1435 2736 mternalitermittitur.
1461 2709 1509 2732 aut
1540 2705 1655 2731 mittitur
1684 2704 1751 2729 l-‘ilio
1768 2710 1832 2729 cum

1042 2752 1123 2779 Patre
1137 2752 1262 2779 mittente
1278 2752 1380 2785 ipsum,
1392 2756 1440 2778 aut
1452 2757 1581 2786 tanquam
1597 2759 1645 2786 per
1663 2751 1832 2777 instrumen-

1043 2803 1099 2826 tum
1114 2797 1231 2825 mittitur
1247 2804 1294 2832 per
1306 2796 1414 2829 Filium,
1433 2797 1518 2824 veluti
1535 2804 1585 2832 per
1600 2804 1692 2823 arcum
1714 2794 1833 2822 mittitur
