1945 3088
206 139 258 174 451

776 140 909 170 ΡΠΟΤΙΙ
926 139 1182 171 PATRIARCH/E
1200 141 1256 172 CP.

1793 144 1841 176 452

200 206 216 226 a
233 198 311 225 Patre
328 201 482 232 generatur,
499 196 535 224 ita
559 196 677 231 Spiritus
695 201 807 224 sanctus
823 197 857 223 ab
877 202 994 231 utroque
1007 198 1033 228 Α
1045 198 1173 225 omnibus
1194 198 1335 233 disciplina
1351 202 1489 226 censetur.
1515 198 1573 226 Lux
1589 206 1698 234 quoque
1712 200 1777 228 solis
1791 209 1839 237 pe-

201 244 269 277 exit,
277 244 311 270 ab
323 248 438 278 utroque
452 241 569 269 mittitur
582 241 759 275 aeternaliter,
774 247 802 269 et
814 242 848 269 ab
862 247 978 277 utroque
988 263 996 275 ,

201 295 231 317 ut
247 295 386 317 ostensum
401 293 460 320 est,
477 280 586 315 univoce
606 288 741 323 procedit.
760 287 827 315 Nam
848 288 920 323 apud
942 293 999 316 tres

201 336 270 363 nihil
283 335 415 370 praeterit,
427 334 498 361 nihil
509 334 631 361 futurum
647 338 703 367 est;
714 334 785 369 apud
800 339 856 362 tres
866 342 1000 370 personas

202 390 257 409 non
268 386 309 409 est
319 381 511 408 transmutatio
520 373 571 408 nec
581 380 779 408 vicissitudinis
791 381 998 408 obumbratio...

201 428 336 460 Quantum
347 428 382 454 ad
395 427 464 462 ipsos
481 426 609 462 (Patrem
622 432 650 454 et
672 427 770 454 Filium
785 429 923 461 )spectat,
936 431 1000 454 ante

202 475 293 501 omnia
305 474 403 501 szccula
417 474 529 501 mittunt
539 477 568 500 et
580 473 683 500 donant
693 472 834 508 (Spiritum
851 473 998 507 sanctum).

202 520 404 548 Exsistentibns
414 525 505 547 autem
517 520 589 547 dono
601 520 767 548 missioneve
778 520 867 555 dignis
878 520 999 555 incipere

202 567 331 594 dicuntur
345 567 455 594 mittere
466 566 508 593 vel
528 566 648 598 donare;
672 574 841 601 nequaquam
855 566 1000 593 secundum

202 621 240 644 se,
259 612 329 646 (sed)
348 617 475 647 quantum
492 612 527 638 ad
546 612 727 646 suscipientes.
746 611 829 647 Igitur
846 612 868 639 si
889 612 1000 639 mittere

203 663 357 690 aeternum,
382 662 410 684 et
439 658 551 690 missio;
583 665 715 692 versaque
745 657 824 685 vice:
852 658 874 685 si
904 658 1001 685 missio

204 709 321 734 aeterna.
340 708 367 731 et
389 703 508 731 mittere.
530 704 610 738 Atqui
634 703 728 731 missio
747 709 850 730 aeterna
871 708 925 730 est.
941 703 1001 730 Non

205 749 278 777 enim
295 753 325 777 ut
345 749 372 776 in
385 749 548 777 lithotomon
571 750 633 785 (sic)
650 750 719 777 ratio
740 751 823 777 turris
836 749 1002 777 fabricandae

208 796 416 823 fabricationem
441 796 571 830 praecedit
592 800 620 823 et
641 796 674 823 ab
695 804 726 823 ea
745 796 886 829 dividitur,
912 796 949 823 ita
974 796 1001 823 in

205 842 273 870 Filio
287 847 314 869 et
328 841 407 869 Patre
422 841 498 878 [200]
510 842 578 869 ratio
594 842 731 869 missionis
746 842 866 877 Spiritus
883 841 995 869 missio-

204 895 267 916 nem
290 887 420 922 praevenit
441 893 468 915 et
484 889 518 915 ab
535 887 593 922 ipsa
617 893 770 923 separatur.
796 888 863 915 Nam
883 888 906 915 si
933 889 1001 915 ratio

205 934 343 961 missionis
361 933 479 969 Spiritus
498 934 583 961 sancti
600 934 634 961 ab
649 938 752 961 aeterno
768 933 796 960 in
811 934 881 961 Filio
897 939 957 967 est,
974 940 1003 962 et

206 979 300 1007 missio
315 979 400 1014 ipsius
414 979 532 1014 Spiritus
547 979 631 1013 coepit
650 986 710 1005 esse
730 978 756 1005 in
775 978 844 1006 Filio
862 979 896 1006 ab
911 978 1003 1014 aliquo

207 1030 339 1061 tempore,
352 1027 429 1060 prius
444 1031 470 1053 et
484 1025 633 1060 posterius,
650 1025 788 1060 adjectum
804 1030 832 1052 et
847 1025 1002 1060 separabile

207 1072 290 1100 habet
305 1072 389 1100 Filius
411 1076 438 1100 et
455 1072 637 1099 accidentium
654 1079 710 1099 non
729 1071 824 1106 eilugit
842 1071 1003 1107 multiplici-

209 1122 303 1146 tatem.
320 1117 416 1145 Nonne
429 1118 469 1145 sol
483 1125 544 1144 cum
560 1117 696 1144 illuminat
707 1118 831 1150 domum,
844 1118 935 1152 aliqua
952 1118 1003 1145 ho-

207 1165 252 1193 die
276 1165 372 1200 incipit
396 1164 546 1197 irradiare;
571 1164 685 1199 pretiosi
708 1163 834 1191 similiter
857 1164 1004 1199 splendent

205 1211 306 1247 jugiter
326 1211 439 1246 lapides,
457 1211 543 1238 stella:
557 1218 682 1246 quoque;
707 1215 829 1238 attamen
848 1211 956 1238 illarum
972 1210 1002 1238 in

209 1257 344 1290 tenebris,
365 1257 461 1284 barum
478 1264 543 1284 vero
561 1256 588 1283 in
608 1256 669 1284 luce
686 1256 799 1283 minime
813 1257 943 1291 splendor
960 1265 1006 1284 ru-

209 1303 284 1336 tilat,
304 1311 355 1330 non
370 1311 402 1330 ex
419 1303 607 1337 interceptionc
626 1302 773 1337 splendoris
784 1323 792 1335 ,
807 1303 853 1330 sed
878 1311 910 1330 ea:
931 1304 1005 1338 aspi-

208 1350 334 1377 cienlium
350 1349 561 1377 imbecillitate?
587 1349 713 1385 Amplius
736 1357 742 1376 :
769 1349 863 1377 missio
887 1350 1006 1385 Spiritus

209 1395 296 1423 sancti
310 1400 338 1423 et
352 1396 471 1431 cognitio
495 1395 635 1422 missionis
659 1395 739 1422 simul
756 1399 820 1422 sunt
836 1395 863 1421 in
882 1395 961 1423 Patre
979 1399 1007 1423 et

210 1440 298 1473 Filio;
317 1446 446 1480 neutrum
461 1441 534 1467 enim
555 1440 653 1467 horum
668 1440 786 1467 duorum
803 1447 911 1476 tempus
935 1449 1006 1476 prte-

209 1486 329 1522 judicat;
344 1484 450 1514 at‘vero
465 1486 579 1521 cognitio
594 1490 697 1514 aeterna
718 1492 776 1521 est;
793 1495 857 1523 ergo
873 1491 900 1514 et
914 1488 1008 1515 missio

212 1532 331 1568 Spiritus
345 1533 433 1560 sancti
455 1533 490 1560 ab
512 1537 629 1567 utroque
651 1537 754 1560 mtcrna
779 1538 822 1561 est
843 1539 871 1561 et
895 1539 1008 1568 uterque

212 1578 352 1613 :equaliter
364 1582 392 1605 et
412 1578 578 1606 :cternaliter
592 1587 674 1606 causa
697 1579 837 1606 missionis
852 1579 1009 1614 Spiritus...

213 1622 244 1650 Si
269 1623 363 1658 utique
384 1622 485 1658 (Pater)
509 1630 593 1650 causa
616 1630 674 1656 est,
695 1627 723 1651 ct
748 1623 833 1651 Filius
853 1628 895 1651 est
922 1624 1012 1659 aliqua

213 1675 296 1696 causa
316 1668 434 1703 Spiritus
448 1668 534 1696 sancti
551 1678 559 1702 ;
582 1669 604 1696 si
626 1673 724 1696 neuter
737 1673 781 1696 est
800 1677 881 1697 causa
894 1695 900 1701 ,
916 1669 1012 1697 missio

215 1712 335 1748 Spiritus
360 1713 446 1740 sancti
469 1721 521 1741 nec
537 1721 647 1741 causam
666 1714 749 1741 habet
763 1722 815 1741 nec
827 1714 992 1750 principium
1002 1735 1010 1749 ,

215 1759 289 1795 quod
314 1764 357 1787 est
384 1760 469 1787 solius
494 1759 582 1787 Patris
607 1760 781 1796 privilegium
810 1760 839 1787 in
864 1761 1009 1789 Trinitate.

215 1805 307 1839 Quare
327 1805 442 1833 forsitan
465 1813 519 1834 non
542 1806 578 1834 sit
598 1806 815 1840 inconveniens,
836 1807 857 1834 si
873 1808 1012 1842 processio

216 1852 334 1888 Spiritus
348 1852 436 1879 sancti
452 1852 618 1880 teternaliter
631 1853 664 1880 de
677 1853 756 1880 Patre
770 1861 804 1881 ac
819 1853 885 1880 Filio
898 1862 1012 1883 manans

216 1905 301 1933 penes
312 1898 495 1933 suscipientes
514 1903 655 1925 creaturas
666 1898 767 1931 missio,
785 1898 913 1926 usitatius
927 1899 1013 1926 dona-

217 1944 254 1971 tio
266 1948 293 1971 et
308 1944 330 1971 si
351 1944 416 1979 quid
433 1943 506 1971 aliud
531 1943 689 1978 hujusmodi
710 1949 895 1980 nuncupetur.
919 1945 1013 1972 subli-

217 1990 349 2017 mioribus
363 1989 473 2025 quidem
489 1997 598 2025 semper
616 1989 710 2017 divino
721 2010 729 2022 ,
749 1989 925 2018 iulerioribus
943 1997 1008 2018 vero

216 2043 327 2070 semper
349 2039 442 2063 creato
464 2035 626 2063 referendis.
648 2034 718 2064 Nam
742 2035 815 2063 idem
834 2036 1012 2072 Evangelium

218 2082 244 2109 in
271 2080 383 2109 Christo
413 2082 555 2115 doctrina,
577 2081 605 2109 in
627 2081 759 2117 apostolis
785 2089 853 2110 vero
876 2082 1012 2117 nobisque

217 2145 290 2166 nono
307 2137 393 2165 utitur
415 2137 566 2166 adnectens
583 2137 750 2166 TheodOreti
765 2139 966 2174 oppositionem
979 2146 1013 2167 ac

216 2173 310 2209 Cyrilli
340 2181 501 2208 responsum
523 2181 578 2201 una
595 2182 659 2201 cum
675 2173 832 2202 testimonio
852 2182 886 2201 ex
904 2175 964 2209 ejus
978 2174 1012 2202 ad

218 2209 373 2244 Nestorium
384 2209 517 2244 epistolis.

254 2230 517 2279 ὥῖὶὶὲᾱρὶὶςήἷιὲῖῖ
535 2243 608 2279 apud
627 2243 736 2306 Ηυξοη.
759 2243 793 2274 u.
810 2244 854 2276 ιδ,
875 2252 901 2285 p.
927 2230 1052 2278 122ml)

255 2280 289 2305 ud
306 2279 422 2306 Beccum
440 2278 487 2305 Gr.
504 2281 572 2306 orth.
590 2279 610 2306 I.
628 2287 656 2306 ι).
690 2279 735 2306 20.
759 2279 809 2306 221
825 2287 832 2306 :
853 2279 941 2306 Nicol.
959 2280 1015 2306 Me-

218 2280 289 2314 apud
306 2279 422 2314 Beccum
434 2278 487 2305 ’Gr.
504 2278 572 2306 ortli.
590 2279 610 2311 Ι,
628 2287 656 2314 p.
671 2278 735 2311 220.
759 2279 809 2306 221
825 2287 832 2312 ;
853 2278 941 2307 Nicol.
959 2280 1015 2307 Me-

219 2313 297 2342 thon.
314 2313 413 2349 Syllog.
430 2314 457 2341 in
472 2315 533 2341 cod.
552 2313 678 2342 Μοῐιίϐϐ
694 2314 715 2342 Γ.
730 2314 761 2342 Si
778 2315 806 2342 b.
827 2322 887 2349 cap.
903 2315 939 2341 55
955 2323 962 2342 :
981 2314 1014 2341 Et

218 2350 233 2376 ὁ
248 2349 330 2385 αὐτὸς
343 2349 520 2384 Παράκλητος
531 2349 610 2384 ἐδόθη
621 2349 682 2385 τᾴτε
698 2349 743 2376 διὰ
755 2349 803 2385 τῆς
815 2350 996 2385 ὲμφυσήσεως
1005 2370 1013 2382 ,

218 2385 288 2412 ἀλλὰ
301 2384 340 2446 p2
353 2384 383 2411 τὸ
398 2384 521 2420 χάρισμα
535 2386 588 2427 τῆί
598 2384 722 2419 ἀφέσεως
735 2384 790 2411 τῶν
806 2385 1014 2426 ἁμαρτιῶν,.ὼς

219 2420 319 2446 αὐτίκα
342 2419 478 2446 εδήλωκεν
491 2420 613 2445 ὲπειπων
627 2421 641 2446 ὁ
651 2419 747 2446 Σωτὴρ
770 2420 820 2446 Ἀν
832 2428 913 2446 τινων
926 2420 1014 2446 dion-rs

219 2418 319 2446 αὑτίκὰ
326 2418 617 2455 δεδήλὼςιεννὲπειὴὼε
624 2418 641 2446 76
651 2419 747 2454 Σωτὴρ
770 2418 913 2455 ἈνἺτινέυν
926 2420 1015 2455 ἀφῆτε

219 2456 269 2490 τὰς
278 2453 425 2490 ἁμαρτιὰς,
444 2455 568 2488 ἀφίενται
586 2454 683 2490 (Joan.
699 2453 752 2485 xi.
772 2454 834 2490 25)·
856 2453 910 2481 olo‘s
930 2453 985 2490 γὰῤ
1000 2455 1014 2482 ὁ

220 2489 300 2526 λόγᾳς
316 2489 364 2526 atat
379 2490 413 2526 τὰ
438 2490 597 2525 χαρίσματα
620 2489 716 2526 καλεῖν
731 2489 874 2526 uestigium!
886 2498 893 2505 ·
909 2489 981 2522 alvo;
996 2491 1014 2526 ἡ

220 2525 292 2552 κατὰ
306 2524 355 2560 τὴν
372 2525 424 2561 γῆν
439 2524 591 2561 negotiola;
611 2524 628 2560 ἦ
647 2525 702 2561 γὰρ
724 2525 772 2551 τοῦ
794 2524 876 2552 ἀὺτοῦ
892 2526 940 2553 καὶ
964 2524 1013 2552 τιεέ

222 2561 349 2596 ριττὴὶῆ
368 2560 474 2596 ἐτέρου,
494 2561 541 2587 καὶ
556 2561 633 2596 ποῖον
648 2560 745 2593 τοῦτος

257 2595 295 2631 (5)
312 2595 444 2622 Praeclare
458 2596 538 2631 Greg.
554 2595 655 2622 Nazian
678 2599 746 2622 orat.
761 2595 808 2629 57,
825 2604 852 2631 p.
878 2595 941 2628 608,
958 2599 1013 2624 tres

220 2630 307 2659 veluti
319 2631 419 2665 gradus
433 2630 690 2658 communicationis
702 2630 984 2666 Spiritus’distinguit
1004 2639 1011 2658 :

219 2667 338 2702 primum
353 2668 394 2702 (τρ
410 2665 530 2702 prauus)
540 2667 581 2702 7th
591 2666 662 2701 ἀρχῇ
674 2667 731 2702 ’τοῦ
756 2666 919 2702 εὺσγγελίου
931 2665 1014 2693 δυνά-

220 2699 281 2737 pst;
298 2699 451 2732 ἐπιτελοῦν,
463 2699 563 2727 deinde
574 2699 871 2762 ὲχὲρῦἆώμενονέΙοὰη.
884 2709 929 2732 xx,
947 2701 993 2735 22)
1003 2723 1011 2735 ,

220 2742 315 2762 nostea
341 2737 372 2762 ὲν
398 2736 537 2762 γλώσσαις
556 2736 682 2762 πυοιναις
709 2744 774 2762 ωαιν
792 2744 883 2762 μενον.
911 2737 1011 2762 lnsitmi

219 2736 315 2772 postea
341 2737 372 2763 ὲν
398 2736 682 2772 γλώσσαις-πυριγᾳις
709 2736 883 2772 φαινόμενον.
899 2737 1013 2772 Ῠιηείειιί

218 2770 365 2799 verborum
381 2771 524 2805 majestate
540 2770 596 2798 Leo
621 2770 656 2798 M.
672 2770 799 2798 sermone
816 2771 834 2798 2
850 2771 884 2798 de
898 2770 1011 2800 Pentéc.

219 2814 244 2833 c.
257 2808 285 2836 5.
302 2807 329 2833 4.
347 2806 466 2840 (Baiter.
486 2806 530 2839 76,
545 2813 574 2840 p.
589 2806 642 2833 405
656 2813 714 2841 seq.
729 2806 774 2833 ed.
789 2806 887 2841 hircus)
900 2816 906 2833 :
926 2816 936 2833 ‹
952 2807 1012 2835 Non

219 2841 398 2877 ambigamus,
410 2841 488 2877 quod
501 2848 564 2868 cum
579 2841 607 2877 in
620 2841 664 2877 die
674 2841 850 2877 Pentecostes
863 2842 1013 2877 discipulos

222 2875 330 2904 Domini
344 2875 462 2912 Spiritus
474 2880 585 2905 sanctus
598 2875 731 2912 implevit,
750 2884 803 2905 nou
818 2877 869 2905 fuit
879 2875 1012 2905 inchoatio

1050 243 1145 271 rennis
1168 248 1227 276 est;
1249 244 1370 279 quandiu
1390 244 1471 271 nobis
1492 244 1590 276 oritur,
1611 244 1684 272 diem
1700 253 1840 279 vocamus,

1049 290 1133 317 breve
1159 289 1339 316 attribuentes
1362 290 1387 316 ei
1404 289 1536 324 temporis
1553 289 1683 324 spatium.
1705 299 1715 315 ι
1743 289 1842 323 Quibus

1049 335 1185 370 exemplis
1200 335 1275 362 aliud
1291 335 1403 370 copulat
1419 335 1489 362 duce
1503 334 1668 370 llicronymo
1682 343 1715 362 cx
1727 335 1843 363 incarna-

1050 380 1124 408 tione
1145 381 1321 416 desumptum
1335 401 1343 413 ,
1359 389 1419 416 quae
1434 381 1510 409 velut
1524 381 1580 416 jam
1602 381 1637 408 ab
1659 381 1738 410 initio
1757 383 1842 410 saeculi

1051 427 1121 454 facta
1147 428 1319 461 perhibetur,
1341 435 1373 455 ac
1391 427 1491 455 deinde
1514 428 1553 463 lp.
1580 427 1649 455 1255
1665 427 1710 463 C.)
1734 429 1842 464 pergit:

1054 482 1063 498 ι
1078 473 1157 505 Quod
1179 473 1201 500 si
1223 473 1314 501 unitas
1336 473 1457 509 mysterii
1482 473 1629 501 Dominicae
1651 474 1844 502 incarnationis

1052 519 1080 546 in
1116 519 1183 546 Filio
1212 519 1377 554 principium
1404 519 1535 554 temporis
1549 527 1605 546 non
1633 519 1844 553 habuit,'multo

1052 565 1142 593 minus
1179 566 1311 593 credibile
1342 569 1384 592 est
1420 565 1577 607 missionem
1613 565 1732 600 Spiritus
1764 565 1844 592 sancti

1052 619 1067 637 a
1088 611 1169 638 Patre
1185 618 1217 638 ac
1232 610 1304 637 Filio
1330 609 1357 637 in
1383 609 1515 637 alterutro
1528 617 1623 637 eorum
1649 610 1784 645 incepisse
1798 611 1845 637 sub

1053 662 1186 692 tempore.
1215 666 1224 683 ι
1250 656 1384 684 Ρηιιιετειι
1411 656 1484 683 idem
1516 661 1612 684 auctor
1637 662 1733 684 contra
1762 656 1847 683 Theo-

1052 703 1209 739 pbylactum
1231 703 1351 737 aliosque
1365 723 1371 735 ,
1392 702 1440 737 qui
1469 702 1622 738 arguebant
1645 701 1776 738 Spiritum
1794 710 1846 728 non

1053 754 1095 776 ter
1111 749 1154 776 vel
1168 748 1270 784 saepius
1283 749 1376 776 datum
1392 748 1544 784 discipulis,
1561 747 1636 784 [201]
1652 756 1742 783 neque
1759 749 1846 776 verbis

1053 795 1134 822 Joau.
1153 802 1187 822 xx
1198 815 1206 827 ,
1222 795 1258 821 22
1270 815 1277 826 ,
1297 802 1387 829 neque
1400 799 1464 821 ante
1479 793 1581 822 Christi
1600 802 1615 821 c
1630 793 1733 821 mundo
1747 794 1847 821 disces-

1055 849 1134 873 sum,
1152 841 1200 868 sed
1217 841 1322 876 priores
1344 846 1408 868 ante
1430 841 1612 868 Pentemsten
1635 840 1796 868 donationes
1815 841 1847 868 ad

1017 873 1040 902 Β
1055 886 1173 922 Spiritus
1186 886 1257 913 dona
1275 893 1336 913 esse
1356 885 1499 913 referenda
1513 906 1520 917 ,
1539 893 1571 913 ac
1595 885 1675 913 Joan.
1697 894 1748 919 xx,
1764 885 1798 912 ‘22
1817 887 1848 914 ad

1056 933 1161 960 donum
1176 932 1310 960 duntaxat
1330 932 1485 959 dimittendi
1506 937 1617 967 peccata
1634 932 1683 967 (2),
1707 933 1778 959 inter
1797 933 1849 959 alia

1056 979 1137 1006 docet
1151 978 1186 1013 (l.
1202 986 1232 1011 ιι,
1250 979 1294 1010 {5,
1308 986 1337 1012 p.
1357 978 1437 1013 1228)
1450 987 1483 1005 ex
1497 978 1629 1014 Gregorio
1639 977 1811 1005 Nazianzeno
1822 984 1850 1006 et

1057 1024 1190 1060 Gregorio
1204 1025 1225 1052 l.
1247 1024 1389 1058 Romano,
1409 1024 1548 1052 Christum
1569 1033 1623 1052 non
1643 1025 1752 1053 dedisse
1765 1025 1850 1052 solum

1056 1072 1158 1099 donum
1186 1071 1339 1106 quoddam.
1368 1071 1415 1098 sed
1440 1071 1528 1106 ipsum
1555 1070 1688 1105 Spiritum
1718 1075 1849 1098 sanctum.

1057 1118 1134 1152 Quod
1150 1118 1242 1146 denuo
1259 1119 1295 1153 (c.
1311 1117 1355 1150 l5,
1376 1125 1404 1153 p.
1425 1117 1506 1152 1229)
1524 1116 1584 1144 aliis
1607 1117 1775 1152 argumentis
1787 1125 1852 1145 con-

1058 1165 1168 1193 ﬁrmare
1189 1165 1281 1192 studet
1296 1184 1303 1196 ,
1323 1164 1510 1200 Chrysostomi
1523 1184 1531 1197 ,
1556 1172 1617 1199 qua:
1634 1164 1769 1192 contraria
1793 1173 1853 1193 esse

1057 1211 1143 1239 verba
1165 1211 1340 1243 videbantur,
1370 1210 1520 1245 explanatis
1542 1215 1569 1238 et
1595 1211 1622 1238 in
1646 1211 1737 1238 verbis
1758 1211 1824 1247 ipsis
1843 1220 1852 1238 :

1058 1257 1174 1293 Accipite
1195 1258 1327 1292 Spiritum
1345 1262 1469 1284 sanctum
1495 1257 1637 1285 insistens.
1663 1257 1692 1284 Si
1712 1258 1774 1293 quis
1790 1265 1854 1285 vero

1063 1305 1137 1333 dicat
1164 1304 1275 1332 nonnisi
1306 1304 1407 1331 donum
1434 1303 1591 1331 remittendi
1623 1308 1734 1339 peccata
1758 1305 1851 1332 datum

1060 1351 1162 1384 fuisse,
1186 1361 1195 1376 ε
1215 1350 1358 1381 attendat.
1375 1350 1411 1377 ait
1428 1349 1522 1385 Hugo,
1545 1349 1568 1377 si
1592 1349 1750 1384 hujusmodi
1769 1350 1854 1377 virtus

1060 1396 1218 1430 separabilis
1235 1395 1281 1423 sit.
1299 1395 1351 1423 Sed
1371 1400 1454 1430 patet,
1468 1395 1541 1430 quod
1557 1403 1612 1422 non
1626 1395 1662 1422 sit
1675 1395 1834 1430 separabilis
1845 1415 1853 1428 ,

1061 1451 1124 1471 cum
1141 1442 1211 1469 nihil
1224 1443 1377 1469 secundum
1392 1441 1522 1469 accidens
1533 1441 1633 1468 divinis
1649 1441 1714 1468 insit
1730 1441 1856 1477 hyposta-

1062 1490 1156 1522 sibus;
1172 1497 1236 1524 ergo
1250 1489 1315 1516 dum
1337 1489 1383 1515 dat
1399 1487 1528 1523 Spiritqu
1540 1509 1546 1519 ,
1562 1488 1676 1524 largitur
1692 1492 1789 1520 totrun,
1805 1496 1856 1515 non

1064 1541 1179 1571 partem.
1198 1545 1208 1561 ι
1227 1535 1329 1563 Deinde
1350 1535 1430 1562 docet
1452 1534 1592 1563 Christum
1612 1535 1639 1561 in
1671 1535 1715 1562 die
1734 1542 1856 1562 resurre-

1064 1582 1165 1610 ctionis
1183 1581 1292 1609 dedisse
1315 1586 1398 1608 totum
1414 1581 1554 1616 Spiritum,
1570 1581 1616 1609 sed
1644 1589 1694 1608 non
1714 1582 1857 1609 secundum

1063 1636 1166 1655 omnem
1179 1627 1340 1662 operationis
1354 1627 1466 1661 speciem
1479 1648 1486 1659 ,
1502 1627 1529 1654 in
1546 1627 1592 1654 die
1605 1634 1670 1654 vero
1680 1626 1857 1654 Pentecostes

1064 1674 1174 1702 dedisse
1196 1674 1339 1700 secundant
1360 1681 1462 1700 onmem
1483 1673 1510 1700 in
1534 1673 1607 1707 ipsis,
1621 1674 1781 1707 operationis
1798 1682 1859 1708 spe-

1063 1721 1148 1753 ciem;
1166 1719 1359 1747 distinctiones
1383 1719 1439 1746 ﬁeri
1463 1720 1497 1746 ad
1514 1727 1694 1754 personarum
1714 1719 1860 1747 discretio-

1064 1773 1126 1794 nem
1140 1770 1167 1793 et
1183 1770 1297 1801 propter
1317 1766 1509 1801 operationum
1524 1765 1551 1792 in
1569 1765 1635 1801 ipsis
1655 1765 1786 1801 apostolis
1799 1767 1861 1793 clli-

1063 1811 1166 1839 caciam
1182 1812 1232 1847 (5).
1251 1820 1260 1837 ί
1282 1811 1324 1839 Ad
1346 1812 1399 1839 hoc
1417 1827 1451 1832 -—
1476 1811 1552 1848 [‘202]
1580 1812 1618 1839 ita
1640 1812 1861 1847 prosequitur-—

1063 1856 1217 1885 insumaSse
1235 1856 1361 1884 Christus
1378 1861 1408 1884 ut
1425 1857 1540 1885 emissor
1555 1858 1582 1885 in
1601 1865 1635 1885 eo
1649 1859 1719 1893 quod
1735 1858 1804 1885 Deus
1830 1858 1858 1885 in

1063 1902 1160 1930 faciem
1175 1902 1370 1937 discipulorum
1384 1902 1515 1935 creditur,
1532 1907 1589 1930 tum
1603 1908 1633 1930 ut
1645 1910 1694 1938 per
1708 1905 1762 1930 hoc
1776 1903 1862 1930 intel-

1063 1948 1209 1984 ligeremus
1229 1948 1362 1983 Spiritum
1385 1956 1450 1977 vere
1476 1948 1511 1976 de
1536 1948 1582 1976 illo
1597 1949 1762 1984 procedere.
1780 1954 1811 1976 ut
1827 1951 1863 1976 de

1063 1994 1200 2030 profundo
1213 1994 1338 2029 corporis
1351 1994 1411 2029 ejus
1429 1994 1475 2022 ille
1489 1995 1570 2023 ﬂatus
1589 1995 1754 2030 evaporabat
1770 1995 1862 2022 sensi—

1062 2040 1217 2075 biliteru),
1233 2044 1291 2068 tum
1312 2041 1385 2075 quod
1404 2041 1439 2068 ad
1463 2040 1618 2068 habendum
1638 2045 1666 2068 et
1678 2041 1755 2076 quasi
1774 2040 1864 2075 possi-

1064 2086 1184 2114 dendum
1198 2085 1330 2121 Spiritum
1344 2086 1384 2114 eis
1398 2087 1486 2120 daret,
1500 2087 1573 2122 quod
1586 2087 1613 2114 in
1627 2087 1671 2114 die
1683 2087 1864 2115 Pentecostes

1063 2142 1192 2174 muneris,
1207 2142 1251 2168 sed
1265 2141 1379 2177 adjectio
1395 2142 1542 2178 largitatis;
1557 2143 1687 2178 quoniam
1700 2148 1728 2170 et
1743 2144 1864 2178 patriar-

1063 2178 1122 2214 cha
1134 2181 1162 2214 et
1176 2177 1316 2214 prophetae
1327 2183 1354 2204 et
1369 2177 1525 2206 sacerdotes
1536 2177 1688 2214 omnesque
1700 2177 1798 2209 sancti,
1813 2181 1862 2213 qui

1064 2213 1201 2249 prioribus
1219 2213 1295 2249 luere
1308 2214 1477 2248 temporibus
1489 2234 1496 2245 ,
1513 2213 1721 2249 ejusdem'sunt
1739 2214 1865 2248 Spiritus

1066 2247 1282 2275 sanctiﬁcatione
1295 2247 1422 2283 vegetati,
1438 2254 1466 2276 et
1477 2247 1536 2276 sine
1548 2250 1600 2276 hac
1616 2250 1700 2282 gratia
1712 2247 1785 2276 nulla
1809 2257 1866 2276 un-

1066 2291 1148 2318 quam
1174 2283 1298 2310 instituta
1322 2289 1510 2317 sacramenta,
1537 2285 1609 2311 nulla
1635 2289 1699 2311 sntit
1721 2285 1864 2312 celebrata

1066 2318 1194 2354 mysteria
1207 2338 1214 2349 ,
1230 2323 1260 2345 ut
1276 2322 1368 2345 cadent
1384 2326 1491 2354 semper
1509 2320 1592 2347 fuerit
1610 2321 1692 2346 virtus
1711 2320 1867 2346 charisma-

1067 2359 1133 2386 tum,
1150 2354 1273 2388 quamvis
1294 2362 1346 2380 non
1369 2355 1459 2381 eadem
1472 2355 1565 2382 fuerit‘
1579 2363 1702 2382 mensura
1716 2356 1864 2382 donorum.

1065 2388 1120 2424 ipsi
1134 2396 1243 2423 quoque
1268 2389 1338 2416 beati
1355 2390 1477 2424 Apostoli
1505 2395 1566 2417 ante
1581 2391 1730 2424 passionem
1750 2389 1866 2416 Domini

1066 2423 1171 2460 sanctor
1180 2423 1282 2459 Spiritu
1297 2432 1349 2451 non
1363 2423 1500 2458 carebant,
1513 2433 1565 2452 nec
1575 2423 1696 2460 potentia
1711 2425 1793 2459 hujus
1805 2429 1867 2452 vir-

1066 2459 1133 2486 tutis
1149 2459 1243 2486 aberat
1260 2460 1295 2486 ab
1317 2460 1446 2494 operibus
1469 2459 1627 2488 Salvato’ris.
1644 2480 1651 2487 .
1667 2479 1674 2487 .
1691 2480 1699 2487 .
1716 2481 1723 2488 .
1741 2461 1795 2487 Sed
1821 2460 1866 2487 illi

1065 2494 1227 2531 perfectioni
1237 2502 1321 2531 [quae
1342 2499 1400 2531 erat
1414 2495 1555 2531 discipulis
1570 2495 1735 2523 conferenda
1746 2516 1754 2528 ,
1770 2496 1867 2530 major

1065 2530 1152 2565 gratia
1179 2534 1206 2556 et
1230 2529 1413 2557 abundantior
1439 2529 1580 2564 inspiratio
1609 2531 1778 2563 servabatur,
1809 2538 1867 2565 per

1065 2572 1148 2601 quam
1161 2569 1189 2601 Cl.
1201 2572 1261 2599 quae
1276 2565 1396 2592 llOlldllll]
1420 2570 1594 2601 acceperant,
1610 2570 1749 2593 sumerent
1764 2570 1867 2601 etiex-

1066 2599 1215 2636 cellentius
1226 2604 1339 2634 possent
1354 2601 1456 2628 habere
1468 2599 1528 2636 qua:
1543 2606 1726 2635 sumpserant.
1743 2610 1752 2626 ι
1771 2600 1816 2627 Cl'.
1834 2605 1868 2628 et

1065 2634 1193 2671 Beccum,
1204 2635 1252 2661 0r.
1265 2637 1297 2662 de
1309 2643 1360 2662 una
1376 2636 1448 2663 Eccl.
1460 2634 1485 2663 οῖ
1498 2637 1532 2663 68
1545 2636 1589 2671 (G.
1600 2634 1630 2665 0.
1647 2636 1680 2669 ll,
1694 2637 1755 2668 220.
1770 2636 1823 2663 221
1840 2636 1866 2671 ),

1071 2669 1116 2703 Ἐξ
1130 2670 1200 2707 λὸτορ
1220 2671 1273 2705 γὰρ
1297 2671 1336 2705 τῷ
1361 2669 1566 2707 πρωτοπλάστῴ
1590 2673 1630 2703 εις
1655 2672 1745 2706 ψυχὴν
1766 2669 1868 2704 ζῶσάν

1064 2705 1141 2748 Erepsi
1151 2705 1448 2748 τοῦ-Δημιουργοῦνξος
1457 2705 1625 2748 ῥὶιξεφυάήοη,
1637 2705 1781 2748 autetiam;
1797 2708 1869 2748 ὲςηιτ

1064 2740 1347 2777 ῂμιαιςηὲσύστερον
1371 2744 1429 2773 τοῖς
1452 2740 1537 2775 ditat;
1559 2740 1782 2777 ἡαὶαπεφοίὲηκε
1812 2741 1870 2776 (τὸ

1065 2775 1140 2811 Ilv.)‘
1156 2776 1213 2802 ἀλλ’
1231 2775 1323 2811 ὄρ.ωᾲ
1343 2777 1367 2803 εἰ
1382 2778 1430 2803 καὶ
1445 2777 1551 2809 πολλοῖς
1567 2778 1615 2804 καὶ
1628 2775 1759 2808 statim};
1774 2775 1871 2804 καιὲα-

1065 2811 1252 2849 πεφρίῖῃμκξν..
1261 2812 1376 2849 ιξρδεμία
1389 2812 1445 2849 τῷν
1458 2813 1548 2840 αὐτῶν
1559 2811 1717 2849 παρουσῶν
1729 2813 1867 2848 περιττὴ.

1100 2845 1139 2882 (4)
1158 2845 1224 2875 Vide
1241 2846 1255 2883 §
1270 2847 1297 2879 5,
1313 2845 1405 2875 notam
1422 2848 1450 2876 2.
