1945 3088
117 149 171 182 ιίῦἹ

472 151 522 182 DE
542 152 574 182 S.
594 152 692 189 SPIB.
714 151 911 182 MYSTAGOG
921 152 972 182 ῘΑ.
987 164 1020 169 -
1035 151 1406 183 ANIMADVERSIONES.

1693 150 1746 183 458

115 205 318 241 ἐκπορεύεσθαι
331 205 364 232 ὲκ
378 205 486 241 Πατρὶς
500 207 530 233 τὸ
550 207 679 242 Πνεῦμα,
693 206 766 234 aliud
786 207 819 234 ἐκ
837 206 902 233 Θεοῦ

960 207 1105 235 exclamat.
1136 215 1146 233 ι
1180 206 1273 242 Neque
1299 206 1371 233 enim
1397 204 1549 233 sufﬁciebat
1574 205 1650 241 ipsis,
1670 207 1745 241 quod

114 252 146 279 τὸ
159 251 272 287 Πνεῦμα
285 252 352 285 diei,
367 257 449 287 atque
461 253 498 280 ita
514 252 672 281 concludit:
691 263 702 279 ί
720 253 803 281 ΜυΙῑο
821 254 906 288 magis

115 298 225 325 veritati
238 305 388 325 consonum
405 303 458 328 est.
472 299 594 333 ejusdem
611 307 673 326 cum
689 298 767 326 Patre
779 299 906 326 essentia:

114 343 208 371 dicere
236 343 386 378 Spiritum,
415 344 477 379 quia
494 352 527 372 ex
544 344 622 372 Patre
647 348 706 376 est,
730 348 758 372 et
782 344 905 379 ejusdem

112 390 242 418 essentia:
254 398 317 417 cum
330 390 407 422 Filio,
420 391 484 425 quia
498 399 544 426 per
558 391 666 423 Filium,
678 400 759 426 quam
774 391 904 427 Spiritum

114 435 176 462 Filii
192 439 221 462 et
233 443 283 470 per
295 435 392 463 Filium
407 436 550 471 Spiritum,
567 437 639 472 quod
655 438 779 472 ejusdem
792 438 828 464 sit
843 445 904 465 cum

113 481 184 508 Filio
200 481 336 509 essentne.
352 481 445 517 Neque
461 483 534 510 enim
552 483 615 518 quia
632 483 748 518 ejusdem
762 491 823 510 cum
838 483 905 510 Filio

112 528 234 554 “sentiat
250 531 308 560 est,
330 528 392 555 ideo
417 532 446 555 et
465 527 585 564 Spiritus
607 528 668 556 Filii
689 534 716 556 et
737 537 785 564 per
806 529 905 556 Filium

114 572 215 600 dicitur
235 572 481 609 (quemadmodum
507 574 553 609 qui
575 575 656 610 hujus
683 575 723 602 rei
746 580 906 610 argumenta

115 619 269 650 hauserunt
281 627 322 646 ex-
339 619 437 646 Photio
454 625 591 655 nugantur
614 621 665 647 hoe
681 620 821 655 tempore)
832 641 838 653 ,
858 620 905 647 sed

112 663 179 699 quia
196 671 227 691 ex
245 664 323 691 Patre
338 671 387 699 per
406 664 502 691 Filium
524 664 711 692 exsistentiatn
727 665 826 696 habet,
843 673 907 699 pro:

115 713 209 743 pterea
238 713 267 736 et.
293 708 412 743 Spititus
439 708 501 736 Filii
523 714 551 737 et
573 709 641 736 Filio
668 710 906 737 eonsubslantialis

111 755 157 778 est
173 751 240 786 (l5).
265 761 274 777 ι
304 752 446 780 Postremo
468 753 571 780 Beceus
587 753 639 781 illis
659 762 720 788 quae
738 754 850 781 Pbotius
872 762 906 781 ex

111 796 234 831 Spiritus
245 798 331 825 sancti
345 806 428 833 super
441 799 579 826 Christum
591 799 755 834 baptizatum
772 800 905 828 descensu

110 841 235 874 deducit,
259 843 349 878 magni
367 843 510 871 Athanasii
534 844 664 879 praeclara
685 845 766 872 verba
780 846 904 880 opponit,

111 887 214 921 quibus
240 888 360 916 declarat
389 897 396 915 :
422 899 430 914 ι
462 887 522 924 Ipse
544 889 692 926 (Christus)
713 890 846 926 Spiritum
871 891 904 918 de

111 933 183 960 cosio
196 933 269 961 misit
287 939 316 961 ut
341 934 420 967 Deus,
433 939 461 962 et
477 935 533 969 ipse
556 935 630 962 illttm
654 936 680 962 in
697 940 768 962 terra
787 936 906 971 suscepit

114 984 144 1006 ut
159 979 246 1006 homo.
263 980 305 1007 E1:
325 981 382 1015 ipso
403 980 496 1015 itaque
512 981 539 1007 in
560 981 646 1015 ipsum
659 981 854 1014 descendebat,
871 989 904 1009 ex

113 1025 256 1053 divinitate
286 1027 372 1061 ipsius
399 1027 426 1054 in
456 1028 653 1055 humanitatem
681 1028 769 1063 ipsius
798 1029 866 1063 (16).
893 1039 901 1055 1

110 1072 179 1104 Quae
192 1079 247 1099 non
260 1073 348 1100 solum
362 1072 438 1108 [τιού]
452 1073 487 1100 ad
502 1078 664 1108 praesentem
678 1073 768 1101 Photii
783 1073 905 1109 disputa-

111 1118 216 1147 tionem
237 1119 342 1154 egregie
357 1119 472 1151 faciunt,
486 1127 581 1147 verum
596 1123 624 1147 ct
638 1127 671 1147 ex
686 1119 754 1147 Filio
770 1119 904 1154 Spiritum

109 1173 173 1192 esse
194 1164 371 1192 Athanasium
395 1165 536 1193 censuisse
555 1166 729 1200 persuadent.
754 1165 800 1193 Sic
833 1166 904 1193 idem

107 1211 275 1238 Athanasius
305 1211 374 1239 dicit
403 1212 542 1239 Christum
574 1217 686 1239 unctum
714 1220 728 1239 a
751 1212 856 1247 Spiritu
875 1218 905 1240 ut

110 1257 263 1290 hominem,
289 1258 399 1286 dantem
418 1266 483 1285 vero
508 1258 597 1293 ipsum
615 1258 741 1286 ﬁdelibus
760 1264 789 1286 ut
803 1259 903 1293 Deum;

108 1303 291 1340 accipientem
309 1304 440 1339 Spiritum
453 1312 502 1339 pro
516 1309 612 1331 natura
635 1305 765 1336 humana,
780 1312 904 1333 commu-

112 1351 251 1378 nicautetn
266 1357 329 1378 vero
348 1350 474 1378 eumdem
489 1358 538 1386 pro
551 1355 647 1378 natura
662 1351 764 1378 divina.
786 1352 838 1379 Sed
850 1351 902 1384 bis,

112 1397 175 1424 licet
189 1396 264 1431 plura
278 1396 415 1431 supersint
430 1396 556 1429 dicenda,
570 1397 652 1424 ﬁnem
669 1397 852 1432 imponamus.
870 1405 904 1426 ne

112 1442 180 1470 lines
205 1442 372 1470 tractationis
395 1442 477 1471 nitnis
496 1443 669 1483 excedamus.
689 1444 787 1476 Quide
799 1448 905 1479 postre-

109 1497 157 1517 mo
171 1489 249 1517 dictis
263 1490 338 1524 plura
351 1489 437 1524 cupit,
452 1489 531 1516 adeat
542 1489 601 1516 Nic.
621 1490 798 1517 Blemmidam
813 1490 855 1526 (ϐ.
871 1490 902 1518 Ο.

921 882 942 910 Β

957 252 1039 280 verba
1052 252 1158 279 Domini
1174 260 1254 287 prava
1267 251 1437 286 expositione
1447 255 1745 287 perverterunt,neque

957 297 1028 332 quod
1038 296 1146 332 pietatis
1159 304 1311 332 praeconem
1323 297 1350 323 in
1361 296 1526 331 impietatem
1538 296 1745 323 violentomodo

956 343 1144 375 abduxerunt;
1160 351 1253 369 verum
1264 342 1423 377 imperfecta
1440 350 1488 370 sua
1503 342 1589 369 studia
1608 342 1745 368 arbitran—

955 394 1012 420 tur,
1035 388 1109 425 [210]
1134 389 1187 416 nisi
1211 394 1237 416 et
1249 397 1318 424 quos
1336 390 1429 416 Patres
1446 389 1596 420 celebrant,
1626 396 1743 423 quonam

957 440 1037 470 pacto
1064 436 1239 463 contumeliis
1265 439 1372 471 petant,
1397 435 1576 470 exquisierint
1596 437 1630 469 (e.
1653 435 1708 469 (l6).
1731 443 1741 460 ι

957 475 1013 509 llos
1037 481 1118 508 enim
1145 481 1239 509 Patres
1268 486 1367 508 vocant
1401 480 1511 508 nomine
1537 486 1627 512 tenus,
1655 481 1743 515 reipsa

958 534 1022 553 vero
1048 525 1156 554 Patrum
1192 526 1232 554 eis
1250 526 1441 561 prterogstivas
1462 526 1598 556 adimunt.
1615 533 1677 553 eum
1695 533 1743 552 eos

956 570 1066 598 Christo
1091 571 1310 599 contradicentes
1335 570 1491 605 conﬁngant
1517 571 1553 605 (e.
1579 570 1636 606 67).
1675 569 1743 598 Hinc

957 616 1034 650 quasi
1056 616 1168 644 Patrum
1191 617 1297 644 illorum
1322 617 1453 643 honorem
1473 616 1660 643 vindicaturus
1682 624 1743 643 om-

957 670 1019 688 nem
1039 662 1067 689 in
1095 670 1127 689 eo
1146 662 1261 690 collocat
1280 670 1406 697 operam,
1424 666 1453 689 ut
1479 662 1679 696 quadamtenus
1696 670 1744 689 eos

957 712 1079 740 excuset,
1095 716 1127 735 ex
1147 708 1264 735 humana
1282 708 1465 735 imbecillitate
1478 713 1506 735 et.
1529 708 1693 742 ignorantia,
1710 716 1744 735 ex

957 753 1027 781 bona
1056 754 1108 781 ﬁde
1129 762 1194 781 eum
1221 754 1328 781 defectu
1352 754 1514 781 necessaria:
1536 754 1742 788 correptionis,

957 804 1038 834 atque
1065 807 1156 829 exeo
1186 800 1258 834 quod
1285 808 1340 827 non
1363 800 1460 835 dogma
1481 800 1524 827 vel
1540 800 1626 835 legem
1641 800 1744 828 consti-

958 849 1035 873 tuere
1052 847 1188 874 voluerint
1206 847 1242 881 (c.
1256 847 1312 882 68).
1326 846 1379 874 Sed
1404 851 1631 882 quantuscunque
1655 848 1743 875 honor

957 891 997 919 eis
1014 893 1164 925 tribuatur,
1182 901 1237 920 non
1266 893 1470 928 obsequendum
1504 901 1564 921 esse
1589 898 1669 928 urget
1692 893 1744 921 illis

955 945 1015 972 qute
1034 943 1134 973 praeter
1154 938 1254 966 Christi
1281 944 1308 966 et
1335 939 1520 974 apostolorum
1544 939 1743 967 institutionem

956 983 1108 1017 doeuerittt,
1123 992 1185 1012 cura
1201 992 1290 1019 neque
1304 985 1400 1020 angelo
1413 985 1446 1012 de
1460 985 1530 1012 celo
1553 985 1620 1012 ﬁdes
1638 985 1673 1012 sit
1693 984 1744 1012 ba-

956 1028 1045 1056 benda
1061 1035 1159 1064 praeter
1176 1030 1352 1065 Evangelium
1372 1031 1437 1065 quid
1453 1031 1613 1066 praedicanti
1623 1031 1664 1065 (c.
1679 1031 1743 1066 69);

955 1076 1046 1111 potius
1071 1076 1222 1104 obvelauda
1250 1076 1335 1104 fuisse
1363 1085 1424 1111 qum
1454 1077 1481 1104 in
1506 1085 1599 1104 eorum
1624 1077 1744 1105 dedecus

955 1125 1069 1156 vergunt
1095 1121 1211 1148 ﬁliorum
1234 1121 1291 1149 Noe
1306 1122 1441 1157 exemplo,
1457 1131 1537 1157 quant
1555 1131 1649 1150 coram
1677 1124 1744 1151 orbe

957 1170 1088 1193 terrarum
1105 1167 1304 1194 tnanifestanda
1323 1168 1357 1202 (c.
1371 1167 1427 1202 70).
1446 1167 1582 1195 Praeterea
1604 1176 1666 1195 cum
1689 1172 1744 1195 tam

955 1212 1074 1246 longum.
1091 1216 1198 1247 tempus
1226 1212 1329 1239 interea
1356 1213 1501 1244 emuxerit,
1527 1213 1659 1240 incert-tm
1683 1222 1744 1242 esse

955 1258 1086 1285 librorum
1103 1258 1193 1291 ﬁdem,
1215 1258 1260 1292 qui
1279 1258 1394 1285 fortasse
1405 1259 1559 1294 interpolati
1575 1267 1606 1286 ac
1620 1260 1743 1294 corrupti

956 1303 1058 1331 fuerint
1071 1304 1107 1340 (c.
1125 1305 1186 1340 7|);
1204 1305 1303 1332 deinde
1322 1305 1402 1332 facile
1418 1305 1544 1333 accidere
1569 1306 1702 1340 potuisse,
1714 1311 1744 1333 ut

956 1350 1079 1378 l‘atribus
1090 1350 1143 1378 illis
1156 1358 1217 1377 cum
1230 1351 1414 1386 gentilibuset
1423 1359 1487 1379 cum
1503 1352 1639 1379 haereticis
1648 1352 1744 1379 decer-

954 1397 1076 1425 tantibus
1085 1405 1135 1425 vox
1145 1398 1267 1432 quaedam
1278 1397 1369 1425 mintts
1377 1403 1505 1426 accurata
1514 1398 1656 1429 exciderit,
1668 1399 1743 1432 ἀγω-

955 1445 1083 1476 νιστικῶς
1101 1453 1148 1471 seu
1164 1445 1295 1480 polentice
1312 1445 1393 1477 dicta,
1407 1453 1460 1472 non
1477 1453 1543 1472 vero
1560 1446 1743 1479 δογματικῶς,

955 1490 1040 1518 velut
1054 1491 1206 1517 oeconomia
1227 1491 1343 1525 quadam
1369 1491 1409 1518 ttsi
1424 1491 1526 1518 fuerint
1553 1491 1646 1526 (e72)
1668 1491 1744 1519 Pauli

111 1535 133 1567 l,
156 1535 217 1569 50};
238 1535 355 1562 lieccum
382 1535 430 1571 (ib.
447 1535 468 1567 Ι,
483 1534 566 1570 C201);
586 1534 685 1571 Georg.
711 1536 828 1564 Metoch.
853 1537 902 1572 (ib.
917 1549 938 1578 ο
957 1536 1048 1571 (c.75,
1062 1536 1107 1571 74)
1119 1543 1143 1563 et
1157 1535 1285 1571 Basilii(c.
1303 1537 1346 1570 77)
1369 1537 1464 1572 agendi
1482 1536 1615 1564 rationetn
1636 1537 1742 1568 secuti;

110 1581 146 1613 ll,
164 1581 216 1609 968
247 1582 328 1617 δρψ),
349 1586 377 1609 et
410 1581 494 1609 Leon.
524 1581 605 1609 Aliat.
638 1581 727 1616 (Vind.
750 1591 811 1618 ειμι.
834 1583 902 1617 Epit.

109 1635 138 1654 (ε.
149 1628 191 1658 73,
202 1635 228 1662 p.
242 1628 293 1654 574
302 1627 372 1663 seq.)
387 1629 474 1663 neque
488 1627 579 1664 Cyrilli
591 1628 764 1656 Alexandrini
775 1629 903 1663 praeclara

110 1674 195 1701 verba
207 1674 234 1701 in
247 1674 325 1702 Joan.
339 1674 388 1702 Ev.
402 1674 602 1709 praetermittat,
619 1682 679 1709 qum
693 1674 797 1702 Bcccus
813 1674 855 1709 (ϐ.
870 1674 902 1703 0.

109 1720 146 1752 ll,
174 1720 295 1748 561-567
327 1726 398 1756 seq.)
426 1729 483 1748 suae
515 1721 711 1749 sententiarum
748 1721 902 1749 collectioni

110 1767 208 1794 tnerito
221 1767 324 1794 inserta
339 1767 424 1794 voluit
436 1767 505 1802 (l7).

146 1812 192 1840 29..
220 1812 341 1840 Tandem
370 1812 484 1840 Photius
505 1812 541 1847 (c.
567 1812 602 1840 66
629 1812 698 1848 seq.)
725 1813 897 1841 adversarios

109 1858 218 1886 inducit
231 1858 379 1891 Amhrosii,
388 1858 548 1894 Augustini,
562 1858 718 1894 Hieronymi
729 1859 901 1894 aliorumque

108 1905 255 1931 doctorum
269 1903 487 1932 Occidentalium
512 1905 677 1933 auctoritate
698 1906 847 1933 innitentes
870 1914 902 1933 ac

111 1951 186 1977 hunc
203 1950 231 1977 in
246 1950 356 1978 modum
372 1950 563 1985 disputantes:
580 1960 589 1977 ι
611 1952 665 1978 Aut
680 1951 722 1979 isti
746 1951 838 1979 Patres
856 1952 901 1987 pia

110 1997 236 2031 dogmata
260 1995 430 2023 tradiderunt
464 2001 491 2024 et
516 2001 582 2024 tunc
625 1997 781 2032 quicunque
809 1997 902 2025 Patres

106 2050 158 2069 eos
172 2050 234 2070 cum
252 2043 355 2070 honore
381 2043 550 2078 nuncupant,
565 2050 660 2070 eorum
688 2043 831 2070 sententiae
856 2051 902 2070 as-

109 2089 265 2116 scntiautur
287 2093 413 2124 oportet;
438 2094 486 2117 aut
509 2090 654 2125 impiorum
675 2090 832 2124 dogmatum
857 2090 900 2117 in-

109 2140 238 2163 ventores
255 2141 500 2171 propagatoresque
523 2136 662 2169 exstitere,
687 2141 715 2163 et
739 2140 804 2164 tunc
819 2136 899 2163 simul

107 2188 173 2208 cum
198 2188 246 2208 sua
274 2181 396 2208 doctrina
417 2181 491 2209 velttt
509 2181 586 2216 impii
614 2182 784 2217 rejiciantur.
811 2191 821 2208 ι
839 2181 898 2209 Νοη

109 2226 193 2254 audet
205 2226 318 2254 Pbotius
327 2227 539 2254 Occidentalium
561 2228 704 2256 doctorum
728 2228 837 2263 penitus
856 2236 899 2255 re-
917 2218 939 2246 ι)

109 2280 209 2308 spuere
232 2273 438 2306 auctoritatem;
465 2274 752 2309 tergiversationibus,
767 2273 897 2309 argutiis,

107 2319 313 2353 suspicionibus
326 2324 354 2346 et
366 2319 572 2354 exceptionibus
586 2319 668 2347 variis
680 2320 774 2350 utitur,
789 2319 897 2350 callide,

110 2366 185 2393 vdut
199 2366 222 2393 si
236 2374 297 2401 qua:
312 2366 345 2393 de
362 2365 511 2393 Bibliorum
531 2365 694 2393 testimoniis
719 2366 897 2398 disseruerat,

107 2416 184 2439 certa
217 2411 308 2438 omnia
333 2411 528 2447 forent,atque
553 2412 720 2445 indubitata,
749 2411 899 2447 ignominia

104 2458 278 2485 adversarios
308 2458 398 2493 ipsos,
430 2466 499 2493 quos
518 2457 630 2485 laudant
659 2457 765 2492 Patres,
788 2457 899 2485 allicere

142 2553 201 2595 ³15)
217 2561 245 2595 n_.
303 2560 330 2593 p_.
346 2553 473 2595 143:9?)
489 2552 543 2595 ¹(ἀρ
557 2553 599 2595 Ian
613 2551 756 2595 dunopdgmy
770 2550 837 2593 Υςῷ,
855 2552 898 2595 διξι

103 2586 246 2617 τοῧτιίκαὶ
257 2586 368 2623 Πνὲὗμα
379 2588 457 2620 Υἱοῠ,
468 2590 515 2614 καὶ
524 2586 569 2614 διὰ
580 2586 716 2623 τοῦἺΥἱοῡ,
731 2586 769 2618 ὡς
780 2587 809 2623 oi
823 2588 899 2623 πᾳρὰ

104 2624 210 2651 Φωτιου
230 2622 360 2654 λαϐόντὲς
379 2623 427 2654 τὰς
444 2623 571 2658 ἀφορμὰς
594 2622 820 2658 ἐρεσχελοῦσιντᾴ
831 2622 878 2648 νῦν
889 2641 897 2654 ,

105 2660 230 2694 λέγεται·
249 2659 306 2685 ἀλλ’
327 2658 367 2694 ὅτι
384 2658 430 2684 διὰ
442 2658 489 2694 tot]
501 2656 571 2694 ’Ῡξοῦ
583 2656 632 2693 τῆν
644 2656 676 2694 {si
690 2657 795 2692 Πατρὸς
808 2656 899 2694 ὓπαρέ

105 2692 232 2757 ἓρὶηὲχει,
248 2693 292 2721 διὰ
308 2693 387 2720 τοῦτο
401 2693 448 2720 καὶ
469 2693 582 2728 Πνεῦμα
601 2692 666 2720 Υἱοῡ
690 2693 736 2720 καὶ
755 2692 898 2727 ὁμοθύσιον

133 2739 176 2757 ιω.

133 2739 165 2756 ιω
169 2749 176 2756 .

145 2739 201 2800 fil-6)
216 2764 316 2792 Athan.
337 2763 377 2792 De
391 2763 503 2800 incum.»
515 2771 525 2790 :
538 2763 623 2800 Αῠτρς
640 2763 777 2800 γὰρ-αὑτὸ
794 2761 899 2800 ἄνωθεν

104 2798 231 2834 Enen-tun
243 2800 281 2830 ὡς
292 2800 370 2831 Θεὸς,
382 2799 429 2826 καὶ
444 2798 604 2834 αὺτὸςᾼαὺτὺ
617 2798 740 2826 κάτωθεν
754 2799 901 2833 ὑπεδέχετο

105 2837 145 2867 ὼς
160 2832 314 2869 ἄνθρωπος.
334 2834 379 2866 Ἐξ
399 2834 483 2861 αὐτοῦ
505 2832 552 2861 οὖν
571 2834 610 2865 εις
635 2833 715 2860 αὐτὸν
736 2832 852 2869 κατῄει]
867 2834 900 2869 ἐκ

104 2872 157 2906 τῆς
175 2868 302 2905 θεότητος
331 2869 413 2896 αὑτοῦ
442 2869 483 2901 εἰς
504 2871 553 2906 τὴν
581 2868 898 2905 ἀνθρωπότητααὺτοῦ.

225 2917 360 2948 Ριτιιοι.
382 2917 439 2948 Gn.
462 2917 526 2948 Cll.

955 1582 1073 1617 denique
1105 1590 1191 1617 neque
1208 1582 1302 1609 deesse
1325 1582 1419 1609 Patres
1431 1601 1437 1613 ,
1449 1589 1566 1617 quorum
1592 1582 1744 1610 sententias

956 1627 1076 1655 Ecclesia
1094 1628 1166 1655 haud
1194 1627 1356 1663 susceperit,
1372 1628 1436 1655 licet
1451 1628 1571 1662 alioquin
1594 1628 1684 1663 magni
1697 1635 1744 1655 eos
1791 1658 1793 1660 τ

953 1673 1036 1701 faciat
1051 1674 1086 1709 (e.
1103 1674 1165 1709 75);
1180 1678 1261 1708 atque
1285 1675 1325 1701 sic
1352 1681 1446 1701 revera
1473 1674 1624 1708 parricidas
1647 1681 1744 1701 manus

953 1729 1000 1748 eos
1025 1721 1149 1755 Patribus
1180 1721 1303 1756 injicere,
1319 1721 1364 1755 qui
1387 1725 1481 1747 contra
1503 1721 1623 1755 ipsorum
1653 1720 1744 1747 iulen~

953 1767 1054 1795 tionem
1083 1768 1188 1794 illorum
1209 1767 1431 1802 expressionibus
1454 1767 1488 1794 ad
1528 1766 1743 1801 impugnandam

954 1813 1054 1840 Christi
1073 1813 1280 1840 saluberrimam
1294 1812 1445 1840 doctrinam
1463 1812 1624 1843 abutantur;
1643 1812 1670 1838 in
1693 1811 1742 1838 hos

953 1859 1048 1886 Patres
1064 1859 1137 1894 ipsos
1163 1859 1367 1886 insurreeturos
1389 1862 1416 1884 et
1439 1862 1534 1885 contra
1556 1862 1676 1884 mentem
1690 1857 1741 1884 sibi

953 1905 1071 1932 afﬁetam
1085 1905 1243 1932 solemniter
1261 1908 1460 1939 protestaturos
1486 1904 1520 1938 (e.
1538 1903 1594 1937 76).
1610 1903 1662 1930 Sed
1688 1910 1743 1938 quo

954 1950 1031 1985 plura
1048 1950 1098 1977 hac
1113 1950 1140 1977 in
1156 1958 1185 1977 re
1199 1950 1323 1984 congerit
1340 1948 1463 1980 Photius,
1485 1956 1518 1975 eo
1543 1948 1679 1975 infelicior
1698 1953 1743 1975 est

954 2003 1042 2031 pugna
1067 2000 1094 2023 ct
1115 1995 1227 2030 quidem
1248 1994 1337 2029 quoad
1354 2001 1450 2021 omnes
1465 1998 1567 2028 partes.
1583 1994 1742 2021 Consultius

952 2042 1115 2077 Photio,qui
1140 2041 1249 2069 nonnisi
1277 2041 1441 2076 paucissima
1466 2040 1625 2067 Latinorum
1644 2040 1741 2068 docto-

953 2097 1013 2116 rum
1025 2089 1125 2124 scripta
1138 2093 1262 2119 noverat,
1288 2092 1362 2115 certe
1380 2087 1469 2115 fuerat
1490 2087 1516 2114 in
1544 2087 1614 2114 hanc
1628 2095 1739 2114 arenam

952 2142 1007 2161 non
1023 2134 1199 2161 descendere.
1213 2133 1318 2160 I‘Ztenitn
1343 2133 1368 2160 in
1389 2133 1482 2168 primis
1498 2140 1552 2159 non
1583 2133 1671 2160 solum
1703 2133 1740 2159 illi

954 2185 1009 2207 tres
1030 2187 1093 2207 eum
1119 2179 1180 2206 aliis
1202 2179 1298 2214 paucis
1317 2179 1466 2208 tradidere.
1482 2178 1612 2213 Spiritutn
1636 2186 1651 2205 a
1672 2178 1741 2206 Filio

949 2227 1060 2260 (quoque
1085 2224 1243 2260 procedere,
1254 2232 1349 2252 verum
1367 2224 1440 2260 [eli]
1456 2223 1543 2251 Latini
1558 2224 1684 2252 doctores
1706 2225 1741 2252 ad

952 2279 1037 2298 unutn
1053 2278 1158 2302 omnes,
1176 2274 1310 2304 quotquot
1327 2269 1414 2296 fusius
1435 2269 1469 2296 de
1488 2268 1580 2296 divina
1605 2268 1741 2296 Trinitate

951 2321 1083 2352 egerunt;
1099 2320 1129 2343 ut
1155 2315 1353 2343 'l'ertullianum
1379 2318 1584 2350 prmtereamus,
1595 2314 1651 2348 jam
1677 2319 1741 2342 ante

950 2362 1124 2390 Ambrosium
1147 2361 1173 2389 id
1200 2361 1318 2389 docuere
1344 2360 1445 2388 Marius
1466 2359 1625 2387 Victorinus
1640 2364 1668 2387 et
1691 2367 1740 2387 co-

950 2408 1106 2443 piosissime
1120 2407 1237 2434 Hilarius
1253 2406 1428 2434 Pictaviensis
1445 2406 1520 2441 (l8);
1538 2406 1564 2433 id
1576 2414 1637 2433 eum
1649 2406 1741 2442 Augu-

951 2454 1024 2482 stino
1051 2453 1189 2481 innumeri
1214 2453 1340 2480 doctores
1361 2460 1393 2479 ac
1410 2451 1526 2480 concilia
1554 2451 1690 2487 Hispaniae
1714 2457 1743 2480 et

950 2550 1052 2578 Eodem
1073 2548 1229 2576 testimonio
1249 2555 1357 2575 rursum
1376 2546 1480 2574 Beccus
1500 2547 1588 2574 utitur
1611 2546 1687 2575 Orat.
1710 2549 1743 2575 de

950 2594 1015 2613 una.
1029 2584 1100 2612 Eccl.
1119 2591 1142 2610 e.
1156 2584 1205 2616 60;
1225 2583 1258 2610 de
1271 2591 1342 2618 proc.
1358 2582 1451 2616 Spirit.
1467 2587 1553 2618 sana.
1572 2583 1663 2618 Epigr.
1677 2583 1702 2611 1.
1713 2583 1742 2610 in

950 2594 1015 2613 una.
1029 2591 1100 2612 Lact.
1119 2591 1142 2610 e.
1156 2591 1205 2616 ou;
1225 2591 1258 2610 ae
1290 2591 1342 2609 roc.
1358 2591 1451 2616 δρινκ.
1468 2591 1553 2609 sanet.
1572 2591 1663 2618 nptgr.
1677 2591 1702 2611 ι.
1713 2591 1741 2610 Ill

949 2621 1054 2649 Camat.
1073 2627 1098 2647 c.
1113 2618 1148 2645 22
1165 2619 1206 2654 (G.
1222 2618 1253 2646 0.
1268 2591 1288 2650 Ε
1303 2618 1366 2648 202,
1380 2618 1449 2651 529;
1464 2617 1572 2654 ll,527,
1587 2619 1650 2654 554,
1665 2617 1741 2654 554),

950 2660 978 2684 et
991 2654 1165 2682 Constantio.
1183 2653 1303 2680 Meliten.
1315 2657 1384 2680 orat.
1403 2654 1431 2684 2,
1450 2661 1475 2680 c.
1489 2653 1506 2680 9
1519 2654 1567 2688 (ib.
1581 2653 1614 2685 ll,
1629 2653 1705 2686 79l).

987 2691 1043 2726 (I7)
1059 2689 1190 2726 Quadam
1206 2696 1238 2716 ex
1253 2689 1297 2726 his
1310 2689 1394 2726 l_ta_bes
1409 2688 1519 2726 supra§
1534 2689 1577 2718 l9,
1598 2692 1662 2726 nota
1676 2688 1703 2714 2.

987 2723 1044 2761 (is)
1058 2724 1126 2752 Vide
1145 2723 1283 2761 Hilar._De
1308 2723 1459 2761 Ττὶμζνιιι,
1470 2723 1526 2756 20';
1543 2724 1615 2761 apud
1630 2723 1740 2761 ﬂuenta.

950 2757 1044 2789 Ether'.
1059 2761 1078 2787 l.
1095 2767 1136 2791 ut,
1163 2767 1188 2786 c.
1215 2759 1259 2791 17,
1279 2766 1307 2793 p.
1320 2759 1400 2794 7l253
1419 2766 1478 2794 seq.
1492 2763 1520 2786 et
1539 2757 1612 2793 apud
1640 2757 1741 2785 Maium

950 2795 1043 2831 Spicil.
1060 2795 1136 2831 Rom.
1169 2794 1247 2826 l8“,
1279 2799 1299 2821 t.
1319 2793 1363 2825 Vl,
1382 2793 1466 2831 Praef.
1488 2802 1516 2829 p.
1543 2801 1631 2831 xxxv;
1659 2798 1742 2831 atque

951 2828 1062 2858 l'atrum
1088 2830 1245 2857 Latinorum
1264 2836 1363 2865 seriem
1377 2829 1450 2865 apud
1475 2828 1591 2857 [tineam
1609 2828 1697 2856 Paris.
1714 2832 1742 2856 et

952 2866 1045 2895 Petav.
1060 2865 1099 2893 De
1114 2865 1185 2893 Trin.
1202 2865 1220 2892 l.
1238 2873 1286 2899 vn,
1301 2872 1325 2893 c.
1345 2864 1373 2892 8.

1540 2911 1578 2941 15
