1945 3088
215 146 266 181 467

779 151 912 182 PIIOTII
931 151 1186 182 PATRIARCHIE
1204 151 1261 182 ΟΡ.

1795 147 1844 179 488

217 209 290 233 esset
308 204 389 238 Deus,
417 205 490 233 nulla
517 206 665 234 necessitas
689 205 766 243 [223]
796 206 1004 242 compositionis
1017 207 1044 237 Α
1056 207 1149 234 rianus
1165 207 1194 241 (ι,
1210 206 1242 239 ll,
1262 207 1324 239 αδ,
1342 214 1368 241 p.
1384 204 1463 240 1216)
1493 186 1637 240 disputans
1652 213 1659 232 :
1689 212 1699 229 ι
1717 202 1747 231 Si
1768 202 1847 231 Pater

216 257 301 284 esset,
329 256 357 279 et
379 252 450 286 quod
476 257 640 285 extremum,
672 252 968 287 processionis'ordine
991 259 1008 279 θ.

216 298 330 333 singulis
344 298 490 332 acciperet.
506 299 566 326 Non
580 299 655 326 enim
671 299 795 326 dantium
818 298 1005 332 multitudine,

218 345 266 372 sed
282 352 316 371 ex
331 352 425 371 eorum
452 352 513 379 quae
537 344 614 377 dant,
636 352 788 380 eorumque
816 353 876 380 qua!
903 345 1007 376 insunt,

217 390 371 417 diﬂerentia
396 391 560 425 compositio
584 390 733 425 judicatur.
766 391 794 418 Si
821 396 923 424 autem,
949 399 1009 426 quae

218 436 328 467 dantur,
353 436 508 463 dilt'crentia
528 441 608 469 sunt,
636 441 663 464 et
680 445 740 472 qua:
768 437 872 470 insunt,
900 437 1010 465 ditlerrc

219 488 331 508 necesse
347 485 403 513 est;
427 486 508 516 atque
535 481 571 508 ita
596 482 777 516 compositura
799 481 862 512 erit.
878 482 951 517 quod
975 490 1009 509 ex

219 524 378 560 hujusmodi
397 527 547 559 constabit;
563 528 636 562 quod
655 527 684 554 in
699 527 803 563 Spiritu
822 533 918 556 sancto
939 536 1011 555 nun-

220 580 301 606 quam
319 572 402 599 habet
417 572 516 600 locum.
534 581 544 598 ›

228 623 233 628 '
254 618 281 644 At.
299 617 335 644 Ex
357 618 437 645 dictis
457 619 538 645 etiam
560 619 625 646 illud
644 619 787 654 dijudicari
812 623 912 654 potest,
938 619 1010 654 quod

220 663 337 691 allirmat
353 664 464 691 Pltotins
485 665 519 699 (c.
538 665 593 696 Mi,
609 673 664 692 non
695 665 782 692 solum
797 665 851 692 duo
877 665 1011 700 principia

221 709 249 736 in
269 709 403 736 Trinitate
419 713 540 737 statuere
562 710 684 743 Latinos,
702 718 798 741 verum
824 710 906 747 etiam
935 710 1012 745 prin-

221 755 291 789 cipia
310 754 365 782 duo
380 755 483 782 diversa
504 763 535 782 ac
555 756 713 789 differentia,
728 755 843 782 alterum
859 748 918 783 sine
934 755 1012 790 prin—

221 799 305 834 cipio,
334 800 451 827 alterum
476 795 679 835 priticipiaitttni.
707 800 780 828 Sane
810 801 832 828 si
854 805 1012 836 spectantur

222 853 348 880 personis,
363 845 469 873 duabus
482 846 604 880 ejusdem
625 851 728 873 natura:
743 846 869 881 personis
881 846 1012 873 convenit

222 876 291 917 ratio
305 876 443 926 principii,
454 876 566 918 eatenus
581 890 690 926 quidem
712 876 819 919 diverso
838 892 917 918 modo
943 899 1012 926 qua-
1029 876 1049 903 Β

222 940 302 963 tenus
329 939 371 964 est
388 936 415 962 in
433 935 567 963 Trinitate
585 946 594 962 ι
615 937 780 972 principium
807 945 861 964 non
882 938 915 964 de
938 937 1014 972 prin-

221 982 305 1018 cipio,
322 982 394 1017 quod
418 986 462 1009 est
484 982 576 1015 Pater,
600 988 628 1010 et
649 983 812 1018 principium
835 991 850 1010 a
866 983 1011 1019 principio.

221 1024 293 1062 quod
313 1033 355 1055 est
372 1027 468 1055 Filius.
483 1037 492 1054 ι
512 1028 672 1063 (Tllomasl.
696 1036 721 1056 c.
736 1037 763 1064 q.
779 1029 823 1056 '53.
842 1036 864 1056 a.
891 1029 934 1064 4):
965 1028 1013 1056 sed

221 1074 294 1101 sicut
308 1073 434 1109 principii
456 1074 524 1101 ratio
545 1078 572 1101 et
593 1075 749 1109 principiali
771 1079 876 1102 natura:
899 1075 1013 1109 a-quali-

222 1124 307 1147 tatem
321 1128 376 1147 non
389 1121 467 1153 tollit,
484 1121 522 1148 sic
533 1128 585 1148 nec
596 1121 702 1149 diversa
720 1121 748 1148 in
769 1121 953 1156 principiante
969 1129 1014 1149 re-

221 1167 298 1194 latio.
310 1167 364 1194 Sed
380 1167 401 1194 si
418 1171 558 1202 spectatur
570 1168 652 1194 virtus
667 1173 691 1194 ct
702 1168 771 1194 actio
787 1168 919 1203 spirandi,
935 1167 1014 1194 Pater

221 1218 250 1241 et
262 1213 346 1242 Filius
359 1218 424 1241 sunt
434 1223 518 1241 unum
531 1215 705 1249 principium,
720 1223 774 1242 uno
790 1215 940 1250 eodemque
950 1220 1013 1242 actu

222 1261 343 1295 spirant.
357 1260 434 1294 Quod
447 1261 470 1289 si
487 1262 581 1288 stricte
598 1261 733 1296 loquendo
746 1261 781 1289 de
806 1262 913 1289 duobus
937 1263 1013 1297 prin-

222 1307 302 1342 cipiis
315 1315 407 1335 sermo
420 1308 513 1335 haberi
530 1308 635 1342 nequit,
651 1308 736 1335 multo
750 1307 840 1335 minus
857 1308 891 1335 de
906 1307 1014 1335 duobus

222 1353 366 1389 principiis
386 1354 456 1381 inter
470 1360 501 1382 se
515 1354 640 1381 diversis.
667 1353 823 1381 Dill‘erentia
843 1353 1014 1381 solummodo

222 1403 266 1426 est
295 1407 328 1426 ex
357 1404 434 1434 parte
461 1407 655 1435 personarum,
680 1404 817 1434 quatenus
842 1400 930 1427 altera
954 1400 1014 1427 sine

223 1445 359 1480 principio
378 1449 421 1472 est
433 1450 461 1473 et
474 1453 505 1472 ex
521 1453 550 1472 se
559 1445 641 1472 habet
658 1445 826 1480 spiratrieem
846 1445 913 1478 vim,
928 1445 1013 1473 altera

222 1498 239 1518 a
253 1491 389 1526 principio
400 1495 443 1518 est
464 1496 492 1519 et
508 1493 562 1519 vim
577 1492 697 1528 spirandi
723 1492 806 1519 habet
828 1493 1014 1526 communica-

1059 258 1085 280 et
1098 252 1183 280 Filius
1194 261 1250 280 non
1267 252 1429 287 simpliciter
1444 251 1498 278 duo
1521 251 1662 291 dicuntur,
1681 250 1728 277 sed
1753 258 1846 278 secun—

1059 298 1124 325 dum
1137 298 1214 333 quid,
1224 306 1276 325 nec
1288 298 1356 324 alter
1367 297 1401 324 ab
1415 296 1500 324 altero
1515 300 1669 331 separatur,
1687 295 1774 322 multo
1800 295 1848 322 mi-

1060 352 1111 370 nus
1126 344 1180 371 duo
1191 344 1322 378 principia
1338 349 1386 370 seu
1405 343 1466 369 dua!
1477 349 1565 369 causa:
1581 349 1614 368 eo
1632 342 1706 376 quod
1724 341 1848 368 alteruter

1062 390 1199 425 (uterque)
1214 397 1296 416 causa
1323 389 1358 416 sit
1375 389 1517 422 sanctique
1540 388 1659 423 Spiritus
1685 388 1845 422 principium

1031 471 1035 475 .
1061 436 1289 471 praedicabuutur.
1319 435 1446 470 Nunquid
1468 433 1587 462 Verbum
1607 434 1653 461 Dei
1679 433 1765 461 Patris
1782 434 1848 460 Deus

1061 491 1124 510 cum
1137 482 1209 509 Deo?
1225 481 1258 508 Et
1270 482 1341 509 Deus
1358 481 1468 516 quidem
1479 481 1588 516 genitus
1603 488 1637 507 ex
1650 480 1704 506 Deo
1719 479 1846 514 ingenito.

1062 530 1187 556 Attamen
1205 536 1261 555 non
1276 532 1340 554 sunt
1362 528 1416 555 duo
1438 527 1490 559 Dii.
1518 527 1627 563 genitus
1652 530 1680 553 et
1703 525 1848 560 ingenitus,

1063 577 1110 604 sed
1124 584 1198 603 Imus
1206 580 1233 602 et
1249 575 1319 601 idem
1337 573 1417 601 Deus.
1434 573 1480 600 Sic
1491 573 1573 608 igitur
1583 580 1668 599 unum
1688 571 1847 606 principium

1063 629 1171 655 unaque
1184 628 1264 647 causa
1286 619 1536 654 Spiritussanclus,
1563 618 1609 653 qui
1635 617 1752 644 estsine
1776 615 1853 642 initio

1064 668 1143 695 Pater
1156 671 1184 695 ct
1201 667 1295 697 Filius,
1319 666 1365 701 qui
1383 665 1546 701 principium
1560 670 1588 692 ct
1603 669 1684 698 caput
1699 663 1806 694 dicitur,
1821 667 1850 689 ut

1064 714 1182 741 Hilarius
1197 713 1284 745 dicit;
1303 717 1385 747 caput.
1407 711 1480 739 enim
1495 711 1617 739 omnium
1637 710 1721 736 Filius
1734 713 1787 739 est.
1804 709 1850 736 sed

1063 763 1147 794 caput
1164 758 1223 786 Filii
1248 758 1320 785 Deus
1337 761 1389 785 est.
1409 757 1466 784 Duo
1483 761 1557 790 sunt,
1583 756 1628 783 ubi
1643 755 1743 782 similia
1758 762 1852 781 mune-

1064 805 1141 832 randi
1159 804 1270 831 nomina
1281 812 1371 831 rerum
1385 804 1503 838 aliquam
1518 802 1699 837 pluraliuttem
1711 800 1853 827 ostendere

1065 851 1168 883 volunt,
1181 850 1232 877 etsi
1245 857 1340 876 carum
1351 847 1503 876 exsistendi
1518 847 1651 874 rationem
1660 850 1778 873 taceant.
1787 843 1850 871 Nam

1064 904 1153 931 neque
1187 895 1398 923 eontinuitatcm
1425 902 1515 928 neque
1548 892 1745 920 discretionem
1766 898 1854 925 neque

1064 941 1273 970 dividendorum
1291 940 1419 975 aperiunt
1435 939 1630 971 diﬂ'erentiam,
1655 938 1771 973 aliquam
1792 942 1851 963 Ian-

1066 987 1205 1015 tutnmodo
1214 986 1416 1013 manifestantia
1434 985 1605 1016 varietatem,
1619 992 1679 1019 qua:
1694 983 1768 1010 nulla
1784 982 1854 1009 inter

1064 1034 1171 1061 Patrem
1195 1037 1222 1060 et
1241 1032 1353 1064 Filium,
1371 1039 1404 1058 ex
1426 1039 1460 1058 eo
1473 1031 1546 1066 quod
1565 1029 1679 1065 Spiritui
1694 1036 1766 1063 _esse
1787 1035 1854 1063 pra:-

1064 1084 1152 1110 stant;
1174 1086 1269 1106 verum
1284 1085 1337 1105 una
1354 1085 1436 1104 causa
1453 1081 1497 1104 est
1515 1076 1635 1111 Spiritus
1656 1080 1781 1110 uterque.
1802 1083 1811 1100 ι

1100 1125 1126 1152 5.
1147 1125 1271 1152 Alterum
1287 1124 1392 1151 axioma
1407 1131 1424 1152 ει
1437 1123 1537 1149 Photio
1549 1122 1688 1149 invectum
1705 1121 1778 1156 (vide
1789 1128 1812 1147 ε.
1826 1119 1855 1151 9,

1065 1172 1098 1200 17
1114 1180 1172 1206 seq.
1190 1171 1233 1206 47)
1257 1175 1299 1198 est
1314 1170 1379 1197 illud
1397 1179 1403 1197 :
1423 1169 1572 1197 Producere
1588 1177 1632 1196 seu
1651 1169 1771 1195 emittere
1793 1166 1855 1201 Spi-

1064 1220 1144 1246 ritum
1159 1223 1280 1245 sanctum
1299 1223 1336 1244 est
1367 1216 1456 1243 Patris
1486 1216 1584 1242 illiama
1607 1223 1652 1242 seu
1685 1213 1849 1249 [typostatica

1065 1265 1154 1292 Putris
1171 1264 1328 1298 proprietas.
1348 1262 1415 1289 Hinc
1433 1261 1584 1292 concludit.
1601 1268 1614 1287 a
1633 1260 1737 1287 Latinis
1759 1265 1855 1293 perso-

1065 1319 1162 1338 narum
1186 1310 1317 1337 idiomata
1344 1308 1459 1340 destrui,
1478 1308 1554 1338 dum,
1579 1306 1652 1341 quod
1680 1305 1746 1332 dicit
1768 1303 1857 1330 Patris

1065 1357 1176 1388 idioma,
1192 1360 1218 1383 et
1235 1355 1304 1383 Filio
1328 1355 1481 1382 vindicant.
1499 1353 1600 1380 Verum
1619 1352 1671 1379 hoc
1689 1349 1855 1386 principium

1064 1403 1138 1430 nulla
1155 1402 1260 1429 ratione
1275 1401 1404 1436 nullaque
1419 1399 1581 1427 auctoritate
1598 1398 1697 1425 fultum
1714 1402 1826 1431 prorsus
1840 1403 1856 1420 a

1066 1449 1169 1477 Latinis
1208 1448 1342 1483 rejicitur.
1384 1446 1473 1473 Patris
1511 1444 1718 1473 constitutivum
1756 1440 1857 1467 idioma

1065 1503 1161 1523 omnes
1176 1494 1364 1529 patet-nitatem
1380 1493 1486 1524 dicunt,
1499 1499 1564 1519 cum
1584 1497 1636 1524 qua
1652 1487 1764 1523 spiratio
1779 1486 1857 1512 iden-

224 1541 294 1568 tam;
309 1544 357 1564 seu
369 1542 505 1577 quatenus
519 1541 583 1564 sunt
603 1537 684 1564 Pater
696 1542 723 1564 et
737 1537 841 1570 Filius;
863 1546 927 1566 cum
950 1546 1015 1565 vero
1029 1545 1051 1573 α
1070 1540 1166 1568 tineari
1193 1540 1311 1574 nequit;
1329 1546 1411 1565 nemo
1433 1541 1566 1573 praetcrea
1580 1536 1692 1563 Patrum
1714 1533 1763 1568 τὴν
1792 1539 1859 1566 1:90-

223 1591 279 1611 non
295 1584 400 1619 spirent
413 1592 466 1619 qua
484 1584 529 1611 ille
539 1583 629 1615 Pater,
651 1585 696 1612 hic
710 1584 806 1617 Filius,
823 1585 898 1612 nulla
917 1590 960 1612 est
985 1585 1011 1612 in

223 1629 353 1664 spirando
369 1629 531 1662 diversitas;
547 1634 575 1657 et
599 1630 669 1657 sicut
691 1635 788 1657 natura
804 1638 858 1656 non
872 1630 1013 1660 dillerunt.

224 1674 289 1708 quia
303 1674 383 1701 Pater
400 1673 549 1709 ingenitus,
567 1673 652 1701 Filius
663 1675 782 1709 genitus,
801 1675 840 1702 sic
852 1683 903 1702 nec
917 1680 1015 1702 natura

224 1720 366 1753 diﬂ'erunt,
381 1720 445 1755 quia
457 1721 536 1748 Pater
551 1729 566 1748 a
588 1721 674 1753 nullo,
697 1721 781 1748 Filius
804 1730 818 1748 a
837 1721 917 1749 Patre
934 1721 1016 1748 habet

225 1766 384 1801 spirativam
397 1767 537 1794 virtutem.
560 1767 664 1800 Potest,
693 1775 759 1795 sane
781 1767 835 1795 dici
864 1768 932 1795 duas
954 1776 1016 1795 esse

224 1820 356 1848 personas
370 1813 577 1848 principiantes.
590 1814 637 1841 sed
651 1814 712 1841 ideo
723 1822 777 1841 non
798 1819 862 1841 sunt
873 1815 927 1842 duo
937 1814 1016 1849 prin-

224 1858 305 1893 cipia.
316 1858 440 1886 Advertit
453 1859 531 1886 Juan.
549 1860 735 1894 Argyropulus
752 1859 802 1894 (De
821 1868 892 1894 proc.
921 1859 1014 1894 Spirit.

224 1909 312 1932 sanet.
326 1912 351 1932 ο.
367 1905 416 1938 10;
443 1905 475 1933 G.
494 1904 525 1933 0.
538 1905 557 1938 l,
573 1906 702 1940 414-416)
729 1906 816 1942 ἀρχὴν
833 1906 919 1941 accipi
936 1914 1016 1942 posse

225 1955 283 1977 tum
294 1957 344 1984 pro
356 1949 470 1984 δυνάμει
487 1957 543 1978 tum
561 1959 612 1986 pro
631 1951 798 1985 ὑποστάσεις
823 1952 906 1986 priori
932 1959 1015 1979 sensu

224 2002 281 2021 non
300 1994 394 2021 haberi
414 1995 468 2021 duo
498 1995 642 2030 principia,
665 2004 727 2023 cum
754 1996 869 2031 δύναμις
895 1997 1016 2032 πρσϐλη-

224 2038 289 2073 τικὴ
305 2039 415 2065 nonnisi
429 2047 483 2066 una
495 2040 645 2075 eademque
674 2041 710 2068 sit
732 2041 760 2068 in
777 2040 854 2077 [224]
883 2040 964 2069 Patre
988 2047 1016 2069 et

225 2082 311 2118 Filio;
326 2084 470 2119 posteriori
484 2093 567 2113 sensu
577 2087 739 2114 vocabulum
753 2087 800 2114 δύο
814 2087 901 2123 ἀρχὰς
916 2088 1017 2115 'admit-

225 2132 269 2163 tit,
284 2138 346 2158 cum
357 2131 401 2159 tali
418 2136 498 2167 pacto
523 2136 577 2160 tres
592 2141 721 2168 persona:r
745 2134 771 2161 in
797 2134 936 2161 erealione
947 2143 1016 2169 quo-

224 2185 278 2212 que
290 2179 365 2212 τρεῖς
379 2178 463 2213 ἀρχαὶ
473 2178 532 2206 sine
546 2179 715 2207 absurditate
735 2180 801 2213 dici,
826 2185 853 2207 et
879 2181 916 2208 uti
948 2186 1014 2213 tres,

1068 1585 1148 1622 δολὴν
1164 1586 1210 1612 uni
1229 1585 1301 1612 Patri
1331 1584 1480 1612 vindicavit
1504 1583 1545 1610 vel
1577 1581 1637 1615 ejus
1670 1580 1858 1607 characterem

1067 1632 1273 1660 constitutivum
1284 1631 1393 1658 censuit
1405 1630 1473 1665 (35);
1488 1629 1560 1656 addit
1574 1626 1765 1661 Buecus(orat.
1778 1625 1804 1653 Ξ.
1821 1623 1860 1650 De

1067 1678 1168 1712 injuste
1284 1677 1343 1711 drp.
1371 1685 1396 1703 c.
1421 1676 1471 1707 ΞΜ
1492 1674 1523 1702 G.
1539 1673 1575 1701 0.
1591 1672 1622 1705 ll,
1641 1671 1684 1703 76,
1707 1671 1750 1705 77)
1769 1670 1859 1697 l‘ltotii

1066 1725 1198 1760 πρότασιν
1217 1724 1249 1750 iis
1279 1722 1407 1750 omnibus
1434 1722 1580 1749 Doctorum
1609 1717 1773 1746 testimoniis
1790 1724 1861 1743 con-

1068 1769 1159 1801 futari,
1178 1770 1206 1796 in
1236 1769 1336 1803 quibus
1351 1769 1368 1803 ὴ
1388 1767 1434 1794 τοῠ
1458 1766 1565 1801 Harpe;
1595 1765 1642 1791 καὶ
1669 1763 1735 1790 Υῐοῦ
1764 1762 1862 1796 ἑνότης

1068 1815 1114 1841 ἐπὶ
1134 1815 1227 1845 πᾶσιν,
1242 1814 1292 1840 ὅσα
1317 1813 1349 1839 ἐκ
1375 1812 1481 1847 Ila-cpit;
1508 1810 1540 1837 δι’
1557 1809 1621 1836 Υἱοῦ
1640 1809 1760 1841 λέγεται,
1776 1814 1863 1841 appa-

1068 1866 1120 1893 ret,
1134 1861 1206 1896 quod
1218 1859 1342 1887 adductis
1362 1858 1452 1885 Basilii
1468 1861 1496 1885 et
1519 1855 1659 1883 Athana~ii
1678 1853 1797 1881 textibus
1811 1852 1862 1878 de-

1068 1908 1160 1935 clarat.
1179 1905 1281 1934 Verum
1295 1913 1349 1941 quo
1372 1912 1416 1932 res
1435 1903 1602 1932 luculentius
1617 1905 1724 1936 pateat,
1745 1905 1862 1926 accura-

1070 1954 1123 1981 tius
1137 1953 1290 1988 divinarum
1309 1958 1488 1987 personarum
1504 1948 1688 1984 proprietates
1702 1946 1756 1972 late
1773 1945 1865 1971 dictas

1069 1999 1258 2034 inspiciamus.
1290 1997 1500 2032 Distinguuntur
1529 1995 1644 2022 omnino
1676 1991 1864 2026 proprietates

1069 2044 1238 2080 personales,
1258 2042 1450 2078 hypostaticat,
1473 2047 1605 2076 personas
1624 2038 1826 2066 constituentes
1848 2045 1864 2063 ει

1068 2089 1227 2117 diarriticis.
1243 2087 1323 2122 (Vide
1346 2087 1440 2114 Pet-av.
1469 2086 1505 2112 De
1528 2085 1600 2112 Trin.
1624 2083 1743 2110 Promm.
1762 2082 1782 2108 l.
1811 2087 1865 2114 ιν.)

1068 2135 1182 2164 Nonnisi
1199 2139 1255 2162 tres
1270 2135 1444 2169 proprietates
1460 2131 1638 2167 [typostaticas
1649 2129 1687 2157 vel
1700 2128 1866 2156 constituen-

1069 2186 1105 2209 tes
1135 2181 1279 2217 (ἰδιώματα
1308 2179 1488 2213 ὑποστατικὰ)
1524 2181 1677 2213 agnoscunt
1706 2174 1801 2202 l’atres
1831 2181 1867 2201 ac

225 2223 264 2251 ita
281 2223 342 2251 duae
357 2232 480 2259 persome
495 2225 618 2259 ejusdem
631 2226 749 2253 actionis
768 2226 915 2261 participes
941 2227 1016 2262 cogi-
1033 2225 1053 2252 D
1070 2225 1204 2261 theologi;
1221 2228 1286 2252 sunt
1300 2229 1392 2251 autem
1406 2233 1412 2250 :
1431 2222 1589 2258 πατρότης,
1609 2220 1710 2255 υἱότης,
1726 2219 1867 2253 sxa-r699)-

225 2269 278 2297 tari
293 2273 405 2305 queant.
417 2270 532 2298 Demum
544 2271 671 2299 audiatur
692 2280 799 2300 rursum
829 2272 906 2308 [iugo
933 2273 1018 2301 Elite-

265 2345 496 2382 (SﬁlqAﬂ‘ernnlnr
510 2346 621 2381 quidem
641 2346 766 2381 Gregorii
783 2345 897 2382 Nysseni
914 2347 994 2374 verba
1009 2357 1016 2374 :

226 2380 399 2418 Τρᾷδξὲτνεκα
417 2380 529 2418 Πνεῦμά
546 2381 679 2418 στόματος
701 2380 785 2418 (Psal.
799 2380 884 2418 ﬁxxn,
904 2382 942 2417 6),
960 2382 1018 2409 ἀλλ’

226 2416 288 2450 οὐχὶ
301 2415 528 2452 λόγοννστόματος
540 2415 651 2452 εἴρηκεν
665 2417 679 2442 ὁ
688 2415 781 2452 Δαεὶδ.
807 2417 850 2443 ἵνα
861 2417 910 2452 τὴν
922 2415 1019 2444 ’ἐκπο-

230 2452 359 2487 ρευτικὴχ
372 2451 490 2486 ἰδιότητα
508 2451 752 2487 μόνῳγὴροσοῦσαν
763 2452 801 2487 τῷ
816 2453 903 2486 [lupi
915 2452 1019 2479 πιστώ-

230 2484 321 2523 emat.
338 2484 455 2513 Verum'
470 2484 571 2523 revera
584 2484 644 2514 loco
668 2487 720 2514 hoc
733 2484 881 2523 legendum
898 2495 959 2515 esse
979 2488 1019 2523 τῷ

230 2519 370 2554 Πνεύματι
393 2526 421 2548 et
445 2520 556 2549 nonnisi
578 2529 670 2554 errore
699 2522 740 2548 vel
765 2519 867 2549 't'raude
898 2519 1019 2557 (sumpto

228 2563 278 2582 τινι
293 2563 342 2589 pro
354 2557 414 2591 πρι)
427 2557 499 2583 illan]
511 2557 655 2584 lectionem
670 2557 807 2584 inductam
823 2558 941 2584 ostendit
951 2565 1018 2584 con-

230 2594 322 2627 textus
339 2595 395 2627 tum
410 2592 470 2619 alia:
486 2593 616 2624 rationes,
641 2600 709 2626 quas
732 2593 875 2626 diligenter
902 2592 1017 2627 Nicrph.

229 2625 391 2662 Blennnida,
406 2632 475 2658 orat.
486 2628 513 2660 2,
528 2636 551 2655 c.
573 2627 606 2654 12
618 2636 624 2659 ;
638 2625 749 2660 Ιὲεεουε,
766 2628 798 2654 de
815 2636 887 2661 prac.
905 2625 1019 2662 Spiritus

229 2661 315 2698 grumi
344 2666 372 2689 et
389 2662 427 2698 Vin
452 2663 586 2689 Cantateri
613 2663 702 2690 Anim.
739 2671 764 2698 ς.
792 2663 862 2696 106;
887 2661 1019 2698 Georgius

230 2695 346 2731 Trapez.
363 2697 395 2724 ad
409 2696 488 2732 Joan.
506 2697 618 2725 cubocl.
632 2705 656 2725 ε.
671 2698 703 2725 19
720 2697 762 2730 (G.
786 2698 817 2725 0.
843 2698 864 2729 l,
896 2698 941 2730 55,
961 2695 1017 2732 ’54,

219 2732 284 2768 245
302 2739 391 2768 seqq.”
403 2731 433 2765 ll,
449 2733 512 2765 455,
529 2732 600 2764 456;
618 2732 639 2763 1,
658 2732 787 2768 7510-512
812 2732 911 2767 aliique
935 2741 1019 2767 expo-

229 2772 356 2803 suerunt.
373 2767 441 2795 Cunt
459 2775 523 2794 vero
545 2768 618 2802 apud
632 2767 795 2803 ﬂNiyssennm
816 2775 870 2794 non
893 2776 971 2795 secus
988 2776 1019 2795 ac

230 2803 304 2837 apud
321 2802 404 2830 Basil.
420 2811 444 2830 c.
464 2801 581 2829 Eunom.
597 2803 614 2829 Ι.
631 2801 677 2834 Ill,
696 2801 809 2836 Πνεῦμα
824 2802 871 2829 τοῦ
886 2805 1019 2837 στόματος

231 2835 305 2871 idem
320 2837 355 2864 sit
365 2846 398 2865 ac
413 2837 525 2871 Πνεῦμα
541 2837 587 2864 τοῦ
598 2837 696 2871 Λόγου,
709 2835 803 2865 etiicax
816 2845 849 2864 ex
861 2835 950 2865 verbis
966 2838 1019 2865 illis

233 2870 346 2906 l‘salmi,
362 2878 443 2909 prout
457 2881 473 2901 a
489 2870 619 2901 'Patribus
643 2870 844 2909 intelliguntur,
867 2873 1019 2903 desumitur

1071 2270 1193 2307 at;t56).
1211 2280 1220 2296 ι
1253 2270 1283 2298 in
1302 2269 1403 2297 divinis
1425 2267 1562 2304 personis,
1582 2276 1591 2293 ι
1620 2270 1694 2293 recte
1719 2265 1758 2292 ait
1785 2264 1868 2298 ltus"

1070 2351 1164 2374 contra
1176 2346 1326 2374 Photianos
1337 2341 1625 2381 argnmentnm,quod
1641 2348 1709 2381 sess.
1728 2339 1769 2369 18,
1782 2347 1869 2381 eone.

1071 2381 1143 2409 Flor.
1161 2382 1240 2410 Joan.
1271 2375 1384 2408 ΤΙιοοΙΪ
1400 2386 1511 2414 quoque
1540 2375 1568 2404 in
1596 2377 1715 2414 medium
1746 2375 1872 2414 protulit

1071 2416 1164 2451 (ΗΜ-(Ι.
1184 2416 1231 2449 IX,
1247 2416 1323 2450 200).
1343 2411 1441 2451 Simile
1454 2411 1526 2451 quid
1534 2411 1681 2451 contigisse
1696 2411 1722 2437 in
1737 2411 1870 2451 Gregorii

1070 2445 1236 2488 Nazianzeni
1251 2445 1321 2488 orat.
1337 2450 1383 2488 8},
1403 2445 1569 2488 (Clent._§i),
1584 2445 1622 2488 ι)Γέ
1633 2447 1746 2488 adcendit
1760 2445 1871 2488 xligrqp-

1071 2488 1178 2526 tt'orunt,
1201 2487 1345 2526 nimirum_
1357 2480 1384 2526 in
1401 2480 1491 2526 verbis
1505 2483 1558 2522 illis
1575 2491 1582 2509 :
1600 2482 1694 2526 ῌᾶςιτα
1709 2481 1759 2526 ac:
1808 2480 1872 2505 [ιχ-

1069 2523 1120 2558 τὴρ
1137 2522 1205 2557 ἔχει,
1220 2522 1267 2547 τοῦ
1282 2520 1347 2547 Tim":
1360 2521 1435 2546 ἐστιν
1447 2519 1515 2552 πλὴν
1530 2518 1579 2551 τῆς
1591 2517 1692 2548 αἰτίας,
1711 2520 1804 2554 atque‘
1817 2523 1874 2554 pro

1070 2558 1160 2589 αἰτίας
1184 2557 1328 2592 legendum
1345 2563 1405 2582 esse
1425 2553 1588 2592 dyewqaig;
1605 2557 1718 2592 ttun.cx
1742 2549 1873 2592 nieltpris

1070 2584 1311 2622 ttotm'codicibus,
1328 2596 1385 2617 tum
1399 2598 1431 2616 ex
1449 2584 1583 2623 parallclis
1603 2584 1871 2623 ejusdemtheulogt

1071 2628 1137 2654 locis
1150 2627 1271 2663 ostendit
1291 2619 1369 2663 Joan.
1382 2619 1494 2663 Beccus,
1516 2628 1586 2649 orat.
1650 2620 1799 2663 Deinjusta

1070 2663 1150 2697 posit.
1168 2670 1191 2689 c.
1210 2662 1242 2689 18
1255 2662 1272 2688 l.
1285 2670 1322 2693 ιν,
1341 2661 1381 2687 Ad
1397 2659 1535 2687 Constant.
1553 2665 1579 2685 c.
1606 2658 1631 2688 ti,
1650 2656 1692 2692 (G.
1712 2656 1743 2683 Ο.
1760 2654 1793 2687 ιι,
1817 2654 1874 2679 63-

1070 2698 1116 2728 65,
1136 2697 1211 2731 aia).

1075 2723 1082 2724 ί
1092 2723 1162 2767 7(56)
1234 2731 1348 2758 Beceum
1362 2730 1395 2758 ad
1410 2729 1514 2756 Theod.
1531 2727 1614 2762 Sugd.
1629 2727 1646 2753 Ι.
1661 2735 1691 2758 ιι,
1701 2734 1726 2767 c:
1740 2726 1755 2751 7
1769 2723 1802 2759 (ϐ
1833 2723 1872 2749 Ο.

1071 2767 1104 2796 ΙΙ.
1122 2767 1260 2801 128455).
1273 2765 1371 2801 Georg.
1393 2763 1630 2801 Mcloclt._Cottt_ra
1652 2762 1760 2788 Manut.
1781 2759 1873 2801 _P‘lVan.

1071 2794 1131 2838 (tib.
1139 2803 1172 2835 ll,
1183 2803 1234 2829 929
1241 2794 1331 2836 seqq.)
1341 2794 1377 2828 De
1386 2799 1507 2838 co,qu_od
1516 2798 1662 2838 interdatur,
1671 2802 1706 2838 _ut
1716 2796 1788 2838 apud
1798 2794 1873 2838 ᾕξητ

1071 2830 1142 2865 orat.
1160 2830 1207 2870 38,
1226 2846 1254 2872 p.
1269 2830 1341 2869 58-5,;
1357 2841 1426 2872 orat.
1447 2830 1490 2872 ἰᾷ.
1507 2842 1533 2868 p.
1558 2833 1621 2872 “lii,
1644 2832 1692 2872 ed.
1711 2830 1777 2872 veL,
1790 2830 1877 2872 doct)

1070 2874 1120 2909 τῆς
1141 2865 1310 2908 nepos-nco;
1335 2865 1444 2907 ponitur
1466 2865 1631 2905 ὰγέννησίαῐ
1651 2867 1711 2895 Vide
1729 2866 1759 2894 L'~
1783 2865 1874 2894 Αηειῑι
