1945 3088
130 114 183 147 169

450 118 500 150 DE
519 119 549 150 S.
571 120 666 151 SPIR.
689 122 939 167 MYSTAGOGQ.
956 138 988 142 —
1004 124 1375 156 ANIMADVERSIONES.

1705 124 1758 155 470

130 170 295 198 Etherianus
321 171 429 204 (l.'l,c.
444 172 472 204 8,
494 180 522 207 p.
547 173 626 208 1204)
644 194 652 207 ,
680 178 736 202 tres
762 176 916 211 proprieta-

973 185 1024 204 non
1042 178 1118 205 addit
1130 178 1179 213 τὴν
1203 177 1339 213 προϐολὴν
1354 181 1384 204 ιιι
1400 175 1475 204 Patri
1504 176 1650 211 propriam.
1671 177 1698 204 ld
1725 178 1759 205 de

128 222 170 245 tes
189 216 263 253 [226]
280 218 433 245 immnhiles
444 223 528 246 sunt:
554 220 714 254 paternilas,
732 220 835 251 liliatio.
852 229 916 255 pro-

127 263 230 296 cessio;
249 264 400 291 secundum
413 272 482 299 quas
501 265 573 292 solas
591 270 646 293 tres
671 274 807 301 personat.
836 265 917 294 Pater

126 309 186 337 scil.
203 313 231 337 et
250 309 336 337 Filius
360 315 387 338 et
416 310 534 345 Spiritus
563 316 675 339 sanctus
699 313 888 348 insigniuntur.
905 322 913 338 ι

128 353 201 381 Sane
217 362 280 382 cum
296 354 382 382 Grmci
397 355 507 382 nonnisi
525 360 580 383 tres
596 364 728 391 personas
742 357 768 383 in
781 357 916 384 Triuitate

126 404 286 435 agnoscant,
299 400 381 427 etiam
398 401 447 427 tria
462 401 548 430 solum
562 401 707 429 admittere
723 408 837 437 possunt
850 403 919 430 idio-

126 449 200 474 mata
224 446 417 473 constituentia
434 467 441 479 ,
462 455 523 482 quae
552 451 649 477 notant
681 453 737 475 tres
767 449 917 476 relationes

126 492 306 520 subsistentes
317 492 351 519 ab
365 492 482 520 invicem
499 493 609 521 realiter
625 494 768 521 distinctas
784 495 917 528 (Thomas

127 546 156 572 q.
182 538 231 570 50,
250 545 276 564 a.
295 537 340 571 2);
360 538 542 572 proprietates
564 539 637 565 enim
663 539 822 574 personales
849 544 914 566 sunt

127 583 199 611 idem
217 591 279 611 cum
298 583 423 618 personis
440 591 471 611 ea
490 584 605 616 ratione,
622 592 675 620 qua
693 585 860 612 abstractum
874 590 917 613 est

127 629 200 657 idem
212 637 274 657 cum
287 635 415 657 concreto
432 630 481 666 (ib.
493 638 521 665 q.
541 631 586 658 40.
601 639 626 658 α.
642 631 667 664 l,
681 631 715 658 ad
731 631 768 667 1).
788 631 851 660 Haec
865 632 916 659 tria

125 675 347 703 characteristica
362 683 540 710 personarum
557 676 686 703 idiomata
707 676 819 704 immota
837 685 918 712 pror-

125 730 174 749 sus
185 729 297 749 manere
318 730 415 750 omnes
429 723 607 753 consentiunt
629 723 695 759 (57).
713 723 778 751 Post
795 723 854 752 haec
873 732 916 752 re-

127 771 275 795 censentur
289 767 433 795 diacriticat
453 772 480 795 et
501 776 557 795 non
573 769 772 797 constituentes
792 771 918 805 proprie-

127 818 212 841 tates:
227 814 423 841 innaseibilitas
435 834 442 846 ,
470 822 532 850 quae
553 815 693 843 relationis
717 819 759 843 est
774 823 874 851 expers
890 820 918 844 et

126 860 160 887 ad
177 867 260 887 unum
284 860 391 887 Patrem
406 864 522 896 spectat,
539 864 566 887 et
583 861 703 897 προεολὴ
724 861 781 888 sive
803 862 918 897 spiratio

126 906 215 933 activa
229 914 243 933 a
265 906 373 941 passiva
393 914 441 934 seu
458 906 620 942 ἐκπορεύσει
645 907 826 934 secernenda.
851 907 918 940 Quze

126 958 200 981 nota:
216 953 362 981 diacriticae
379 961 440 984 cum
466 954 553 981 tribus
576 954 629 981 illis
645 953 829 988 hypostaticis'
845 953 919 980 notis

126 999 248 1033 quinque
268 999 395 1027 notiones
420 1000 545 1034 (ἐννοίας,
565 1000 756 1035 γνωρίσματα)
778 999 917 1032 efﬁciunt,

126 1053 194 1080 quas
207 1044 392 1073 Damascenus
416 1046 466 1079 (De
484 1046 536 1081 ﬁde
552 1047 621 1073 orth.
644 1046 663 1078 I,
689 1046 768 1081 9-H)
782 1045 838 1080 jam
853 1045 919 1073 satis

127 1090 213 1118 novit.
230 1091 355 1126 Triplicis
375 1091 481 1126 generis
498 1091 562 1118 hinc
577 1095 760 1118 secernuntur
773 1089 917 1125 ῐδιώματαζ

127 1137 299 1164 ὑποστατικὰ
319 1137 447 1171 primum,
463 1137 562 1164 deinde
579 1137 703 1172 σχετικὰ,
724 1137 805 1163 tertio
818 1144 918 1162 συστα-

127 1181 201 1214 τικὲι,
224 1182 304 1208 [latio
326 1181 480 1216 ohjeetiva,
508 1189 561 1216 qua
582 1189 697 1216 persona
721 1181 878 1219 designatur
893 1184 921 1207 et

127 1228 163 1254 ab
177 1227 229 1254 alia
239 1227 418 1262 dignoscitur,
431 1231 472 1255 est
487 1228 561 1255 notio
573 1235 621 1254 seu
632 1227 729 1262 ξδὶωμα
742 1225 916 1258 συστατικόνς

128 1273 198 1300 tales
214 1273 340 1301 notiones
359 1273 441 1308 igitur
453 1277 518 1300 sunt
539 1273 706 1308 paternitas,
732 1272 838 1305 liliatio,
857 1280 921 1307 pro-

128 1320 228 1351 cessio,
245 1319 442 1346 innaseibilitas
455 1324 481 1347 et
494 1320 583 1347 activa
602 1319 726 1354 spiratio.
742 1319 806 1346 Duae
828 1323 921 1354 poste-

128 1366 215 1393 riores
241 1374 295 1393 non
314 1366 487 1394 constituunt
515 1374 676 1401 personam;
701 1365 762 1393 ideo
788 1365 919 1392 dicuntur

130 1416 236 1440 tantum
249 1413 377 1440 notiones
397 1420 586 1447 personarum,
599 1420 655 1439 ιιοιι
673 1417 764 1439 autem
787 1419 918 1447 persona-

129 1458 189 1491 les;
204 1458 256 1486 hoc
272 1466 337 1485 vero
348 1458 418 1485 inter
432 1466 461 1486 se
478 1458 619 1490 dilIernnt,
632 1457 705 1492 quod
728 1457 815 1484 activa
833 1457 920 1492 spira-

130 1504 168 1531 tio
184 1504 267 1532 etiam
282 1504 377 1531 relatio
390 1509 431 1531 est
450 1512 498 1531 seu
517 1504 616 1539 ἰδίωμα
639 1503 764 1538 σχετικὸν
775 1525 781 1534 ,
797 1503 918 1531 innasci-

130 1551 220 1578 bilitas
232 1558 307 1583 vero,
320 1558 380 1585 qua:
396 1550 433 1577 nil
451 1550 522 1578 aliud
543 1550 609 1578 dicit
624 1571 632 1583 ,
660 1550 711 1577 nisi
735 1549 844 1576 Patrem
862 1557 917 1576 non

131 1596 233 1624 esseab
245 1597 310 1628 alio,
325 1597 397 1624 nulla
410 1601 451 1624 est
461 1597 568 1629 relatio,
581 1596 697 1631 ideoque
717 1604 792 1623 mera
811 1600 840 1623 et
853 1603 921 1630 pura

130 1643 207 1670 notio
222 1647 344 1671 vocatur.
361 1643 499 1670 Habemus
511 1650 576 1677 ergo
591 1643 712 1677 quinque
736 1642 873 1673 notiones,
887 1649 921 1669 ex

130 1689 230 1724 quibus
246 1693 362 1724 quatuor
376 1693 441 1717 sunt
458 1689 615 1719 relationes.
647 1693 703 1716 tres
729 1693 801 1716 nota:
816 1687 921 1715 consti-

131 1740 250 1762 tuentes.
265 1734 316 1770 (Cf.
333 1735 430 1762 Thom.
448 1743 476 1769 q.
487 1734 532 1761 52.
548 1743 573 1762 a.
587 1734 626 1768 5.)
648 1735 686 1761 Ex
701 1735 743 1761 his
768 1734 824 1769 jam
844 1737 920 1769 patet

132 1780 208 1816 [2‘27]
223 1781 338 1807 activam
360 1780 538 1815 spirationcm
559 1788 612 1807 non
633 1787 694 1807 esse
717 1780 919 1815 hypostatieum

132 1824 224 1851 Patris
250 1823 362 1855 idioma,
385 1831 446 1852 esse
471 1832 535 1852 vero
560 1824 731 1856 relationem,
744 1831 806 1852 cum
827 1818 919 1859 σχέάιν

130 1870 205 1897 dicat
214 1870 248 1897 ad
267 1870 413 1904 spiritum;
433 1874 506 1904 patet
530 1878 639 1905 quoque
675 1878 734 1898 eam
757 1870 860 1897 nullam
878 1870 925 1897 ha-

131 1915 404 1950 hereoppositionem
415 1915 554 1942 relativam
569 1915 602 1943 ad
616 1916 820 1950 paternitatem,
833 1923 923 1950 neque

131 1962 165 1988 ad
182 1962 351 1989 tiliationem.
381 1961 409 1988 Si
433 1961 609 1989 constitutiva
637 1961 708 1989 foret
727 1961 816 1989 Patris
845 1966 921 1994 nota,

131 2016 193 2035 cum
208 2008 370 2043 pateruitate
385 2007 609 2039 identiﬂearetur,
623 2012 650 2035 et
673 2007 791 2042 Spiritus
812 2012 923 2035 sanctus

131 2058 206 2081 esset
218 2054 319 2088 Filius;
332 2053 355 2081 si
375 2061 440 2081 vero
465 2053 641 2081 constitutiva
656 2062 709 2080 non
725 2058 785 2086 est,
812 2053 923 2080 aliunde

135 2100 258 2127 I'hotiani
272 2100 419 2127 ostendant
437 2103 556 2134 oportet,
574 2107 633 2126 eam
646 2099 693 2126 uni
708 2099 780 2126 Patri
795 2107 856 2127 esse
874 2099 922 2126 tri-

132 2147 279 2174 huendam.
302 2146 330 2172 Si
342 2146 375 2172 ad
391 2145 499 2173 Graecos
512 2146 638 2173 doctores
651 2153 701 2172 nos
717 2145 922 2178 convertimus,

968 223 1096 250 omnibus
1113 223 1214 251 Grtecis
1228 222 1355 250 Patribus
1368 222 1420 250 dici
1433 222 1523 255 debet,
1540 222 1586 257 qui
1607 222 1635 249 in
1652 222 1695 250 illa
1708 223 1760 250 du-

968 269 1031 304 plici
1045 273 1110 296 nota
1126 269 1308 296 immorantur
1322 275 1374 295 nec
1394 275 1513 303 unquam
1525 267 1695 302 spiratricem
1705 269 1761 296 vim

969 319 999 342 ut
1015 314 1113 349 ῐδίωμα
1130 314 1310 340 ὑποπτατικὺν
1331 313 1419 341 Patris
1442 313 1570 340 ell'erunt.
1595 313 1647 349 (Cl'.
1669 314 1759 342 Petav.

968 359 1008 387 De
1019 360 1090 387 Trin.
1102 368 1141 392 ut,
1155 361 1169 386 1
1184 367 1254 394 seq.;
1268 368 1315 392 vn,
1333 359 1375 393 10,
1390 367 1418 386 ιι.
1437 359 1469 386 19
1480 360 1551 395 seq.)
1566 352 1684 386 Vocatur
1700 361 1761 395 qui-

968 406 1030 432 dem
1043 406 1123 433 Pater
1145 397 1284 441 γέννήτωρ
1309 405 1356 432 καὶ
1373 405 1523 441 τεροϐο),εὺ;
1549 406 1603 441 (ex.
1633 415 1673 441 gr.
1689 407 1761 442 apud

969 449 1033 477 Naz.
1059 455 1128 477 orat.
1147 450 1199 483 33,
1218 457 1245 485 p.
1264 449 1326 482 562,
1341 449 1385 476 ed.
1402 449 1487 485 vet.),
1516 451 1565 477 sed
1589 451 1641 478 hoc
1657 451 1761 485 liquido

968 497 1122 524 ostenditur
1141 504 1215 529 eum,
1232 503 1287 522 non
1308 500 1444 530 quatenus
1464 500 1506 522 est
1524 495 1617 528 Pater,
1637 496 1761 531 adeoque

968 551 1024 570 nou
1037 542 1216 570 constitutiva
1230 549 1279 569 sua
1297 542 1473 576 proprietate,
1488 542 1592 576 spirare
1608 542 1739 577 Spiritum
1752 551 1759 576 ;

969 589 1016 616 sed
1037 596 1177 623 nunquam
1190 590 1206 623 ὴ
1223 587 1342 623 προϐολὴ
1356 587 1389 615 iis
1416 587 1573 623 adiungitur
1597 588 1681 620 notis,
1700 596 1761 623 qua:

969 634 1016 661 uni
1028 633 1079 668 ipsi
1096 633 1279 666 conveniunt,
1311 640 1389 667 quas,
1407 637 1438 659 ut
1460 631 1576 659 Basilius
1589 632 1627 660 ait
1641 652 1648 663 .
1681 632 1761 667 μόνος

969 679 1049 710 αὐτὸς
1064 678 1137 714 ἔχεις
1153 677 1201 706 sed
1226 685 1368 712 nunquam
1396 677 1503 704 ratione
1524 677 1572 703 τοῦ
1594 677 1759 712 προδόλεως,

970 730 1000 753 ut
1026 733 1040 752 a
1058 725 1171 760 Spiritu,
1188 724 1227 752 sic
1243 733 1258 752 a
1271 725 1339 752 Filio
1359 724 1507 751 distinctus
1522 727 1646 758 apparet.

1005 771 1033 799 6.
1051 770 1114 798 Ilzee
1131 778 1238 798 rursum
1255 779 1287 798 ex
1301 770 1361 798 Filii
1376 770 1541 805 proprietate
1561 770 1762 797 conlirmantur

970 825 1031 852 quae
1052 817 1091 843 nil
1105 824 1153 850 per
1164 824 1193 843 se
1211 815 1303 847 hahet,
1318 815 1390 850 quod
1405 815 1503 842 Filium
1519 815 1553 842 ab
1572 815 1661 842 activa
1673 814 1761 850 spira-

937 854 957 882 Β
972 863 1045 890 tione
1060 861 1203 890 excludit.
1216 861 1289 889 Scite
1305 861 1381 897 llug-i
1399 860 1563 888 Etherianus
1575 861 1605 897 (l.
1630 869 1672 892 ιιι.
1693 869 1718 888 e.
1733 861 1761 894 2,

969 917 996 944 p.
1020 908 1089 936 1258
1107 907 1153 943 G.)
1175 917 1181 935 :
1201 917 1210 933 ‹
1235 908 1263 935 Si
1284 907 1434 943 paternitas
1453 915 1509 934 non
1535 907 1655 935 excludit
1672 907 1762 942 Spiri-

970 959 1027 982 tum
1044 962 1057 980 a
1075 953 1155 981 Patre
1177 953 1282 980 ratione
1314 961 1405 980 causre
1430 961 1479 981 seu
1505 953 1643 988 principii,
1674 961 1764 988 neque

969 1000 1139 1028 nascibilitas
1155 999 1411 1027 excluditcumdem
1434 998 1565 1033 Spiritum
1592 1007 1606 1025 a
1624 998 1692 1026 Filio
1720 1006 1764 1026 se-

970 1047 1092 1075 cundum
1102 1046 1224 1073 eamdem
1238 1046 1381 1073 rationem.
1398 1055 1406 1071 ι
1418 1046 1474 1073 Ιιιιο
1483 1045 1547 1072 dum
1560 1045 1653 1073 Patres
1665 1045 1763 1072 Filium

973 1094 1139 1129 Unigenitum
1154 1093 1294 1127 Μονογενῆ
1317 1092 1487 1120 nominatum
1504 1091 1532 1118 in
1556 1092 1649 1119 Bibliis
1671 1092 1764 1119 vident

970 1145 997 1168 et
1020 1139 1056 1166 ita
1076 1139 1129 1167 hoc
1145 1138 1220 1174 [228]
1237 1146 1336 1166 nomen
1355 1139 1501 1174 explicant,
1517 1144 1547 1166 ut
1562 1139 1620 1172 ipse
1642 1138 1677 1165 sit
1692 1137 1768 1164 solus

970 1186 1015 1221 qui
1027 1193 1058 1212 ea:
1067 1185 1123 1212 solo
1132 1185 1166 1211 sit
1181 1184 1273 1216 Patre,
1295 1185 1374 1218 μόνος
1389 1185 1422 1210 ἐκ
1443 1184 1525 1219 μόνου
1539 1184 1606 1219 (59),
1618 1183 1763 1210 manifeste

972 1231 1104 1266 Spiritum
1120 1238 1174 1258 non
1185 1238 1246 1258 esse
1260 1237 1275 1257 a
1299 1230 1358 1256 solo
1378 1229 1458 1257 Patre
1479 1229 1589 1256 tradunt
1606 1237 1638 1256 ac
1662 1228 1762 1255 mirum

971 1276 999 1304 in
1012 1276 1124 1303 modum
1136 1275 1239 1303 Latinae
1260 1273 1389 1302 Ecclesiae
1417 1274 1478 1301 ﬁdei
1507 1273 1703 1309 suﬂ‘ragantur.
1731 1272 1761 1300 Si

971 1323 1056 1351 Filius
1068 1327 1110 1350 est
1126 1322 1197 1350 solus
1215 1322 1250 1349 de
1264 1321 1322 1349 solo
1335 1321 1424 1352 Patre,
1442 1328 1507 1356 ergo
1518 1320 1637 1355 Spiritus
1651 1327 1706 1346 non
1720 1322 1764 1346 est

971 1370 1005 1397 de
1019 1369 1078 1397 solo
1091 1368 1186 1401 Patre;
1200 1375 1282 1404 porro
1298 1368 1349 1394 alia
1368 1375 1486 1403 persona
1502 1374 1558 1394 non
1578 1365 1708 1400 suppetit,
1729 1364 1764 1391 de

971 1424 1025 1452 qua
1040 1416 1076 1443 sit
1092 1415 1185 1447 simul,
1201 1415 1253 1442 nisi
1278 1414 1373 1441 Filius.
1388 1414 1467 1442 Unde
1493 1417 1568 1440 recte
1593 1412 1760 1439 Itatramnus

972 1459 1052 1497 (LII,
1078 1467 1103 1487 c.
1126 1460 1152 1486 6.
1176 1468 1203 1494 p.
1220 1460 1283 1486 270.
1310 1459 1354 1485 ed.
1372 1457 1468 1490 MIGNE)
1487 1467 1492 1484 :
1513 1467 1522 1483 ‹
1544 1457 1667 1487 Dicatur,
1690 1455 1764 1490 quod

973 1505 1058 1533 nostri
1073 1504 1165 1532 dixere
1179 1505 1296 1539 majores
1313 1513 1320 1531 :
1336 1503 1422 1531 Filius
1437 1511 1470 1530 ex
1487 1503 1567 1530 Patre
1588 1506 1680 1534 natus,
1693 1501 1764 1528 solus

972 1552 1004 1578 de
1017 1552 1083 1584 solo,
1116 1558 1149 1578 ac
1176 1559 1225 1586 per
1257 1551 1309 1577 hoc
1338 1549 1511 1585 Unigenitus,
1544 1549 1666 1584 Spiritus
1699 1555 1764 1575 vero

972 1601 1083 1624 sanctus
1096 1597 1130 1625 de
1164 1597 1244 1624 Patre
1272 1596 1381 1631 quidem
1401 1596 1562 1631 procedens,
1589 1594 1636 1622 sed
1660 1603 1711 1621 non
1733 1594 1765 1620 de

971 1644 1027 1671 solo
1046 1643 1127 1677 solus,
1150 1643 1281 1679 quoniam
1301 1642 1426 1678 procedit
1442 1646 1470 1669 et
1495 1649 1510 1668 a
1528 1641 1607 1674 Filio,
1635 1649 1670 1668 ne
1696 1640 1763 1666 duos

971 1689 1040 1725 ﬁlios
1059 1689 1201 1717 videamur
1223 1688 1383 1724 praedicare,
1411 1687 1617 1723 processionem
1642 1685 1763 1720 Spiritus

972 1736 994 1762 si
1012 1736 1046 1763 de
1075 1735 1156 1763 Patre
1185 1734 1357 1763 solummodo
1383 1733 1574 1761 conﬁteantur.
1600 1742 1609 1758 ι
1637 1732 1710 1759 Sane
1741 1731 1764 1758 si

973 1780 1042 1808 Filio
1053 1784 1095 1807 est
1107 1781 1256 1816 proprium,
1275 1785 1306 1807 ut
1320 1780 1355 1807 sit
1376 1779 1410 1806 de
1433 1778 1515 1806 Patre
1530 1779 1598 1811 solo,
1613 1778 1669 1813 jam
1700 1785 1765 1812 pro-

972 1825 1062 1860 prium
1077 1825 1138 1852 Filii
1153 1825 1252 1860 migrat
1273 1825 1302 1852 in
1329 1824 1472 1859 Spiritum,
1499 1823 1521 1850 si
1539 1823 1574 1850 sit
1594 1827 1621 1850 et
1645 1823 1703 1857 ipse
1732 1822 1766 1849 de

973 1871 1031 1898 solo
1047 1870 1137 1904 Patre,
1168 1871 1278 1906 duoque
1308 1871 1437 1898 dicentur
1463 1869 1536 1896 Filii.
1553 1878 1563 1895 ι
1590 1869 1623 1896 Ει
1654 1876 1763 1895 rursum

975 1917 1004 1952 (1.
1032 1924 1072 1950 ιιι,
1098 1925 1123 1943 (ι.
1149 1917 1175 1944 5.
1193 1924 1220 1952 p.
1247 1916 1311 1951 295)
1328 1924 1362 1943 ex
1385 1915 1529 1950 Fulgentio
1549 1915 1620 1942 idem
1645 1918 1764 1941 auctor:

977 1972 987 1989 ι
1005 1962 1158 1990 Commune
1182 1962 1293 1997 quidem
1319 1961 1392 1989 inest
1423 1961 1511 1998 tribus
1537 1960 1663 1995 personis
1682 1959 1765 1987 unius

974 2013 1078 2036 naturae
1090 2007 1368 2041 consubstantialitas,
1389 2007 1530 2042 proprium
1547 2013 1612 2034 vero
1636 2005 1764 2041 singulis,

974 2053 1047 2087 quod
1072 2053 1152 2080 Pater
1169 2053 1243 2080 solus
1267 2052 1371 2088 genuit,
1406 2052 1491 2079 Filius
1521 2051 1596 2078 solus
1621 2054 1703 2078 natus
1731 2051 1766 2077 de

975 2099 1054 2127 Patre
1065 2099 1133 2132 solo,
1154 2098 1273 2134 Spiritus
1290 2103 1400 2126 sanctus
1412 2098 1486 2133 quod
1498 2098 1532 2125 de
1544 2097 1624 2126 Patre
1637 2098 1763 2134 Filioque

975 2145 1131 2181 procedit...
1146 2144 1224 2177 Quod
1236 2144 1427 2180 (postremum)
1437 2145 1458 2173 si
1470 2153 1571 2180 negare
1583 2145 1764 2175 contendunt.

133 2192 151 2219 ii
171 2192 234 2219 dum
260 2191 348 2218 Patris
380 2191 531 2226 peculiares
548 2191 720 2218 characteres
748 2191 920 2222 describunt,
934 2192 961 2222 D
975 2192 1077 2223 dicant,
1093 2191 1159 2226 quid
1187 2191 1212 2218 ei
1243 2190 1313 2226 (Sp.)
1343 2191 1378 2218 sit
1397 2191 1548 2226 proprium.
1578 2190 1645 2218 Nam
1661 2198 1765 2225 places-

134 2237 242 2265 nonnisi
257 2238 291 2265 de
307 2237 469 2272 paternitate
488 2241 515 2264 et
528 2237 562 2264 de
576 2237 787 2264 innascibilitate
802 2237 922 2272 loqu-un-

134 2289 189 2311 tur.
202 2284 241 2311 lta
254 2283 367 2310 Basilius
381 2283 431 2310 has
446 2283 514 2310 duas
525 2283 613 2311 solum
631 2287 711 2310 notas
724 2283 838 2311 adducit
851 2283 921 2318 (58).

136 2379 237 2408 Vindic.
250 2388 308 2414 ειμι.
326 2378 420 2413 Epltes.
437 2387 462 2406 c.
477 2379 521 2408 66.
536 2387 562 2414 p.
577 2379 629 2406 460
644 2386 702 2413 seq.
718 2378 858 2406 lnterdmn
874 2380 926 2408 alia

135 2415 268 2442 voeabula
292 2415 363 2442 idem
389 2415 570 2448 exprimentia
594 2414 772 2446 adhibentur,
802 2419 831 2442 ut
853 2417 925 2448 apud

137 2425 268 2442 νυυιιυιιιιι
292 2425 363 2442 luem
389 2425 570 2448 CXpl‘llllCllllﬂ
594 2425 772 2446 HUIIIDCIMUI‘,
802 2425 831 2442 ιιι
853 2425 906 2442 διιι

137 2450 218 2486 llasil.
234 2458 278 2486 ep.
291 2450 355 2482 256,
372 2458 400 2476 ιι.
419 2451 435 2476 6
450 2460 457 2477 ;
476 2449 626 2486 Πατρόεῃς,
643 2425 906 2486 υξὸτηςηὰγιᾳσμὲς.

173 2485 228 2518 (57)
241 2483 277 2512 De
293 2486 334 2512 his
350 2486 422 2512 valet
435 2484 506 2518 quod
520 2483 557 2512 ait
575 2483 640 2511 Naz.
654 2484 732 2510 Orat.
748 2484 775 2510 in
791 2484 925 2519 Epiplzan.

136 2520 174 2546 Τὸ
181 2519 258 2554 -ῑδιον
270 2520 386 2547 ἑκάστου
400 2519 583 2553 ἁκοινώτητόν
599 2520 673 2545 ἐστιν
684 2528 690 2533 ·
707 2519 794 2550 ἄλλως
807 2521 861 2554 γὰρ
876 2520 926 2547 οὐκ

138 2551 213 2589 ἂνῆν
229 2555 337 2589 ἰδίωμα,
351 2556 375 2582 εἰ
388 2551 537 2589 μετέπιπτέ
550 2553 598 2580 καὶ
612 2554 777 2589 μετεφέρετο
790 2551 857 2589 rapo};
868 2555 927 2581 ἐτε-

138 2588 196 2624 ρονζ
216 2588 295 2624 ψιοᾶ
314 2588 425 2617 uberius
452 2590 563 2624 exponit
584 2589 663 2616 Joan.
679 2588 776 2615 Theol.
800 2588 868 2616 sess.
893 2590 927 2617 18

138 2624 321 2661 Flor1(ll_ard_.
337 2625 382 2661 IX.
392 2625 470 2661 full).

175 2658 237 2694 (58)
250 2659 331 2686 Basil.
349 2659 401 2694 Ep}
423 2660 454 2694 de
475 2659 532 2694 di/f.
554 2667 594 2686 us.
611 2663 635 2685 at
649 2659 751 2693 Itypost.
768 2658 823 2694 58:
847 2659 877 2685 '0
898 2659 927 2686 δὲ

139 2693 186 2723 ἐ.πῖ
198 2696 308 2721 πάντων
323 2693 388 2724 Θεὸνς
404 2693 542 2729 ὲξαίρερέὖν
559 2703 586 2720 τι
603 2694 748 2729 γνώρισμα
765 2693 815 2727 τῆς
829 2694 926 2721 ἑαυτοῦ

139 2731 316 2762 ὑποστάσεως
325 2730 356 2757 τὸ
370 2727 550 2765 Πατὴρέἶναιγ
562 2729 609 2755 καὶ
624 2727 666 2765 ἐκ
683 2727 823 2764 μήδημιᾶς
837 2730 927 2765 αἰτίας

140 2765 290 2800 ὑποπτῆναι
310 2765 390 2800 μόνος
413 2763 470 2799 Eiet
484 2765 530 2791 καὶ
542 2764 585 2790 διὰ
599 2763 696 2800 τούτρυ
715 2765 797 2790 πάλιν
813 2764 861 2790 τοῦ
878 2773 927 2799 ση-

143 2802 218 2836 μείου
238 2798 378 2832 itala—01?);
397 2798 542 2831 ἰδιαζόντως
562 2798 784 2836 ὲτξιγινώᾳξεεῖατ..

177 2837 230 2871 (I59)
264 2836 289 2863 ld
316 2831 374 2871 jam
399 2836 496 2871 legitur
523 2837 548 2862 iu
583 2831 706 2869 Gregorii
731 2831 926 2871 'l‘haumaturgi

976 2238 1014 2264 rio
1026 2236 1081 2272 (10)
1094 2237 1129 2263 dc
1145 2236 1224 2264 Patre
1238 2236 1393 2264 conuuunis
1418 2240 1461 2263 est
1475 2237 1558 2263 etiam
1579 2234 1652 2267 ,Filio
1666 2244 1673 2269 ;
1698 2244 1764 2271 quo-

976 2284 1050 2312 niam
1077 2291 1159 2312 omne
1176 2283 1249 2318 quod
1272 2283 1405 2315 nascitur,
1435 2282 1557 2317 procedit
1580 2281 1682 2315 etiam;
1699 2290 1764 2317 ergo

976 2384 1102 2412 Coul'ess.
1121 2383 1191 2418 apud
1205 2383 1286 2418 Greg.
1303 2382 1418 2418 Nyssen:
1441 2380 1511 2418 0_pp_.
1526 2380 1641 2418 ιιιλῖιιϐ
1665 2381 1763 2418 (ofﬁc.

977 2419 1112 2454 Passaglia
1126 2415 1280 2454 Comment.
1299 2415 1384 2444 theol.
1399 2417 1438 2443 De
1455 2415 1553 2454 Trinit.
1569 2416 1662 2454 Romae
1674 2416 1760 2454 itaSi,

977 2459 1053 2489 parte
1061 2451 1100 2485 'u,
1112 2462 1147 2489 rp.
1161 2453 1194 2481 51
1210 2453 1266 2489 ὗῇ).
1280 2459 1389 2489 rursum
1403 2459 1448 2486 ap.
1470 2451 1589 2489 ﬁgssen.
1614 2451 1650 2489 ad
1665 2451 1763 2489 Ahlah.

978 2481 1006 2523 ί).
1020 2490 1082 2517 459.
1095 2481 1200 2516 Ὀὶηιινα
1224 2487 1339 2514 Eunom.
1354 2487 1373 2523 1.
1388 2494 1408 2518 ι,
1421 2481 1532 2523 ’ρκῖξί
1542 2485 1679 2523 Epipllan.
1695 2486 1761 2523 hair.

977 2521 1023 2554 '75.
1034 2532 1061 2559 p.
1079 2523 1141 2551 582.
1156 2523 1339 2559 Basiliiverha
1355 2521 1490 2559 iuepcit.
1506 2521 1593 2559 Μξνρς
1609 2522 1763 2559 μονογενῶς

978 2561 1010 2586 ὲκ
1025 2555 1073 2585 ἑοῦ
1091 2557 1342 2594 ἁγξννήτονιῳωῖξς
1358 2555 1630 2594 ἐκλάμψαςλιᾱᾴιι-εἰι
1655 2564 1765 2591 quoque

977 2594 1093 2628 Niceph.
1116 2591 1272 2628 'Blemmida
1299 2591 1340 2626 (ϐ.
1369 2593 1451 2628 0.),
1475 2591 1533 2628 ll).
1562 2591 1764 2628 (71f.”pr_:eterea

977 2626 1075 2663 Georg.
1095 2628 1211 2655 Metoch.
1231 2627 1456 2663 Cantm_Ma:cint.
1470 2626 1587 2663 Plurimi.
1602 2627 1652 2663 (ih,
1664 2626 1695 2663 Il,
1712 2627 1766 2663 9572

977 2672 1035 2699 seq.
1051 2661 1119 2691 1057
1134 2663 1206 2698 seq.)
1226 2663 1306 2699 Greg.
1325 2661 1399 2699 Patr.
1413 2662 1461 2695 (ib.
1481 2662 1501 2689 1.
1522 2661 1584 2699 12ῖῆ,
1602 2661 1665 2699 426,
1680 2662 1754 2696 165.)

1014 2697 1070 2734 MU)
1097 2697 1200 2726 Notum
1221 2703 1262 2725 est
1282 2697 1428 2732 dupliciter
1457 2697 1639 2732 processionis
1664 2704 1765 2724 nomen

995 2734 1113 2761 dhiberi.
1127 2734 1170 2760 Cf.
1185 2733 1214 2762 S.
1232 2732 1331 2760 Thom.
1347 2740 1374 2762 υ.
1392 2733 1417 2762 1.
1432 2740 1459 2762 ιι.
1475 2732 1520 2762 56,
1544 2740 1569 2758 a.
1587 2731 1613 2762 2',
1632 2738 1707 2762 corp.
1738 2732 1764 2759 in

977 2739 1113 2761 adhiberi.
1127 2739 1170 2760 LI.
1185 2739 1214 2762 δ.
1232 2739 1331 2760 ·ιιιοιιι.
1347 2740 1374 2766 p.
1392 2739 1417 2766 ι,
1432 2740 1459 2766 q.
1475 2739 1520 2764 ου,
1544 2740 1569 2758 a.
1587 2739 1707 2766 2,790rp.
1738 2740 1764 2759 ιιι

978 2740 1113 2761 adtuberl.
1127 2740 1170 2760 ω.
1185 2740 1214 2762 δ.
1232 2740 1331 2760 ‘Inom.
1347 2740 1374 2767 p.
1392 2740 1417 2766 ι,
1432 2740 1459 2767 q.
1475 2740 1520 2764 ou,
1544 2740 1569 2758 ιι.
1587 2740 1613 2762 z,
1632 2740 1707 2766 corp.
1738 2740 1764 2759 ιιι

978 2769 1171 2822 ξιιῖηἳιῇξιτηῖ
1185 2768 1280 2796 Theol.
1298 2775 1366 2796 scss.
1383 2767 1414 2795 18
1429 2774 1506 2795 conc.
1524 2765 1596 2794 Flor.
1610 2765 1771 2802 tllard.-lx,.

979 2813 1005 2840 ν.
1024 2805 1081 2838 192,
1100 2805 1171 2839 :93.)
