1945 3088
117 138 171 170 473

461 141 510 172 DE
528 142 558 172 S.
580 143 676 173 SPIR.
697 142 949 174 MYSTAGOGIA.
968 155 1003 161 —
1016 143 1390 176 ANIMADVERSIONES.

1695 148 1748 181 174

115 201 172 221 non
194 198 285 221 autem
301 198 332 222 ut
344 195 477 232 originem
495 197 637 226 formalem
653 199 811 234 exprimunt
833 199 900 234 (41),
915 198 941 229 Α
953 199 1089 235 Quaelibet
1099 208 1217 236 persona
1233 202 1343 230 nonnisi
1359 209 1442 230 unam
1457 202 1662 232 constitutivam
1679 213 1744 240 pro-

115 241 180 276 quia
189 241 274 269 forma
286 243 456 271 constituens
465 242 539 280 [252]
552 251 696 278 personam
707 244 813 279 concipi
826 245 908 272 debet

117 290 147 312 ut
157 286 259 322 aliquid
270 289 593 323 personaaintrinsecum,
608 290 692 317 Iixum
704 294 731 317 et
743 297 908 325 permanen-

117 337 159 358 tcr
173 332 318 365 exsisteus,
343 334 414 369 quod
431 335 489 370 ipsa
513 336 647 370 perseitas
660 343 737 371 teque
751 344 783 363 ac
798 336 906 363 subsis-

118 378 210 405 tentia
227 379 294 407 ratio
311 380 419 407 videtur
432 381 552 416 exigere.
568 381 637 408 nihil
651 389 715 408 vero
728 381 862 416 ejusmodi
878 382 906 408 in

116 428 251 458 conceptu
277 424 399 452 Iormalis
424 426 539 461 originis
560 430 692 462 apparet;
718 427 817 454 deinde
843 428 906 461 quia

116 469 234 505 origines
257 474 350 505 utpote
373 472 506 505 actiones,
527 480 588 507 quae
610 473 813 508 suppositorum
830 477 905 505 sunt,

115 522 170 542 non
189 515 360 543 constituunt
374 519 516 552 supposita
541 518 719 553 producentia
736 518 784 546 sed
805 526 907 546 secun-

115 562 180 589 dum
220 566 346 589 nostrum
383 563 550 599 intelligendi
592 564 704 592 modum
735 569 903 600 supponunt.

117 616 128 632 ι
152 607 297 642 Speciatim
316 608 350 636 de
363 609 535 644 pateruitate.
552 609 615 638 Htec
630 611 703 638 enim
718 612 745 638 in
761 611 861 639 divinis
876 615 906 638 ut

114 653 211 681 relatio
228 654 475 682 transcendentalis
489 655 524 683 ab
537 656 646 683 actione
661 656 719 691 ipsa
736 664 789 684 non
800 656 906 684 consti-

115 699 213 731 tuitur,
229 704 258 726 et
273 704 302 726 ut
314 700 480 736 principium
504 709 558 737 quo
578 702 732 737 proximum
749 702 905 738 generatio-

114 745 156 772 nis
173 750 236 772 aute
260 746 394 781 originem
418 748 642 782 prtesupponitur
655 754 682 775 et
698 753 727 775 ut
749 748 903 776 'subsistens

103 792 200 821 .forma
220 794 357 821 antecedit
377 795 526 823 terminum
548 796 663 831 ejusque
681 796 903 832 productionem.

114 837 151 865 De
172 839 316 873 spiratione
330 844 423 867 autem
449 841 537 868 activa
560 849 622 868 cum
646 846 764 874 constet,
783 849 817 868 ne
835 841 904 868 hanc

958 245 1101 280 prietatem
1116 247 1218 274 habere
1229 252 1330 282 potest.
1345 249 1407 283 quia
1422 249 1607 277 constitutivm
1622 252 1747 286 proprie-

958 296 1028 318 tates
1054 291 1164 319 realiter
1188 292 1261 319 idem
1279 298 1343 321 sunt
1361 301 1393 321 ac
1410 302 1536 328 personae
1564 296 1748 323 subsistentes

958 340 1056 362 etcum
1072 335 1116 363 his
1129 335 1334 364 identiﬁcantur
1350 338 1422 373 (t5);
1445 339 1517 366 unde
1533 339 1624 372 Pater,
1640 341 1662 367 si
1679 340 1748 368 duas

958 379 1071 407 haberet
1096 381 1230 415 ejusmodi
1258 382 1458 417 proprietates.
1473 391 1526 411 non
1549 392 1603 412 una
1631 393 1747 419 persona

957 430 1041 457 esset,
1055 427 1103 454 sed
1115 427 1185 454 dure.
1202 427 1319 455 Proinde
1333 428 1412 455 Pater
1425 437 1478 456 non
1492 429 1571 457 simul
1585 431 1747 465 paternitatu

957 476 984 498 et
1002 472 1154 507 spiratione
1179 473 1366 506 constituitur,
1387 475 1434 502 sed
1451 480 1498 502 aut
1521 476 1685 510 pateruitate
1700 482 1747 504 aut

956 517 1114 551 spiratione.
1135 517 1187 545 Sed
1202 517 1281 545 Pater
1299 519 1463 553 paternitate
1480 520 1626 548 manifeste
1643 522 1748 548 consti-

957 564 1059 592 tuitur:
1085 563 1166 590 Pater
1183 563 1283 591 dicitur
1299 568 1327 591 et
1345 569 1388 591 est
1410 565 1472 599 quia
1492 571 1604 600 generat
1629 566 1745 598 Filium;

956 613 984 636 et
996 613 1060 636 ante
1081 608 1214 644 Spiritum
1237 609 1392 644 concipitur
1417 610 1514 641 Filius.
1540 616 1604 638 ante
1618 612 1745 646 spiratio-

955 661 1020 680 nem
1035 654 1191 689 generatio;
1210 654 1338 682 universa
1364 656 1483 690 denique
1502 657 1612 684 traditio
1628 658 1747 692 paterni-

958 705 1040 728 tatcm
1062 705 1092 728 ut
1111 702 1316 730 constitutivam
1341 703 1432 731 Patris
1453 708 1584 731 tesseram
1601 705 1745 740 spectavit,

956 751 986 774 ut
999 755 1080 782 supra
1105 747 1129 783 (§
1148 747 1175 782 5)
1199 753 1341 776 ostensum
1367 753 1420 776 est.
1436 749 1495 776 Jam
1514 757 1579 776 vero
1596 751 1616 777 si
1633 750 1746 784 spiratio

956 792 1063 820 Patrem
1090 801 1145 821 non
1172 794 1334 827 constituit,
1365 802 1454 829 neque
1484 796 1583 822 rationi
1609 795 1671 822 Filii
1691 796 1746 823 ullo

956 840 1037 867 modo
1055 840 1213 875 opponitur,
1237 848 1269 868 ea
1294 848 1350 868 non
1370 841 1459 869 Patris
1482 845 1526 869 est
1551 842 1671 877 propria,
1697 842 1745 869 sed

112 885 222 919 quidem
237 886 405 913 constituere
420 885 538 918 Patrem,
554 891 601 913 aut
615 886 725 916 Filium.
743 887 790 914 sed
806 895 903 914 serun-
921 878 941 906 Β
955 885 1028 912 Patri
1044 884 1166 921 Filioque
1182 887 1335 914 communis
1351 887 1418 922 (46).
1436 887 1555 915 Uberius
1570 888 1596 915 id
1615 888 1745 916 evolven-

112 931 176 957 dum
198 931 331 958 rationem
351 939 507 967 supponere
528 932 584 967 jam
607 933 771 960 constitutos
791 941 840 968 per
855 941 903 968 pa-

111 976 271 1004 teruitatem
296 985 328 1005 ac
348 977 523 1011 Iiliationem;
542 978 742 1007 multo-minus
765 980 843 1015 origo
861 980 920 1007 vel"

111 1023 182 1050 actio
201 1023 331 1058 spirativa
349 1029 478 1060 tanquam
494 1025 600 1053 illarum
620 1034 799 1061 personarum
815 1026 902 1054 [arma

110 1069 288 1096 constitutiva
312 1070 427 1106 cogitari
443 1071 553 1106 poterit.
570 1071 648 1105 Quod
675 1072 774 1099 attinet
791 1072 824 1099 ad
839 1080 902 1107 pcr-

110 1118 192 1143 sonas
212 1117 371 1152 productas,
390 1117 431 1145 ha:
446 1117 472 1143 in
486 1123 620 1152 conceptu
634 1117 739 1145 formali
754 1119 902 1146 universim

109 1161 206 1188 ('icunt
221 1162 353 1189 rationem
367 1162 477 1189 termini
492 1167 519 1189 et
532 1163 668 1197 producti,
683 1163 823 1198 speciatim
836 1172 902 1192 vero

110 1208 245 1235 rationem
268 1208 311 1236 vel
331 1207 413 1235 Verbi
428 1208 471 1236 vel
494 1208 614 1244 Spiritus
634 1210 827 1242 subsistentis;
853 1211 901 1238 sed

111 1257 218 1280 certum
242 1257 300 1286 est,
322 1253 393 1280 viam
411 1254 444 1280 ad
466 1254 629 1288 terminum,
651 1255 857 1290 productionem
874 1256 901 1283 in

110 1298 181 1331 ﬁeri,
207 1299 341 1326 actionem
367 1298 494 1326 dictionis
516 1304 565 1326 aut
587 1301 690 1327 amoris
709 1301 799 1328 adhuc
823 1301 900 1335 quasi

110 1343 241 1371 liuentem
264 1345 376 1376 anteire,
394 1353 445 1372 non
463 1347 620 1373 constituere
636 1347 781 1374 terminum
799 1347 899 1382 ipsum,

110 1389 274 1423 productum
305 1391 490 1425 completum,
513 1395 540 1418 et
563 1391 681 1419 Verbum
704 1399 736 1419 ac
764 1392 897 1427 Spiritum

110 1435 274 1470 perfectum.
297 1445 306 1462 ι
324 1437 448 1472 Denique
468 1438 598 1465 observat
613 1437 653 1474 (n.
668 1438 731 1472 586)
749 1447 756 1466 :
776 1447 785 1463 ι
806 1438 900 1471 Quan-

109 1489 191 1515 quam
204 1489 236 1508 ex
249 1481 330 1509 dictis
344 1483 434 1510 omnis
449 1484 600 1518 proprietas
616 1484 785 1519 hyp05tatica
803 1485 839 1512 sit
855 1493 899 1513 re-

110 1527 202 1560 lativa,
217 1531 308 1555 tamen
321 1536 368 1556 nec
383 1530 468 1556 omnis
485 1529 595 1557 relativo
616 1538 663 1557 nec
677 1531 761 1558 omnis
777 1532 898 1559 nationa-

109 1572 141 1598 lis
163 1573 310 1607 proprietas
331 1580 367 1601 est
389 1574 564 1609 ltypastatica.
580 1575 648 1602 Cum
673 1576 747 1603 enim
774 1576 833 1604 hate
851 1585 899 1611 per

109 1618 220 1646 modum
242 1619 452 1648 determinantis
467 1621 500 1648 ad
515 1628 576 1648 esse
589 1623 744 1656 personale,
759 1623 898 1658 proprium
918 1641 920 1643 ›

108 1672 141 1692 ac
165 1665 443 1700 incommunicabile,
479 1675 645 1695 concurrere
676 1669 793 1701 debeat;
826 1669 900 1697 illius

108 1711 179 1738 ratio
194 1715 221 1738 et
234 1711 384 1739 fortnalitas
405 1721 451 1740 nec
466 1714 669 1742 inuascibilitati
692 1723 738 1742 nec
757 1716 899 1751 spirationi

108 1758 201 1785 activw
217 1759 346 1793 congruit.
360 1758 418 1785 Non
434 1759 649 1792 innascibilitati,
664 1761 727 1796 quia
740 1761 816 1796 juxta
829 1763 897 1797 Aug.

108 1803 149 1830 De
164 1803 237 1830 Trin.
253 1812 280 1835 v,
292 1803 319 1831 6.
333 1804 388 1830 Nec
405 1805 463 1831 ideo
486 1806 595 1841 quisque
609 1811 696 1841 pater,
717 1808 779 1842 quia
795 1808 900 1842 ingeni-

108 1855 160 1882 tus,
184 1858 230 1877 rm:
252 1851 381 1886 ingenitus
406 1851 464 1878 ideo
485 1852 547 1887 quia
564 1857 656 1887 pater;
671 1853 792 1888 adeoque
808 1854 842 1881 ab
858 1854 900 1881 in-

109 1896 293 1924 nascibilitate
318 1902 397 1932 pater
420 1898 448 1925 in
470 1905 532 1926 esse
553 1899 639 1933 patris
655 1907 687 1926 ac
699 1907 824 1934 personae
848 1908 900 1928 nec

108 1942 307 1970 determinatur
326 1951 377 1970 nec
392 1943 580 1971 constituitur.
601 1943 695 1979 Neque
717 1945 799 1972 etiam
814 1946 901 1980 spira-

109 1988 175 2014 tioui
203 1988 308 2015 activae.
333 1988 462 2021 Quamvis
481 1988 554 2015 enim
575 1989 631 2023 haec
645 1989 754 2024 propria
772 1989 807 2017 sit
827 1989 899 2017 Patri

107 2039 136 2061 ct
151 2033 228 2067 Filio,
244 2038 335 2061 tamen
350 2041 401 2062 nec
425 2034 501 2062 illum
517 2034 543 2061 in
564 2042 625 2062 esse
646 2035 744 2067 Patris,
763 2043 814 2063 nec
827 2036 900 2063 hunc

102 2081 136 2117 in
150 2087 211 2108 esse
225 2080 286 2108 Filii
302 2080 376 2117 [255]
393 2081 576 2115 determinat;
593 2081 727 2116 alioquin,
742 2089 805 2109 cum
827 2082 898 2109 utri-

108 2134 161 2161 que
171 2127 206 2154 sit
230 2127 403 2159 communis,
435 2127 514 2154 Pater
534 2131 608 2154 esset
632 2126 717 2155 Filius
739 2132 766 2155 et
779 2127 898 2155 vicissim

87 2162 92 2169 I
108 2172 177 2200 Filio
188 2173 338 2208 paternitas
354 2173 525 2202 conveniret.
542 2173 620 2202 Unde
634 2173 716 2202 habet
728 2182 758 2202 se
773 2179 898 2210 respectu

954 938 1008 960 tem
1026 933 1215 961 Bessariouem
1229 937 1282 960 art.
1297 941 1354 968 seq.
1370 933 1384 968 §
1400 933 1443 964 15,
1458 934 1636 961 adducemus.
1733 963 1737 967 ,

988 980 1016 1007 8.
1031 979 1161 1015 Sequitur
1175 980 1284 1007 tertium
1300 979 1430 1007 effatum:
1442 979 1526 1007 Pater
1538 986 1575 1008 est
1585 981 1744 1017 principium

953 1033 1043 1052 eorum
1054 1034 1113 1059 qua
1128 1034 1160 1053 ea:
1177 1026 1233 1060 ipso
1250 1031 1309 1053 sunt
1324 1034 1374 1052 non
1386 1026 1489 1052 ratione
1502 1031 1615 1059 natura},
1634 1028 1679 1054 sed
1697 1036 1744 1054 ra-

954 1071 1025 1098 tione
1038 1079 1158 1105 persona:
1170 1072 1205 1105 (ε.
1220 1071 1276 1106 15),
1297 1072 1369 1106 quod
1385 1071 1456 1106 apud
1468 1071 1558 1099 Photii
1574 1073 1700 1103 asseclas,
1714 1077 1744 1100 ut

953 1116 1057 1143 Bcccus
1071 1117 1189 1144 advertit
1202 1117 1238 1151 (in
1251 1116 1326 1153 [254]
1344 1117 1448 1144 Camat.
1477 1117 1508 1145 ϐ.
1525 1118 1556 1145 0.
1573 1118 1604 1151 Il,
1621 1118 1696 1152 ‘29I),
1715 1118 1744 1145 in

953 1162 1059 1188 axioma
1075 1162 1193 1189 transiit.
1205 1162 1244 1189 Ex
1256 1163 1308 1189 hoc
1323 1163 1412 1198 arguit
1424 1166 1520 1189 contra
1533 1163 1648 1190 Beccum
1660 1163 1744 1191 Geor-

953 1206 1013 1240 gius
1036 1205 1151 1241 Cyprius
1169 1207 1250 1241 (apud
1269 1206 1348 1234 Becc.
1367 1208 1396 1234 in
1421 1212 1487 1235 tom.
1509 1207 1590 1243 Cypr.
1607 1209 1638 1236 ϐ.
1655 1208 1687 1236 0.
1708 1209 1742 1242 ii,

953 1251 1005 1279 I58
1018 1258 1076 1286 seq.
1093 1251 1156 1283 256,
1169 1251 1245 1286 257).
1262 1251 1397 1279 Viderunt
1411 1253 1555 1280 orthodoxi
1573 1254 1640 1281 satis
1653 1259 1742 1286 acute,

952 1305 1007 1324 non
1030 1297 1191 1332 simpliciter
1208 1297 1273 1324 illud
1295 1297 1386 1332 negari
1409 1305 1500 1333 posse,
1527 1298 1628 1325 habere
1652 1303 1741 1326 tamen

951 1343 1023 1378 apud
1045 1342 1171 1370 Pbotium
1191 1351 1302 1378 pravum
1326 1344 1470 1377 quemdam
1498 1352 1607 1372 sensum
1630 1345 1742 1384 minime

953 1389 1135 1416 tolerandum.
1148 1388 1216 1416 lliuc
1227 1388 1353 1416 laudatus
1370 1389 1579 1424 Byzantii-orum
1589 1390 1742 1425 patriarcha

951 1435 1110 1463 adversario
1126 1435 1235 1470 quidem
1249 1435 1375 1462 concedit
1386 1435 1416 1471 (I.
1433 1443 1458 1462 c.
1471 1442 1497 1462 c.
1511 1436 1554 1468 II,
1568 1444 1594 1470 p.
1607 1437 1682 1470 9.37),
1694 1436 1743 1464 I'a-

953 1485 1021 1508 trem
1036 1489 1090 1508 non
1103 1481 1208 1508 ratione
1223 1484 1338 1512 naturae,
1352 1480 1401 1508 sed
1418 1480 1523 1508 ratione
1538 1488 1663 1516 persona:
1680 1489 1743 1508 esse

952 1535 1061 1556 causam
1077 1535 1172 1555 eorum
1194 1534 1254 1562 quae
1269 1534 1302 1554 ex
1319 1527 1396 1561 ipso;
1409 1528 1456 1554 sed
1470 1528 1505 1554 ibi
1520 1535 1582 1554 cum
1600 1527 1743 1555 I’hatianis

950 1579 1054 1602 natura:
1075 1578 1230 1609 respectum
1246 1581 1360 1608 prorsus
1382 1573 1488 1600 excludi
1505 1578 1687 1608 naturamque
1708 1574 1742 1601 ab

951 1620 1088 1656 hypostasi
1116 1619 1235 1656 separari
1259 1625 1352 1652 vetat;
1378 1620 1530 1656 meliusque
1553 1628 1587 1648 cx
1617 1621 1743 1649 Patrihus

950 1667 1003 1695 dici
1020 1669 1221 1703 propugnat(c.
1243 1667 1285 1700 I5,
1306 1675 1333 1702 ι».
1348 1666 1412 1702 216)
1438 1671 1494 1694 tum
1516 1660 1590 1703 Mm)
1605 1668 1653 1703 τῆς
1676 1662 1742 1694 diro-

951 1715 1073 1745 στάσεως
1099 1718 1155 1740 tum
1183 1713 1254 1748 λόγῳ
1281 1713 1330 1748 τῆς
1359 1713 1466 1747 φύσεως
1491 1714 1656 1749 principium
1680 1722 1742 1741 esse

950 1759 1070 1787 Patrem.
1098 1759 1208 1786 Certum
1221 1763 1263 1786 cst
1273 1759 1419 1786 essentiam
1433 1760 1467 1786 ab
1478 1760 1618 1795 hypostasi
1630 1760 1740 1788 nonnisi

950 1806 1057 1834 ratione
1087 1805 1210 1838 dili'erre,
1228 1813 1317 1840 neque
1339 1805 1433 1832 οὐσίαν
1451 1806 1638 1831 ἀνυπόστατον
1652 1814 1743 1841 neque

951 1852 1100 1879 ὑπόστασιν
1115 1851 1240 1878 ἀνούσιον
1251 1851 1362 1886 cogilari
1379 1859 1470 1886 posse,
1487 1855 1518 1878 ut
1528 1851 1648 1879 Thomas
1662 1852 1700 1887 (p.
1714 1853 1740 1884 1,

950 1907 979 1933 q.
997 1899 1042 1931 59,
1055 1906 1081 1926 a.
1102 1898 1128 1933 1)
1145 1903 1172 1925 et
1183 1895 1315 1925 Petavius
1327 1898 1376 1934 (De
1393 1898 1465 1925 Trin.
1481 1898 1537 1930 VII,
1557 1898 1602 1930 15,
1619 1899 1652 1926 15
1668 1899 1741 1934 seq.)

951 1944 1099 1972 declarant.
1108 1943 1134 1971 Id
1146 1951 1197 1971 nec
1208 1944 1258 1978 ipsi
1272 1943 1440 1971 schismatici
1452 1952 1565 1979 prorsus
1575 1944 1741 1978 dillitentur;

952 1989 978 2016 id
999 1989 1148 2024 Gregorius
1168 1988 1285 2024 Cyprius
1302 1989 1384 2023 (apud
1401 1988 1477 2016 Becc.
1497 1989 1516 2016 l.
1536 1997 1543 2016 I
1568 1989 1658 2017 Const.
1674 1998 1698 2017 c.
1712 1989 1739 2021 5.

951 2034 983 2068 6;
1003 2035 1030 2061 iu
1046 2039 1113 2061 tom.
1129 2035 1212 2069 Cypr.
1229 2038 1299 2061 orat.
1318 2035 1347 2066 2.
1365 2041 1390 2061 c.
1405 2033 1435 2066 5;
1452 2033 1483 2062 G.
1500 2033 1532 2061 0.
1551 2033 1583 2066 II,
1607 2027 1740 2066 156-138,

950 2080 1014 2115 258)
1031 2079 1158 2107 concedit
1169 2078 1237 2115 (47).
1253 2079 1324 2106 lIinc
1340 2078 1473 2114 Georgius
1491 2079 1690 2115 Trapezuntius
1706 2080 1743 2107 ad

950 2126 992 2154 Jo.
1008 2125 1120 2152 Cubocl.
1136 2133 1160 2152 c.
1175 2125 1204 2152 11
1222 2133 1229 2157 ;
1253 2124 1284 2153 G.
1307 2127 1339 2151 0.
1353 2123 1374 2158 I,
1389 2125 1438 2152 191
1454 2126 1524 2160 seq.)
1543 2134 1550 2152 :
1570 2135 1578 2150 ι
1598 2125 1742 2158 Quomodo

952 2170 1091 2205 concipit-5
1110 2170 1280 2205 bypostasin,
1293 2169 1316 2197 si
1332 2169 1359 2196 in
1372 2170 1490 2197 essentia
1507 2170 1591 2204 ipsam
1605 2178 1661 2197 non
1673 2177 1740 2197 con-

108 2219 261 2254 ntriusque,
287 2219 358 2247 sicut
383 2220 518 2251 essentia,
547 2227 693 2247 commune
721 2220 847 2255 pluribus
871 2225 899 2247 ct
915 2215 1132 2249 DSidCTaVCriS?
1159 2215 1310 2243 Εεεθῐιῑὶειιη
1338 2215 1412 2242 enim
1435 2220 1463 2242 ει
1486 2221 1611 2243 "illum"
1638 2216 1742 2251 absque

108 2266 315 2293 determinabile
327 2275 334 2298 ;
347 2266 468 2301 dumque
481 2267 624 2294 constituit
634 2267 741 2295 Patrem
757 2271 786 2294 et
799 2267 896 2295 Filium

108 2311 136 2338 in
157 2318 219 2338 esse
245 2310 390 2346 spiratoris
415 2311 536 2339 distincti
554 2319 569 2338 a
584 2311 686 2347 Spiritu
713 2317 819 2344 sancto,
844 2312 898 2340 illis

107 2357 256 2391 suppositis
271 2357 297 2384 in
312 2365 361 2385 sua
372 2365 489 2393 persona
497 2359 553 2394 jam
572 2359 731 2386 constitutis
743 2359 898 2393 concipitur

108 2403 286 2437 supervenire
301 2403 359 2431 llaec
375 2404 481 2436 relatio,
505 2409 633 2440 tanquam
649 2404 795 2439 perﬁciens
811 2404 898 2439 expli-

107 2447 190 2474 citam
211 2456 305 2476 eorum
329 2448 544 2477 distinctionem.
569 2459 579 2475 ι
603 2449 656 2477 Sed
676 2450 709 2477 ad
734 2455 896 2485 praisentcm

108 2493 301 2520 tractationem
330 2494 437 2522 sufﬁcit.
459 2495 575 2530 simplex
590 2495 649 2522 haec
674 2495 895 2523 demonstratio:

146 2576 262 2614 (mer.
279 2576 422 2614 Bessariou
448 2578 527 2613 Resp.
550 2579 586 2605 ad
604 2578 687 2606 Marc.
720 2579 788 2614 Eph.
814 2587 840 2606 c.
865 2580 897 2607 18

107 2612 187 2649 (Cod.
209 2612 327 2649 Mon.727
345 2612 428 2649 f._230
447 2615 486 2649 a.)
512 2622 519 2640 :
543 2613 663 2649 Πρώτως
682 2615 729 2641 καὶ
744 2612 851 2648 ’κυρίως
869 2616 897 2641 αι

108 2647 419 2684 ἀνᾳφρραὶᾼιξςριστῶσγι,
446 2648 494 2675 καὶ
514 2647 692 2684 διαδὶρίνουσί,
713 2647 855 2683 ἑπομένως
869 2649 897 2676 δὲ

107 2683 157 2710 καὶ
169 2682 331 2717 αιπρόοδοι,
356 2683 470 2710 καθόσον
485 2682 643 2711 ταύτόέῑσι
666 2682 810 2720 πράγμὸιτι
836 2686 898 2716 ταῖς

106 2718 268 2745 ἀναφοραῖς.

127 2719 268 2751 ναφοραϊς.

145 2726 358 2789 ῗῗὲἷῗίἱξςιπὶοη
378 2753 456 2789 Resp.
476 2754 511 2781 ad
537 2754 619 2781 Marc.
641 2753 707 2788 Eph.
733 2755 794 2782 cod.
823 2754 895 2782 Mon.

107 2787 154 2820 2'1,
174 2788 195 2815 ι’.
211 2788 263 2816 2‘29
283 2790 310 2817 Ι).
331 2790 405 2816 Αὐτὰ
421 2787 455 2816 ’ἑὰ
471 2789 532 2816 θεῖα
546 2787 678 2822 πρόσωπὰ
695 2790 851 2818 ὑποστάντα
869 2791 897 2817 αἱ

108 2822 290 2851 timeto-rma!
303 2826 373 2852 εἰσιν
397 2825 539 2861 ἰδιότητες.
562 2823 629 2852 Vidc
650 2825 747 2853 Thom.
769 2825 782 2861 ᾗ
806 2826 834 2859 5,
859 2826 898 2853 ci-

109 2861 207 2886 tatum.
705 2868 712 2875 ·

949 2263 1090 2299 hypostasi
1123 2262 1313 2289 universaliori
1332 2262 1451 2297 quodam
1483 2262 1565 2289 niodo
1587 2262 1743 2297 intelligere

948 2317 1111 2346 possumus;
1130 2317 1213 2344 quare
1227 2313 1256 2336 et
1269 2308 1408 2336 nonnullis
1424 2308 1514 2335 visum
1530 2314 1582 2341 csI,
1600 2316 1660 2336 eam
1677 2309 1741 2336 uni-

948 2363 1027 2383 verse
1042 2354 1203 2382 subsistere.
1223 2354 1258 2380 At
1277 2354 1350 2381 enim
1366 2354 1525 2389 hypostasin
1550 2354 1693 2389 concipere
1713 2359 1740 2381 et

948 2401 1093 2429 enuntiare
1114 2408 1169 2428 non
1185 2400 1266 2427 simul
1292 2399 1463 2427 considerata
1478 2403 1525 2426 aut
1549 2405 1680 2434 conrepta
1697 2406 1740 2426 cs-
1779 2394 1784 2398 ’

949 2447 1036 2475 sentin
1051 2446 1140 2474 modis
1154 2446 1283 2473 omnibus
1299 2445 1356 2472 ﬁeri
1371 2445 1476 2479 nequit.
1495 2445 1559 2472 Ideo
1573 2449 1600 2471 et
1615 2452 1677 2472 cum
1695 2445 1740 2471 iu-

949 2493 1071 2528 genitum
1096 2497 1125 2520 et
1150 2492 1301 2527 procedens
1328 2491 1513 2526 hypostatit-as
1542 2490 1740 2526 'proprietates

985 2579 1042 2617 tati)
1061 2578 1221 2617 lbi_d.f.,_2_29
1238 2586 1265 2605 a.
1288 2577 1370 2617 Ἐπεὶ.
1384 2577 1437 2612 γὰρ
1457 2577 1573 2617 Exue-toi:
1593 2577 1739 2617 ugdomzov

949 2615 989 2641 ἐνί
1003 2623 1056 2641 τινι
1075 2614 1154 2648 μόνον
1168 2613 1295 2647 ἰδιώματι
1311 2612 1479 2644 συνίσταται,
1497 2613 1513 2648 ἢ
1529 2614 1562 2647 τῇ
1581 2612 1739 2648 τοῦνγεννᾲν

949 2650 965 2685 ἢ
981 2651 1013 2685 τῇ
1029 2647 1080 2685 τοῦς
1093 2648 1256 2685 προῦάξᾼςιν
1270 2648 1399 2685 έδιόῖητι-
1413 2647 1592 2685 ςυνΙστὰσΘαξ
1613 2647 1659 2685 {by
1683 2648 1739 2674 Ila—

948 2677 1016 2720 -έὲρᾶ
1033 2677 1161 2719 ἀνάγιὲη-
1183 2683 1250 2720 ἀλλά
1270 2677 1434 2720 parnasia
1457 2686 1487 2709 τὸ
1506 2683 1605 2720 γεννᾷν
1629 2681 1738 2720 λέγεται

949 2717 997 2747 καί).
1011 2717 1096 2746 Eax-rw.
1111 2717 1193 2745 Ὥστε
1212 2718 1242 2744 οὺ
1258 2719 1288 2745 τὸ
1311 2717 1473 2752 προϐάλλειν
1485 2717 1567 2745 αὐτοῦ
1582 2717 1612 2743 τὸ
1627 2717 1737 2752 πρόσυδέ

949 2764 1001 2782 πον
1020 2755 1151 2790 συνιᾳτᾷ·
1170 2753 1294 2790 mavis;
1311 2750 1376 2790 ξδὶον
1390 2753 1437 2780 τοῦ
1449 2752 1561 2790 VIIa-spe;
1574 2751 1655 2787 μόνον
1671 2750 1739 2786 μηδὲ

950 2789 1111 2817 συστατικὸί
1120 2787 1223 2824 3ιαῖτῷ
1243 2787 1368 2824 Υιῴγὲστι
1383 2789 1480 2815 κοινόν.

985 2826 1042 2858 (47)
1060 2824 1106 2852 Sic
1118 2829 1146 2853 et
1165 2821 1271 2852 Mai-cus
1283 2821 1386 2860 'Ephes.
1408 2824 1513 2860 syllog;
1530 2822 1599 2851 Cod.
1614 2821 1686 2850 Μου-
1701 2821 1738 2850 27

950 2861 969 2888 Ι.
982 2861 1072 2888 2221).
1585 2867 1589 2871 '
