1945 3088
191 121 246 154 479

756 121 889 152 ΡΗΟΤΙΙ
908 122 1160 154 PATRIARCILE
1179 123 1233 156 ΟΡ.

1777 119 1826 151 480

193 180 263 206 ritus
273 177 358 206 sancti
373 177 453 205 etiam
465 185 479 205 a
494 177 563 205 Filio
570 182 628 205 rata
640 182 692 210 est,
703 177 825 205 Priorem
832 179 983 213 argumenti
1000 179 1022 207 A
1037 179 1204 208 Bessarionis
1219 180 1301 207 verba
1316 178 1329 216 ς
1344 179 1360 207 9
1377 178 1518 214 prteecd.),
1534 184 1630 206 verum
1653 176 1763 212 quidem
1785 176 1825 205 to-

195 230 299 260 partem
316 226 351 252 ita
366 225 444 253 etl‘ert
459 224 574 259 Niceph.
594 223 745 251 Blernmida
759 223 840 259 (orat.
855 224 894 251 De
910 233 983 259 proc.

195 271 289 305 Spirit.
308 272 402 302 sancti.
417 278 443 298 c.
468 270 519 302 2‘2;
539 270 570 298 ϐ.
590 270 622 298 0.
641 270 663 297 l.
689 271 753 305 98);
772 270 803 296 Et
821 270 915 305 Πατὴρ
938 270 985 297 τοῦ

195 317 354 350 Πνεῦματος
380 316 394 342 ὁ
420 314 497 347 Θεὸς,
509 315 539 348 ἐξ
554 316 678 349 ἀνάγκης
692 315 722 341 τὺ
741 314 853 349 Πνεῦμα
874 315 939 347 Υἱός
952 325 958 331 ⁸
972 317 987 343 ὁ

196 362 293 398 Πατὴρ,
314 362 368 397 γὰρ
390 362 493 397 κυρίως
511 361 575 388 Υἱοῦ
600 362 696 396 Πατήρ
708 370 715 377 ·
736 361 783 388 καὶ
796 361 855 394 πῶς
870 362 884 388 ό
898 362 987 396 Λόγος

197 408 354 442 μονογενὴς,
371 409 396 435 εἰ
407 409 454 435 καὶ
468 408 499 435 τὺ
513 408 625 442 Πνεῦμα
638 407 717 439 Υἱόςς
731 407 848 435 Alteram
861 408 900 436 sic
912 408 987 445 eyol«

195 453 234 480 \it
256 455 421 481 Ratramnus
451 454 527 490 [2M]
550 454 583 487 (l.
613 461 654 486 Ill,
687 461 713 481 c.
730 454 757 487 6,
784 462 811 488 p.
833 454 896 485 297,
923 455 987 489 298)

195 499 337 527 Athanasii
364 500 496 527 doctrinae
523 500 670 527 insistens:
691 509 699 525 ι
722 499 850 527 Testatur
870 504 898 527 et
926 500 987 535 Spi-

196 547 276 574 ritum
322 546 444 580 ejusdem
486 547 648 573 substantia:
690 546 759 576 fore,
790 547 871 580 cujus
898 546 934 574 sit
960 550 988 574 et

195 593 215 620 F
227 593 289 626 lius,
308 594 436 628 quoniam
451 593 564 620 exsistat
578 596 609 620 de
622 593 699 619 unita
715 593 820 620 Deitate
846 592 937 620 Patris
963 598 988 620 et

197 637 277 670 Filii;
291 638 363 673 quod
381 638 475 665 dicens
489 638 592 673 liquido
611 642 753 670 monstrat;
769 638 839 672 quod
856 638 988 673 procedat

195 684 230 711 ab
250 689 382 718 utroque;
399 692 456 710 cum
472 684 543 711 enim
554 684 587 710 sit
602 683 693 710 Deitas
709 683 799 710 Patris
825 689 849 710 et
865 684 927 711 Filii
950 684 988 710 sic

196 731 283 762 unita,
297 734 323 756 ut
339 729 440 756 nullam
449 729 625 764 (ii/Terentiam
641 729 755 764 recipere
766 729 856 764 possit,
875 737 927 756 non
940 737 988 764 po-

197 779 244 802 test
265 775 402 809 procedere
413 774 526 809 Spiritus
549 775 580 801 de
596 775 703 801 Deitntc
728 773 831 807 Patris,
854 775 905 800 nisi
925 782 988 808 pro-

197 821 272 847 cedat
286 825 310 847 et
326 821 356 847 de
371 819 447 853 Filii,
464 819 693 863 quemadmodum
718 827 769 847 nec
786 820 820 847 de
846 819 906 846 Filii
927 819 989 846 Dei-

197 869 263 897 tatc,
280 865 331 892 nisi
355 865 484 899 procedat
502 865 582 891 etiam
600 864 634 891 de
650 863 756 896 Patris;
772 863 893 898 alioquin
911 864 987 891 unita

199 911 290 938 Deitas
304 911 392 938 Patris
407 915 434 937 ct
447 910 508 937 Filii
535 918 590 936 non
613 909 666 937 erit
682 909 738 944 jam
765 909 936 941 indiﬁ'ercns,
964 910 987 937 si

196 958 326 993 procedat
342 957 460 992 Spiritus
475 957 508 984 de
525 956 630 983 "citate
644 955 745 988 Patris,
760 959 788 983 et
813 963 868 982 non
884 955 987 990 pariter

198 1004 326 1038 procedat
338 1004 372 1031 de
391 1004 494 1030 Deitate
509 1003 588 1036 Filii;
603 1011 635 1030 ac
652 1011 701 1037 per
719 1002 771 1029 hoc
796 1002 850 1037 jam
868 1009 921 1029 non
936 1002 989 1029 erit

198 1051 284 1083 unita,
308 1050 380 1084 quod
405 1054 447 1076 est
462 1049 577 1084 impium
595 1053 626 1076 et
656 1049 796 1076 Ariannm.
812 1058 820 1073 ι
839 1048 990 1076 Conﬁrmat

198 1094 270 1122 dicta
285 1095 360 1130 "ago
375 1094 535 1121 Etherianus
551 1095 580 1129 (l.
605 1102 666 1131 I,_e.
684 1094 711 1121 8.
726 1102 754 1128 p.
769 1093 848 1126 1205)
864 1094 900 1120 ita
920 1093 988 1120 seri-

199 1141 286 1168 hens:
305 1150 314 1166 ι
337 1141 364 1167 Si
390 1140 510 1175 Spiritus
526 1148 580 1167 non
598 1144 628 1167 ut
644 1140 765 1175 genitum
782 1147 814 1166 ex
831 1139 909 1166 Patre
925 1147 1000 1174 pro-.

199 1187 333 1222 greditur,
345 1186 427 1213 Pater
443 1194 498 1213 non
514 1186 613 1213 emittit
626 1185 797 1221 (προὸἁλλει)
812 1185 943 1221 Spiritum
959 1190 989 1212 ut

199 1233 324 1268 genitor;
343 1239 404 1259 nam
423 1232 443 1258 si
467 1232 493 1258 in
510 1239 543 1258 eo
559 1231 605 1266 qui
622 1230 716 1266 (quod)
734 1230 840 1265 genitor
855 1230 988 1265 Spiritum

199 1279 279 1306 Pater
292 1278 438 1310 emitteret,
455 1277 573 1313 Spiritus
589 1285 621 1304 ex
637 1277 717 1304 Patre
733 1281 763 1303 ut
779 1277 900 1311 genitum
924 1284 989 1311 pro-

198 1324 270 1351 diret
283 1332 290 1356 ;
301 1328 400 1350 atvero
415 1331 469 1349 non
486 1327 527 1350 est
540 1323 660 1357 Spiritus
670 1329 704 1348 ex
715 1321 793 1348 Patre
809 1322 966 1357 ntgenitum
980 1331 988 1356 ;

198 1377 254 1396 non
268 1369 340 1396 enim
353 1369 422 1396 duos
438 1368 516 1400 ﬁlios,
533 1368 580 1395 sed
597 1375 682 1395 unum
699 1367 786 1395 solum
799 1367 878 1395 Pater
890 1368 990 1395 habere

198 1414 337 1446 creditur;
371 1413 545 1441 manifestum
570 1421 645 1449 ergo.
660 1413 730 1447 quod
757 1421 808 1439 non
836 1418 864 1440 ut
889 1415 992 1448 genitor

200 1458 332 1494 Spiritum
348 1458 428 1485 Pater
441 1459 551 1486 emittit.
574 1458 698 1493 Amplius
712 1467 719 1485 :
743 1459 824 1486 Pater
841 1467 903 1486 eum
928 1459 991 1494 Spi-

201 1506 272 1531 ritus
285 1505 401 1532 emissor
432 1505 477 1536 sit,
493 1509 540 1531 aut
566 1505 592 1531 in
617 1513 650 1531 eo
666 1512 720 1539 quo
748 1505 838 1532 diﬁ‘ert
867 1513 881 1530 ο
909 1505 989 1537 Filio,

199 1550 289 1585 ipsum
306 1550 414 1582 emittit,
432 1555 478 1577 aut
492 1549 641 1577 secundum
658 1549 694 1582 id,
709 1557 764 1585 quo
781 1558 836 1577 non
850 1550 993 1578 diﬁ‘ert.At

200 1596 227 1622 in
237 1603 271 1622 eo
284 1603 338 1630 quo
346 1595 434 1622 dill‘ert
450 1603 503 1622 non
515 1595 615 1622 emittit
628 1603 635 1628 ;
647 1603 711 1622 nam
727 1595 754 1622 in
769 1603 802 1622 eo
813 1596 882 1630 quod
898 1595 990 1628 Pater,

190 1648 255 1675 _non
270 1640 370 1667 emittit
381 1639 520 1676 Spiritum,
535 1641 562 1668 in
577 1648 631 1676 quo
646 1641 704 1667 solo
730 1648 745 1667 a
763 1641 834 1667 Filio
851 1641 956 1668 (lill‘crt.
979 1651 988 1668 ν

202 1686 296 1714 Ditl'ert
312 1687 390 1713 l'ater
405 1694 419 1713 a
431 1686 499 1714 Filio
513 1686 621 1713 nonnisi
638 1685 849 1713 innascibilitate
863 1691 890 1713 et
901 1691 993 1721 pater-

200 1733 286 1760 uitate
304 1731 328 1767 (ᾗ
348 1732 386 1766 5),
400 1740 515 1767 quarum
529 1732 674 1759 uotionum
690 1731 764 1765 prior
788 1731 891 1758 nullam
922 1731 994 1758 rela.

201 1778 303 1804 tionem
330 1778 489 1812 nullumque
514 1782 669 1812 respectum
699 1777 781 1804 habet
806 1777 838 1803 ad
874 1777 993 1812 Spiritus

202 1823 415 1858 processionem.
435 1822 570 1858 posterior
585 1822 732 1849 terminum
751 1822 812 1849 talis
836 1823 948 1857 originis
961 1830 993 1850 ac

201 1869 393 1904 priueipiatum
409 1869 564 1896 ostenderet
589 1876 650 1896 esse
675 1868 793 1901 Filium;
822 1868 894 1895 unde
912 1867 992 1895 Pater

194 1914 310 1942 'nonnisi
326 1922 359 1941 ex
370 1922 403 1941 eo
420 1915 513 1948 spirat,
528 1913 556 1940 in
574 1922 630 1949 quo
643 1922 658 1941 a
671 1913 740 1941 Filio
755 1922 811 1941 non
828 1914 937 1948 «litl'ert;
965 1920 994 1942 et

200 1964 267 1988 tunc
288 1960 399 1994 spiratio
415 1960 503 1987 activa
519 1965 560 1987 est
586 1959 658 1987 Patri
675 1959 800 1996 Filioque
827 1961 991 1988 communis.

207 2016 216 2033 ι
236 2006 336 2040 Aperte
358 2006 437 2033 datur
462 2004 586 2041 intelligi,
607 2015 616 2032 ι
635 2006 673 2032 ait
695 2006 869 2038 Etherianus,
891 2016 898 2032 I
917 2006 992 2041 quod

201 2060 257 2079 non
271 2052 299 2078 in
313 2059 345 2079 eo
356 2059 409 2086 quo
424 2052 515 2079 ditfert
527 2053 605 2079 Pater
615 2060 629 2078 a
647 2052 728 2085 Filio,
750 2053 851 2079 emittit
862 2052 990 2087 spiritum

201 2102 338 2130 sanctum,
352 2098 399 2125 sed
411 2098 438 2124 in
455 2106 488 2125 eo
503 2105 557 2133 quo
579 2099 773 2125 communit-at.
794 2107 803 2124 ι
822 2098 856 2125 Ει
882 2106 989 2125 rursum

202 2147 238 2178 (c.
264 2143 306 2170 -l5.
333 2152 360 2179 p.
380 2144 473 2178 l209):
499 2140 656 2171 Secundum
679 2143 751 2178 quod
769 2143 870 2179 (Pater)
899 2148 990 2178 potest

1037 230 1087 254 ret.
1106 225 1153 253 sed
1168 225 1201 253 ad
1217 234 1273 253 rem
1288 229 1450 261 praesentem
1466 231 1521 251 non
1536 223 1649 251 faceret.

1072 271 1115 298 tl.
1129 271 1181 298 Sed
1192 271 1347 299 accuratius
1354 270 1559 298 adhuceﬁatum
1569 269 1640 297 istud
1654 269 1826 304 perpenden-

1037 315 1112 343 dum.
1128 316 1301 352 Distinguunt
1317 316 1433 351 theologi
1460 315 1621 350 principium
1634 315 1704 350 quod
1714 322 1825 349 generat

1038 362 1080 389 vel
1106 363 1201 397 spirat,
1226 367 1255 389 et
1278 362 1437 397 principium
1475 369 1525 396 qua
1548 360 1614 388 illud
1639 365 1753 394 generat
1787 361 1826 388 \el

1038 408 1134 443 spirat.
1151 408 1178 435 ld
1201 408 1303 443 optime
1325 407 1450 442 exposuit
1482 407 1602 434 Joannes
1619 405 1776 441 Theologus
1801 406 1826 433 in

1039 461 1119 481 conc.
1135 453 1207 481 Flor.
1235 461 1304 481 sess.
1321 453 1355 481 18
1371 452 1466 488 (llard.
1487 452 1532 485 IX,
1556 452 1591 479 20
1599 451 1640 487 t):
1658 451 1736 484 Quod
1766 460 1828 487 pro-

1039 499 1114 526 ducit
1129 499 1172 527 vel
1183 503 1307 535 generat,
1320 507 1430 534 persona
1445 503 1505 531 est;
1520 498 1688 533 principium
1702 506 1767 525 vero
1780 506 1828 533 quo

1039 546 1081 572 vel
1095 554 1141 580 per
1153 546 1221 581 quod
1237 546 1322 581 (ἀρχὴ
1339 545 1372 572 δι’
1387 543 1420 581 ἦς
1435 546 1528 580 γεννᾷ)
1544 549 1585 572 est
1612 546 1744 578 essentia,
1769 553 1827 579 qum

1039 591 1099 618 aliis
1118 591 1335 618 communicatur
1350 589 1398 626 [σι’.
1415 590 1513 624 Thom.
1533 590 1558 621 t,
1576 598 1603 624 q.
1617 590 1663 621 Η,
1681 597 1707 616 a.
1722 589 1748 624 5)
1761 589 1826 624 (ΒΞ).

1040 637 1098 664 lloc
1110 637 1182 672 quod
1198 638 1408 664 communicatur
1421 637 1448 663 in
1461 637 1646 671 generatione.
1659 640 1756 663 natura
1771 640 1826 667 est;

1040 691 1119 718 agens
1136 690 1200 710 vero
1212 687 1254 710 est
1265 682 1416 717 hypostasis
1429 681 1469 717 (τὸ
1479 681 1690 715 κοινωνοὺμενόν
1705 682 1764 707 ἐστι.
1779 680 1828 715 φύ-

1040 738 1092 761 σις,
1111 728 1141 756 τὸ
1162 729 1190 755 δὲ
1216 728 1346 763 ἐνεργοῦν
1366 729 1440 754 ἐστιν
1464 727 1634 761 ὑπόστασις).
1651 727 1826 762 liypostases,

1039 773 1128 809 pergit
1141 780 1208 800 sess.
1229 773 1272 800 19.
1290 772 1338 808 (ib.
1352 780 1379 807 p.
1394 772 1471 807 216),
1487 776 1552 799 sunt
1563 779 1623 806 quia
1638 776 1770 807 generant
1788 770 1828 797 vel

1040 819 1153 855 spirant.
1168 818 1297 847 Actiones
1311 825 1376 846 sunt
1404 818 1609 853 suppositorum
1637 819 1675 854 (αἱ
1691 817 1829 854 ἐνέργειαι

1040 866 1110 892 εἰσιν
1136 865 1190 891 τῶν
1216 864 1415 899 ὑποστάσεων).
1435 864 1560 891 Essentia
1586 868 1627 891 est
1646 871 1745 891 nomen
1767 863 1829 890 abs-

1041 914 1214 943 tractum;et
1227 910 1292 937 hinc
1315 910 1372 937 ﬁeri
1392 911 1499 944 nequit,
1517 914 1547 937 ut
1564 909 1589 936 ei
1619 909 1766 937 conveniat
1784 916 1831 944 ge-

1040 956 1190 984 nerationis
1205 956 1257 990 (vel
1276 955 1444 991 spirationis)
1459 956 1542 983 actio.
1560 954 1717 983 Substanlia
1740 955 1830 982 Patris

1039 1008 1063 1030 et
1081 1003 1143 1030 Filii
1161 1007 1198 1030 est
1216 1003 1378 1037 principium
1402 1011 1449 1036 per
1471 1003 1540 1037 quod
1555 1002 1674 1036 spiratur
1696 1001 1829 1035 Spiritus;

1039 1048 1198 1082 principium
1215 1048 1286 1082 quod
1300 1052 1361 1074 sunt
1376 1047 1520 1081 spirantes.
1538 1056 1547 1072 ι
1566 1047 1647 1074 Pater
1660 1046 1742 1081 —-ita
1760 1047 1830 1074 idem

1040 1094 1067 1122 in
1082 1102 1150 1121 sess.
1168 1093 1222 1121 ΞΗ
1236 1095 1265 1128 (l.
1281 1102 1305 1121 c.
1328 1102 1355 1129 p.
1371 1094 1433 1126 508,
1458 1094 1521 1127 509)
1543 1109 1578 1114 -—
1595 1093 1770 1121 indistinctus
1797 1093 1831 1120 ab

1040 1139 1167 1170 essentia,
1190 1139 1245 1166 imo
1268 1146 1334 1166 vero
1358 1139 1416 1174 ipse
1442 1138 1590 1165 αὑτοουσὶα
1600 1139 1748 1170 exsistens,
1776 1146 1830 1165 non

1041 1185 1198 1221 intelligitur
1226 1183 1384 1212 distinctam
1397 1185 1500 1212 habere
1516 1185 1664 1212 essentiam
1686 1185 1721 1212 ab
1745 1185 1830 1220 hypo-

1040 1232 1123 1264 stasi;
1148 1239 1203 1258 non
1223 1231 1296 1258 enim
1319 1239 1358 1262 re,
1380 1230 1426 1258 sed
1443 1230 1500 1258 sola
1525 1230 1631 1258 ratione
1654 1230 1831 1265 distinguitur

1042 1277 1116 1313 [2&5]
1132 1282 1244 1312 paterna
1259 1277 1411 1312 hypostasis
1428 1284 1443 1303 a
1469 1284 1517 1303 sua
1530 1277 1659 1303 essentia.
1689 1276 1739 1303 Est
1762 1283 1828 1311 ergo

1042 1322 1123 1349 Pater
1166 1321 1352 1348 substantialis
1395 1320 1564 1355 (οὖσιώδης)
1618 1321 1771 1356 hypostasis
1806 1324 1834 1348 ct

1041 1372 1155 1403 generat
1168 1366 1385 1395 substantialitor
1402 1366 1517 1399 Filium;
1529 1371 1557 1393 et
1569 1371 1717 1402 generatur
1731 1366 1827 1399 Filius,

1043 1413 1229 1441 substantialis
1254 1418 1282 1440 ct
1314 1412 1562 1448 ipsehypostasis;
1580 1417 1608 1439 et
1631 1418 1696 1440 sunt
1723 1413 1833 1452 quidem

1043 1460 1104 1487 diue
1121 1460 1293 1495 hyp0stases.
1309 1459 1355 1486 sed
1373 1466 1442 1486 unus
1469 1458 1538 1485 Deus
1564 1463 1592 1486 et
1612 1467 1664 1486 una
1690 1459 1833 1491 amborum

1006 1520 1027 1548 ο
1044 1510 1150 1537 natura,
1165 1513 1226 1532 cum
1240 1512 1293 1539 qua
1313 1505 1432 1539 Spiritus
1447 1510 1558 1531 sanetus
1574 1504 1733 1532 indistincte
1748 1505 1833 1540 (ἀχω-

1046 1549 1154 1586 ρίστως)
1174 1549 1354 1583 intelligitur;
1370 1554 1397 1576 ct
1412 1557 1502 1583 neque
1518 1548 1598 1576 Pater
1615 1553 1658 1576 est
1676 1557 1765 1584 neque
1789 1550 1835 1577 Fi-

1044 1597 1106 1628 lius,
1121 1603 1209 1630 neque
1227 1595 1291 1630 quid
1306 1603 1412 1628 eorum,
1429 1603 1490 1630 qua:
1506 1599 1572 1622 sunt
1587 1595 1619 1622 ad
1641 1595 1742 1630 aliquid
1769 1596 1834 1631 (τῶν

1044 1643 1112 1677 πρὸς
1135 1643 1182 1674 τι).
1201 1641 1254 1668 Sed
1278 1640 1422 1676 Spiritum,
1438 1641 1464 1667 in
1481 1645 1614 1676 quantum
1638 1646 1680 1668 est
1702 1640 1833 1675 Spiritus,

1043 1688 1076 1714 ad
1103 1688 1251 1722 spirantem
1272 1687 1352 1722 (πρὸς
1369 1687 1415 1713 τὸν
1440 1686 1564 1722 πνέοντα)
1590 1687 1686 1714 referri
1713 1691 1832 1722 oportet.

1044 1733 1111 1766 Quia
1128 1740 1192 1760 vero
1207 1732 1326 1767 Spiritus
1341 1736 1382 1759 est
1395 1732 1484 1759 Patris
1500 1731 1628 1766 Spiritus,
1645 1736 1673 1758 et
1689 1731 1834 1767 Scriptura

1044 1783 1158 1806 testatur
1176 1778 1250 1804 illum
1277 1785 1337 1805 esse
1350 1785 1458 1813 quoque
1475 1777 1534 1804 Filii
1560 1777 1703 1812 Spiritum,
1724 1777 1834 1812 spiran-

1044 1829 1085 1851 tes
1097 1829 1161 1851 sunt
1175 1831 1239 1859 ergo
1265 1823 1344 1850 Pater
1357 1828 1385 1851 et
1399 1822 1494 1850 Filius.
1510 1833 1519 1848 ι
1547 1823 1662 1855 Quando
1686 1830 1752 1858 ergo
1765 1823 1835 1850 dici-

1044 1874 1105 1897 tur:
1124 1878 1133 1895 ι
1153 1869 1232 1897 l‘atcr
1248 1877 1304 1896 nou
1317 1874 1358 1897 est
1383 1869 1546 1904 principium
1564 1869 1669 1897 ratione
1693 1869 1833 1902 essentia,

1043 1923 1138 1942 verum
1156 1915 1184 1943 id
1203 1920 1246 1943 est
1260 1915 1294 1942 de
1311 1915 1444 1950 principio
1461 1915 1584 1950 proximo
1597 1916 1666 1951 quod
1676 1920 1789 1950 generat
1805 1921 1834 1943 et

1043 1962 1140 1996 spirat,
1172 1969 1228 1989 non
1251 1969 1317 1989 vero
1341 1961 1374 1989 de
1397 1961 1532 1997 principio
1548 1963 1654 1989 remoto
1678 1971 1730 1997 quo
1747 1971 1834 1998 gene-

1043 2013 1085 2035 rat
1100 2012 1128 2035 et
1143 2008 1227 2042 spirat
1241 2016 1247 2040 ;
1263 2015 1359 2035 verum
1383 2015 1438 2034 non
1463 2012 1515 2041 est,
1532 2008 1554 2035 si
1576 2009 1697 2036 essentia
1719 2008 1836 2036 omnino

1043 2052 1207 2084 excluditur,
1224 2060 1285 2087 quae
1299 2056 1342 2079 est
1355 2052 1420 2079 illud
1436 2053 1537 2088 ipsum,
1554 2053 1626 2088 quod
1645 2059 1701 2081 tum
1714 2062 1834 2088 genera-

1044 2097 1118 2124 tione
1143 2101 1200 2124 tum
1224 2096 1375 2131 spiratione
1398 2097 1620 2124 communicatur.
1648 2097 1835 2125 Subdividunt

1043 2146 1174 2177 praeterea
1194 2142 1312 2177 theologi
1328 2142 1486 2176 principium
1509 2151 1559 2176 quo
1583 2142 1611 2169 in
1639 2143 1757 2170 radicula
1784 2151 1836 2171 seu

201 2189 322 2224 gignere,
349 2192 439 2223 potest
472 2188 569 2215 Filium
597 2188 713 2221 habere;
739 2188 890 2215 secundum
923 2187 1260 2228 veroDrcmotixsimum,
1289 2188 1362 2222 quod
1388 2188 1415 2214 in
1451 2188 1629 2223 generatione
1651 2196 1729 2224 teque
1750 2197 1783 2217 ac
1807 2190 1837 2216 in

200 2233 272 2268 (ιιιυὰ
291 2238 380 2269 potest
400 2228 532 2266 emittere,
552 2241 607 2261 non
635 2238 726 2268 potest
750 2233 848 2260 Filium
875 2234 987 2261 habere.

199 2279 290 2311 Quare
310 2278 459 2305 secundum
472 2278 543 2305 aliud
559 2282 648 2313 potest
663 2277 773 2313 gignere
790 2277 865 2314 [242]
890 2285 922 2305 ac
944 2285 988 2306 sc-

200 2322 320 2349 cundutn
333 2322 405 2350 aliud
422 2323 556 2349 emittere.
576 2332 585 2348 ι
600 2322 679 2355 Quod
690 2322 712 2349 si
726 2322 809 2358 igitur
817 2322 906 2349 l'hotii
922 2323 990 2350 etla-

201 2373 270 2401 tum,
283 2368 321 2403 τῷ
336 2368 408 2403 λόγῳ
432 2370 481 2404 τῆς
499 2369 676 2400 ὑποστάσεως
693 2369 800 2396 Patrem
824 2369 987 2405 principium

199 2421 261 2441 esse
281 2413 399 2448 Spiritus
420 2414 518 2445 sancti,
534 2414 599 2441 illud
628 2414 679 2441 sibi
707 2414 783 2453 vultu
805 2414 913 2442 Patrem
936 2422 990 2450 qua
1013 2427 1018 2431 -

201 2459 293 2491 talem,
313 2460 417 2487 ratione
444 2459 616 2494 paternitatis
635 2467 695 2486 esse
713 2459 886 2493 spiratorem,
899 2460 988 2487 mani-

201 2505 269 2532 feste
285 2505 381 2532 falsum
398 2506 540 2541 est;'qnod
557 2506 579 2533 si
591 2513 655 2533 vero
672 2506 750 2533 aliam
775 2507 821 2533 uni
840 2506 911 2534 Patri
925 2515 990 2542 pro-

201 2551 287 2586 priam
300 2556 392 2579 notam
402 2552 525 2588 intelligit
540 2560 572 2580 ac
582 2553 692 2587 quidem
705 2553 754 2587 τὴν
766 2553 911 2588 προϐολὴν,
923 2553 991 2581 falsa

200 2603 242 2624 est
257 2598 418 2632 suppositio,
433 2598 502 2625 hanc
521 2606 581 2625 esse
597 2603 717 2633 paterna:
733 2599 912 2633 hypostaseos
924 2600 991 2629 elia-

200 2644 397 2672 ractcristicum
412 2644 512 2672 idioma
524 2646 548 2680 (ἕ
557 2645 573 2671 5
586 2645 688 2679 seqq.).
703 2644 730 2671 Si
740 2645 857 2679 denique
869 2645 905 2671 nil
918 2645 990 2672 aliud

201 2690 292 2717 dicere
322 2690 412 2720 vellet.
449 2691 499 2718 nisi
534 2692 607 2726 quod
635 2691 773 2718 communi
800 2692 988 2727 theologorum

202 2736 335 2771 principio
354 2737 480 2768 traditur,
504 2737 626 2765 actiones
649 2737 922 2772 cssesuppositoruui
943 2737 990 2772 (cf.

240 2804 299 2842 (5‘21
312 2805 357 2833 Sic
371 2806 515 2842 Bessarion
538 2807 617 2840 Resp.
645 2808 680 2833 ad
700 2807 785 2834 Marci
805 2807 872 2842 Eph.
900 2815 925 2834 (ι.
946 2807 989 2840 18,

203 2839 265 2865 cod.
278 2839 350 2867 Moti.
367 2841 401 2868 27
417 2842 436 2869 l'.
452 2842 505 2869 250
519 2842 545 2869 b.
560 2839 616 2877 Τῆν
634 2842 708 2868 θείαν
725 2842 771 2868 τοῦ
792 2839 898 2878 Harpe;
925 2842 992 2869 ὑπό-

1041 2233 1192 2269 spirationc
1203 2237 1244 2261 est
1261 2233 1317 2268 ipsa
1330 2233 1423 2261 divina
1436 2238 1552 2266 natura;
1581 2234 1609 2261 in
1624 2235 1767 2269 potentiale
1784 2243 1837 2262 seu

1042 2284 1180 2312 remotum,
1209 2279 1282 2314 quod
1310 2284 1353 2307 est
1380 2279 1503 2314 potentia
1529 2279 1645 2308 actionis
1668 2288 1718 2308 seu
1746 2282 1838 2308 virtus

1024 2342 1031 2347 ι
1041 2324 1139 2361 agendi
1157 2324 1318 2352 intermedia
1331 2333 1339 2358 ;
1351 2325 1378 2352 in
1393 2325 1507 2360 formate
1519 2333 1566 2352 seu
1581 2326 1742 2360 proximum.
1758 2326 1836 2361 quod

1041 2376 1082 2398 est
1095 2370 1181 2398 forma
1192 2375 1240 2398 aut
1257 2371 1298 2398 vis
1310 2371 1428 2398 actionis
1448 2378 1496 2397 seu
1514 2370 1600 2398 virtus
1614 2371 1712 2407 agendi
1736 2373 1838 2399 innue-

1041 2417 1122 2444 diata.
1135 2416 1324 2444 Communiter
1351 2417 1451 2444 docent
1475 2417 1635 2451 principium
1660 2426 1711 2453 quo
1737 2419 1835 2453 proxi-

1042 2471 1113 2489 mum
1138 2463 1397 2497 productivumcsse
1422 2464 1495 2491 solas
1524 2463 1707 2498 proprietates
1738 2472 1838 2499 perso-

1042 2516 1137 2536 narum
1152 2510 1372 2544 producentium,
1396 2509 1646 2536 communicatirum
1663 2518 1728 2538 vero
1752 2515 1837 2538 natu-

1042 2563 1099 2581 ram
1123 2555 1209 2589 ipsam
1231 2555 1352 2582 divinam
1378 2555 1426 2589 (cf.
1445 2555 1538 2582 Kilbcr
1552 2556 1569 2582 l.
1586 2563 1612 2582 c.
1628 2564 1654 2582 e.
1672 2556 1697 2587 l,
1718 2564 1743 2583 a.
1757 2557 1786 2587 2.
1803 2566 1836 2584 n.

1043 2601 1094 2628 568
1111 2610 1169 2636 seq.
1184 2602 1204 2636 ).
1222 2601 1325 2628 Deinde
1337 2601 1352 2628 ό
1366 2600 1444 2634 λόγος
1463 2601 1513 2635 τῆς
1530 2601 1708 2634 ὑποστάσεως
1720 2603 1838 2639 cogitari

1043 2652 1134 2682 potest
1157 2647 1197 2674 vel
1213 2651 1295 2682 prout
1309 2646 1500 2674 consideratur
1514 2654 1631 2681 persona
1645 2655 1695 2682 per
1718 2656 1748 2675 se
1772 2649 1838 2676 uni-

1048 2694 1146 2721 versim
1162 2697 1189 2720 et
1203 2694 1230 2721 in
1246 2693 1384 2720 abstracto
1398 2693 1441 2720 vel
1464 2697 1546 2727 prout
1565 2700 1682 2728 persona
1709 2695 1770 2721 talis
1794 2695 1841 2722 in-

1045 2740 1237 2776 telligitur-hae
1254 2741 1296 2767 vel
1312 2739 1355 2766 illa
1378 2739 1567 2766 individuante
1589 2739 1687 2767 aﬁ‘ecta
1710 2741 1842 2775 proprie-

1044 2816 1139 2834 στιπιν
1154 2807 1243 2833 αἰτίαν
1253 2805 1333 2835 εἶναι,
1346 2805 1383 2841 ᾡς
1394 2805 1424 2831 τὸ
1439 2804 1462 2838 ὂ,
1478 2805 1532 2833 εἴτε
1544 2804 1573 2838 ἐξ
1586 2804 1627 2837 οἶδ,
1643 2805 1692 2841 τὴν
1709 2805 1738 2832 δὲ
1756 2805 1838 2831 θείαν

1044 2843 1126 2869 αὐτοῦ
1141 2842 1236 2869 οὐσίαν
1250 2842 1288 2873 ὡς
1305 2841 1335 2868 to
