1945 3088
177 151 230 183 483

178 249 283 276 niolam
298 249 378 284 (orat.
388 247 415 281 ἓ,
428 247 466 274 De
478 256 555 282 proc.
571 247 664 283 Spirit.
680 249 776 276 sancti.
790 249 872 282 c.39;
887 249 924 276 ib.
939 249 971 281 ll,

179 294 243 329 897)
259 294 295 320 ita
313 292 367 320 Leo
381 293 495 320 Allatius
516 292 589 320 Vind.
607 301 664 328 syn.
678 294 745 328 Epit.
767 301 792 321 c.
810 293 854 326 56,
869 302 896 329 p.
910 293 973 329 560)

181 339 329 367 Pbotianos
347 338 447 372 premit
464 349 470 365 ;
489 348 497 364 t
522 338 604 365 Estne
618 343 760 366 causatum
780 339 838 366 sive
851 338 974 366 'eﬁ'ectus

182 383 326 420 (αἰτιατόν)
342 383 368 410 in
382 382 493 410 Triade?
503 383 536 410 Et
550 383 616 410 illud
626 387 705 411 estne
716 391 860 411 commune
867 383 974 411 Triadis

180 439 214 457 an
231 431 312 457 unius
327 429 482 465 hypostasis
495 429 658 465 proprium?
673 430 806 458 Neutrum
823 430 915 458 dicere
928 438 974 457 va-

180 476 248 503 lent.
267 476 335 502 Nam
350 480 504 508 causatum,
521 475 594 510 quod
612 476 640 503 in
659 476 715 503 Deo
730 475 909 510 conspicitur,
924 484 975 504 nec

179 526 221 549 est
239 521 313 557 [247]
331 521 439 549 Triadis
454 529 610 555 commune,
628 530 681 550 nec
700 522 781 550 unius
800 522 906 550 Triadis
926 523 975 558 by—

180 569 297 603 postasis
307 568 458 603 proprium,
466 576 527 595 eum
539 569 574 595 sit
586 576 732 596 commune
740 569 800 596 Filii
811 574 837 595 et
845 568 974 604 Spiritus,

180 617 209 640 ct
233 621 288 640 non
310 613 346 639 sit
369 620 516 640 commune
529 613 627 640 Patris.
647 613 680 641 Et
696 614 810 649 propius
833 614 866 641 ad
890 621 948 640 rem
967 621 975 641 :

181 659 290 686 Mittere
302 658 434 694 Spiritum
447 664 571 687 sanctum
585 659 674 687 Patris
685 665 712 687 et
722 659 784 687 Filii
797 665 856 694 est;
873 660 899 688 id
911 668 976 688 vero

181 707 215 734 de
233 706 337 740 Spiritu
355 710 450 733 sancto
466 706 541 732 nullo
561 706 643 733 modo
659 706 778 740 dicitur;
797 715 887 741 neque
902 707 976 734 cnim

181 752 242 780 ﬁeri
265 756 363 786 potest.
390 756 420 778 ut
444 752 516 779 idem
532 752 567 779 sit
586 752 699 780 mittens
713 757 740 780 et
759 753 869 781 missus.
893 763 903 779 ι
922 753 986 788 (Cf.

182 797 275 825 cumd.
291 798 399 824 Encltir.
424 806 487 832 κεφ.
503 798 553 829 κε’,
567 806 594 833 p.
613 796 668 833 ροα¹
681 798 751 834 seq.)
768 798 813 825 Sic
828 803 856 825 et
872 806 906 826 ex
921 798 977 826 Ma-

184 844 264 872 nuele
277 844 372 871 Caleca
395 849 423 870 et
443 843 605 871 Bessarione
623 844 750 872 Petavius
772 844 810 871 De
833 845 906 872 Trin.
922 853 976 876 vn,

523 182 528 186 _
758 150 890 180 I’llOTll
911 149 1164 180 PATRIARCH/E
1187 149 1241 180 CP.

177 206 243 238 206,
260 204 332 237 207;
356 204 392 232 cl'.
413 212 441 239 p.
460 203 511 231 162
533 202 616 239 seq),
638 203 851 231 Constantinum
874 204 978 231 Mclite-
992 203 1017 232 A
1029 207 1072 230 cst
1087 203 1207 238 Spiritus
1221 202 1320 230 sancti.
1340 213 1349 229 ι
1369 202 1444 230 Licet
1465 203 1519 231 sint
1536 207 1656 239 quatuor
1675 203 1819 232 relationes

1766 149 1817 182 ἄδι

1026 249 1053 276 in
1064 249 1174 282 divinis,
1190 259 1199 275 ι
1213 250 1251 277 ait
1266 250 1295 276 S.
1306 249 1426 277 Thomas
1445 250 1482 285 (q.
1492 249 1537 283 50,
1553 250 1609 282 Μ,
1619 250 1652 278 ad
1662 250 1715 285 1),:
1730 255 1818 278 tamen

1025 304 1079 323 una
1096 304 1202 329 earum,
1218 296 1343 331 spiratio,
1354 304 1408 324 non
1424 302 1567 331 separatur
1579 304 1594 323 a
1605 304 1723 331 persona
1734 297 1821 324 Patris

1026 346 1055 369 ct
1067 342 1139 373 Filii.
1155 342 1202 370 sed
1219 342 1337 369 convenit
1357 343 1472 377 utrique.
1489 341 1521 369 Et
1534 341 1574 369 sic
1593 341 1656 369 licet
1669 341 1705 368 sit
1716 341 1819 374 relatio,

1026 395 1081 415 non
1097 392 1140 415 est
1163 391 1254 414 tatnen
1269 387 1417 422 proprietas
1437 389 1528 422 (sensu
1547 392 1643 414 stricto
1658 380 1820 422 theologico,

1027 433 1086 469 cf.§
1098 434 1137 469 5),
1160 433 1224 469 quia
1242 442 1293 460 non
1310 433 1427 460 conuenit
1449 433 1494 459 uni
1509 437 1613 459 tantum
1628 441 1757 467 persona',
1771 441 1821 460 nec

1027 478 1122 505 relatio
1136 478 1291 513 personalis,
1305 478 1332 505 id
1344 481 1397 511 est,
1414 477 1586 504 constituens
1600 472 1756 512 personam.
1770 477 1821 512 Sed

1029 524 1072 552 bze
1089 529 1145 552 tres
1164 524 1311 551 relationes
1327 532 1334 550 :
1354 522 1516 559 paternitas,
1532 522 1626 550 ﬁliatio
1639 527 1667 549 et
1683 523 1821 558 processio

1028 571 1157 598 dicuntur
1185 571 1366 605 proprietates
1393 569 1568 605 personalcs,
1585 568 1664 603 quasi
1690 576 1822 604 personas

1027 615 1238 643 constituentes.
1259 625 1268 641 ι
1288 615 1341 648 (Ct‘.
1358 623 1385 650 q.
1404 615 1490 647 28,a.
1511 614 1537 647 i,
1552 615 1579 648 5,
1593 614 1619 648 4;
1636 622 1664 648 q.
1680 614 1725 641 32.
1741 623 1766 641 a.
1783 615 1821 647 ὅ.)

1028 662 1104 689 Licet
1119 669 1184 696 ergo
1198 661 1326 689 catholici
1342 661 1487 688 admittant
1503 660 1611 687 axioma
1625 668 1632 686 :
1647 659 1782 694 Quidquid
1796 660 1822 686 in

1029 707 1162 736 Trinitate
1178 708 1287 739 dicitur,
1303 711 1350 735 aut
1362 714 1509 734 commune
1524 711 1567 734 est
1578 707 1638 734 sive
1656 705 1822 738 absolutum,

1028 758 1076 782 aut
1091 755 1232 790 proprium
1247 753 1305 782 sive
1320 754 1463 781 relativum
1481 754 1566 788 :‘jurc
1582 757 1674 780 tamen
1700 752 1824 787 rejiciuut

1028 800 1119 828 Photii
1127 801 1239 828 eﬂ'atum
1250 800 1396 835 :Quidquid
1405 799 1432 826 in
1442 805 1536 827 saneta
1544 798 1822 834 Triadeprazdicatur,

1029 851 1075 874 aut
1083 846 1166 873 tribus
1177 845 1300 881 personis
1307 853 1444 872 commune
1451 849 1491 871 est
1499 849 1545 871 aut.
1552 845 1630 871 unius
1639 851 1756 879 persona
1764 851 1824 877 pro-

182 897 208 916 c.
226 889 268 920 15,
284 897 311 915 n.
327 889 353 920 5,
370 889 396 923 6)
414 898 421 916 :
439 899 448 915 ‹
467 889 575 926 Negant
595 890 682 918 Latini
710 891 811 918 nullam
832 899 893 919 esse
911 900 975 927 pro-
990 883 1012 911 Β
1025 892 1140 926 prian
1152 890 1204 917 Sed
1214 890 1309 917 bascex
1317 889 1726 916 dicendisadhucmanil‘estiora
1734 893 1823 916 erunt.

183 935 338 969 prietatem,
354 943 415 970 quae
431 943 485 962 non
508 941 555 964 aut
578 937 665 963 tribus
689 937 844 964 communis
868 937 903 965 sit
928 942 976 966 aut

185 981 267 1008 unius
286 986 390 1008 tantum
407 983 528 1017 propria.
549 982 614 1010 Esse
633 983 706 1010 enim
729 983 846 1018 aliquam
870 983 975 1017 dicunt,

184 1035 246 1063 qua:
261 1028 367 1055 duabus
381 1029 518 1056 convenit.
542 1029 610 1056 Nam
627 1037 688 1064 qua:
709 1029 743 1056 de
767 1029 822 1057 Deo
835 1029 975 1063 dicuntur,

185 1075 263 1103 aiunt
274 1074 386 1103 Calccas
396 1079 424 1102 et
436 1074 591 1108 Bessarion,
605 1075 658 1102 alia
669 1076 758 1103 tribus
769 1076 895 1111 personis
906 1084 979 1103 com-

185 1121 279 1148 munia
297 1125 376 1152 sunt.
399 1125 428 1148 ut
450 1126 514 1148 sunt
530 1121 655 1148 absoluta
676 1121 779 1155 omnia,
797 1126 846 1149 aut
863 1130 924 1157 qua:
943 1121 978 1150 ad

185 1172 326 1194 creaturas
334 1167 457 1194 ordinem
469 1167 581 1200 habent,
590 1171 621 1194 ut
629 1167 751 1200 Crcator,
761 1169 900 1201 Dominus,
912 1174 977 1201 etc.,

186 1213 238 1239 alia
255 1212 365 1247 propria
381 1217 460 1243 sunt.
477 1220 564 1247 eaque
580 1214 623 1241 vel
642 1214 748 1241 duabus
761 1214 886 1249 personis
901 1222 978 1241 com-

187 1263 285 1295 petunt
305 1259 470 1294 comparatis
486 1259 519 1286 ad
536 1260 657 1293 tertiam,
673 1265 703 1288 ut
725 1260 794 1287 Filio
816 1265 843 1288 et
864 1259 978 1295 Spiritui

187 1310 282 1332 sancto
292 1313 306 1331 a
317 1304 453 1340 principio
465 1305 624 1340 procedere,
640 1305 713 1333 Patri
726 1306 790 1333 item
800 1310 828 1333 et
838 1306 905 1333 Filio
917 1305 980 1340 Spi-

187 1351 272 1378 ritum
290 1351 409 1384 mittere,
427 1349 529 1378 vel'uni
543 1357 650 1378 tantum
663 1356 828 1388 congruunt.
844 1361 852 1377 ι
873 1352 979 1379 Falsum

185 1397 303 1432 proinde
319 1401 361 1424 est
376 1397 440 1424 illud
455 1396 620 1432 principium
637 1405 644 1423 ξ
659 1396 795 1432 Quidquid
807 1397 834 1424 in
846 1397 981 1425 Trinitate

186 1441 297 1472 dicitur,
319 1446 366 1468 aut
388 1446 430 1469 est
457 1436 538 1469 trium
563 1450 743 1477 personarum
768 1450 913 1470 commune
935 1447 982 1469 aut

188 1488 271 1515 unius
287 1489 439 1523 proprium.
458 1488 552 1524 Neque
576 1489 694 1523 dicatur,
711 1490 808 1517 similia
818 1490 951 1526 principia
966 1497 981 1516 a

188 1534 293 1561 Latinis
303 1535 437 1570 theologis
451 1536 579 1563 stabiliri.
592 1536 661 1563 Nam
675 1537 754 1571 longe
766 1544 781 1563 a
794 1535 884 1564 Pbotii
900 1537 982 1564 eﬂato

188 1580 318 1608 dilIerunt
334 1581 391 1609 haec
407 1582 603 1610 catholicorum
622 1583 756 1610 axiomata
772 1592 778 1610 :
795 1582 932 1618 Quidquid
954 1583 981 1610 in

190 1626 323 1654 Trinitate
339 1628 447 1662 dicitur,
467 1634 514 1657 aut
532 1629 649 1658 absolute
669 1630 768 1657 dicitur
791 1634 837 1657 aut
859 1630 981 1664 relative;

189 1674 235 1700 vel
259 1674 341 1701 etiam
359 1684 365 1702 :
383 1674 471 1703 Omne
494 1676 567 1710 quod
591 1676 626 1703 de
646 1675 781 1703 Trinitate
806 1676 981 1710 prtedicatur,

190 1724 238 1748 aut
248 1729 384 1748 com-nune
395 1725 436 1748 cst
444 1727 491 1749 aut
504 1723 650 1757 proprium.
665 1722 695 1748 ln
707 1722 749 1749 his
764 1730 830 1750 sane
838 1722 984 1757 disiunctio

190 1771 234 1794 est
256 1767 368 1795 omnino
394 1768 546 1803 adaequala.
576 1769 607 1797 In
635 1769 719 1805 priori
742 1769 878 1797 axiomate
910 1769 984 1796 nulla

191 1814 335 1842 diliicultas
362 1819 424 1847 est,
451 1823 513 1842 cum
548 1816 635 1844 activa
663 1816 777 1851 spiratio
807 1816 985 1843 relationibus

190 1859 455 1894 comprehendatur:
481 1861 508 1888 in
527 1862 613 1890 altero
635 1863 666 1889 τὺ
685 1863 824 1898 proprium
845 1870 900 1889 non
921 1869 986 1897 sup-

191 1903 268 1939 ponit
283 1912 332 1939 pro
349 1912 382 1932 eo
407 1906 480 1940 quod
501 1907 548 1933 um"
570 1911 676 1934 tantum
696 1915 821 1942 persona:
839 1907 984 1940 convenit;

191 1954 324 1985 praetcrea
347 1951 384 1977 nil
402 1956 475 1979 vetat
496 1960 531 1980 ne
548 1961 684 1980 commune
705 1953 823 1985 dicatur,
847 1953 919 1988 quod
943 1952 986 1980 vel

194 1995 282 2021 tribus
298 1995 339 2022 vel
354 1995 460 2024 duabus
481 1998 603 2032 personis
627 1999 763 2031 convenit,
784 2003 812 2026 et
832 1999 985 2034 proprium,

194 2040 267 2074 quod
284 2040 329 2066 uni
346 2041 464 2068 exclusis
486 2042 591 2070 duabus
614 2043 655 2070 vel
676 2043 781 2070 duabus
800 2043 910 2070 exclusa
933 2050 987 2069 una

193 2091 312 2121 aptatur,
321 2087 468 2114 dummodo
478 2089 659 2123 oppositionis
668 2090 737 2116 ratio
744 2089 844 2124 ubique
853 2093 986 2116 servetur.

194 2132 268 2159 Sane
282 2133 312 2158 τὸ
325 2132 354 2165 ἐξ
369 2133 457 2165 αἰτίας
473 2132 543 2160 εἶναι
556 2134 705 2170 Gregorius
731 2135 796 2163 Naz.
823 2136 853 2169 (l.
866 2135 903 2168 e.)
922 2135 988 2162 dicit

196 2178 266 2206 Filio
289 2184 316 2207 et
339 2179 451 2215 Spiritui
477 2182 576 2213 κοινόν,
596 2181 743 2217 Gregorius
765 2190 830 2210 vero
851 2181 989 2217 Nyssenus

1065 938 1108 964 l5.
1147 936 1175 964 Si
1192 936 1290 963 falsum
1307 940 1349 963 est
1363 936 1414 963 hoc
1427 935 1514 962 l’botii
1530 935 1706 970 principium,
1722 935 1818 962 falsum

1027 984 1130 1019 pariter
1141 987 1183 1010 est
1193 983 1268 1014 illud,
1285 982 1357 1017 quod
1374 982 1509 1010 corollarii
1527 982 1649 1009 adinstar
1663 981 1725 1009 inde
1739 981 1824 1009 dedu-

1028 1030 1100 1057 citur
1118 1039 1125 1056 :
1143 1029 1189 1055 Nil
1205 1033 1242 1056 est
1256 1028 1358 1055 duabus
1377 1028 1406 1055 in
1418 1029 1546 1055 Trinitate
1558 1028 1675 1062 personis
1689 1035 1825 1054 (animum:

1028 1073 1125 1109 (μηδέν
1141 1083 1167 1100 τι
1190 1071 1260 1100 εἶναι
1277 1074 1334 1105 τοῖς
1350 1074 1412 1100 δυσὶ
1430 1074 1589 1109 προσώποις
1609 1072 1656 1099 ἐπὶ
1677 1072 1727 1107 τῆς
1743 1072 1824 1106 (ut;

1029 1121 1146 1158 Τριάδος
1159 1121 1277 1156 κοινόν);
1294 1121 1342 1148 sed
1355 1121 1377 1148 si
1395 1121 1460 1155 quid
1476 1119 1582 1147 duabus
1602 1119 1728 1154 personis
1751 1127 1826 1146 com-

1029 1175 1113 1194 mune
1129 1167 1177 1199 sit,
1198 1167 1226 1194 id
1248 1172 1276 1194 ct
1298 1167 1386 1194 tertiae
1408 1173 1556 1195 commune
1579 1166 1641 1193 erit.
1667 1165 1745 1193 Unde
1764 1174 1825 1193 cum

1030 1213 1128 1240 Photio
1150 1216 1222 1248 (cap.
1245 1213 1274 1248 6)
1290 1217 1409 1248 arguunt
1437 1211 1608 1240 Schismatici
1630 1221 1637 1239 :
1657 1212 1686 1239 Si
1713 1212 1826 1247 spiratio

1030 1259 1118 1286 activa
1134 1259 1170 1286 sit
1186 1259 1259 1286 Patri
1278 1263 1304 1286 et
1324 1258 1392 1286 Filio
1412 1258 1576 1291 communis,
1598 1258 1753 1285 communis
1776 1259 1827 1286 erit

1030 1311 1057 1333 et
1075 1305 1186 1341 Spiritui
1203 1309 1308 1333 sancto.
1323 1305 1419 1333 Patres
1431 1305 1568 1332 interdum
1581 1303 1760 1338 concludunt,
1769 1311 1828 1338 qua:

1031 1351 1185 1380 communia
1195 1356 1258 1379 sunt
1268 1351 1340 1378 Patri
1352 1351 1461 1383 ethio,
1473 1351 1628 1378 communia
1640 1358 1748 1386 quoque
1768 1357 1829 1378 esre

1032 1397 1144 1433 Spiritui
1157 1401 1262 1430 sancto;
1276 1401 1304 1424 at
1322 1397 1396 1424 enim
1413 1397 1477 1424 dum
1503 1396 1539 1424 ita
1563 1395 1773 1425 ratiocinantur.
1796 1395 1830 1422 de
1864 1408 1867 1411 -

1032 1445 1089 1479 ipsa
1128 1444 1218 1471 divina
1259 1444 1410 1471 substantia
1442 1443 1517 1480 [249]
1551 1444 1658 1479 ejusque
1694 1443 1830 1470 aut-ibatis

1032 1495 1125 1526 agunt,
1143 1498 1197 1517 non
1207 1498 1272 1518 vero
1285 1491 1319 1517 de
1334 1486 1521 1523 relationibus;
1543 1490 1576 1517 de
1588 1490 1620 1517 iis
1631 1497 1692 1525 qua:
1706 1489 1831 1517 absolute

1034 1536 1173 1568 dicuntur,
1190 1544 1244 1563 non
1264 1536 1298 1563 de
1320 1536 1352 1563 iis
1372 1543 1433 1571 qua:
1450 1536 1579 1563 dicuntur
1601 1535 1636 1563 ad
1663 1535 1777 1570 aliquid.
1802 1539 1833 1562 ut

1035 1585 1109 1607 recte
1122 1580 1239 1607 advertit
1249 1580 1382 1616 Georgius
1396 1580 1596 1615 Trapezuntius
1612 1579 1662 1616 (De
1677 1588 1750 1615 pror.
1769 1579 1794 1609 S,
1806 1579 1831 1605 i-

1034 1625 1103 1653 ritus
1129 1625 1231 1658 sancti,
1252 1625 1286 1652 ad
1310 1625 1354 1652 Jo.
1376 1625 1489 1654 Cnbocl.
1521 1634 1549 1653 η.
1572 1625 1617 1653 24.
1633 1626 1664 1653 G.
1680 1625 1713 1652 0.
1736 1625 1761 1658 1,
1779 1625 1832 1652 519

1035 1674 1116 1707 seq.);
1137 1680 1172 1699 ne
1193 1679 1259 1699 vero
1276 1671 1302 1699 id
1318 1671 1351 1698 ad
1369 1671 1515 1699 relationes
1537 1676 1564 1698 et
1583 1672 1711 1699 notiones
1735 1675 1833 1698 cxten-

1035 1717 1124 1748 datur.
1144 1717 1170 1744 id
1191 1725 1240 1752 per
1259 1725 1287 1744 sc
1302 1725 1333 1744 ca
1351 1721 1454 1750 vetant,
1468 1717 1567 1752 quibus
1580 1716 1706 1752 superius
1723 1716 1833 1743 axioma

1035 1765 1194 1791 convellunt
1203 1764 1249 1798 (cl‘.
1262 1764 1342 1792 Allat.
1357 1764 1438 1791 Enclt.
1450 1764 1503 1795 l..c.
1514 1771 1542 1799 p.
1554 1764 1624 1799 ροβ).
1640 1773 1648 1789 ι
1662 1763 1830 1797 Licetenim,

1036 1809 1072 1836 ita
1080 1809 1422 1844 LeoAllalius.(Vind.syu.
1434 1809 1501 1844 Eph.
1518 1818 1544 1844 p.
1560 1809 1705 1843 361,562),
1715 1809 1832 1836 Nazian-

1037 1865 1121 1885 zenus
1148 1857 1221 1885 dicat
1236 1877 1244 1890 ,
1259 1865 1319 1892 qua:
1336 1857 1407 1884 Patri
1433 1861 1462 1884 et
1479 1857 1547 1884 Filio
1566 1857 1669 1891 insunt,
1685 1865 1717 1884 ea
1741 1857 1834 1885 inesse

1037 1911 1145 1939 quoque
1153 1904 1261 1939 spiritui
1271 1904 1317 1940 (τὰ
1343 1903 1381 1939 τῷ
1398 1904 1486 1939 Πατρὶ
1501 1904 1549 1931 καὶ
1562 1903 1619 1940 Υἱῷ
1641 1904 1779 1940 προσόντα
1793 1904 1834 1939 τῷ

1038 1949 1180 1985 Πνεύματι
1202 1950 1326 1984 ἐνεῖναι),
1341 1950 1436 1978 ἒεείίληι
1456 1951 1578 1978 divinum
1601 1951 1676 1978 illum
1693 1951 1784 1979 virum
1798 1951 1835 1978 de

1039 1997 1187 2025 Divinitate
1204 2001 1299 2025 contra
1327 1996 1593 2024 Pueumatomacbos
1620 1998 1702 2025 verba
1731 1999 1834 2030 lacere,

1038 2042 1083 2078 qui
1097 2050 1152 2069 non
1165 2042 1198 2070 de
1207 2041 1379 2069 discernendi
1394 2042 1449 2069 vim
1466 2042 1641 2075 habentibus,
1656 2044 1704 2071 sed
1719 2043 1753 2071 de
1769 2044 1835 2078 Spi—

1040 2089 1107 2115 ritus
1117 2087 1261 2114 l)iviuitate
1273 2088 1433 2125 tractabant.
1446 2089 1478 2115 Et
1487 2088 1545 2116 inec
1555 2094 1598 2116 est
1610 2089 1834 2126 doctrinagipsius

1039 2133 1130 2169 Cyrilli
1150 2133 1296 2161 seribcutis
1310 2142 1316 2160 :
1335 2133 1440 2166 Quibus
1454 2133 1528 2161 etiim
1543 2133 1663 2169 Spiritus
1677 2138 1835 2165 communis

1041 2184 1092 2212 est,
1109 2180 1160 2207 illis
1175 2187 1286 2213 prorsus
1297 2184 1324 2206 et
1339 2188 1399 2214 quae
1414 2180 1540 2207 essentia:
1557 2186 1630 2213 sunt,
1642 2188 1767 2216 separata
1778 2192 1836 2212 non

195 2225 243 2252 0r.
258 2225 286 2252 in
305 2225 409 2253 Domiu.
422 2226 495 2255 Orat.
517 2228 588 2262 apud
604 2227 719 2255 Beccum
737 2228 769 2255 G.
790 2230 821 2254 0.
840 2228 860 2260 Ι,
877 2227 939 2261 165;
954 2228 986 2258 II.
1003 2225 1027 2254 Ι)
1040 2225 1142 2253 fuerint
1160 2226 1222 2261 (art.
1234 2225 1350 2260 praeced.
1363 2224 1429 2260 §10,
1446 2231 1509 2252 nota
1523 2225 1562 2260 6).
1574 2225 1690 2261 Cyrillus
1702 2228 1751 2261 ait,
1771 2229 1837 2263 Spi-

195 2270 327 2306 £122,525)
341 2271 387 2298 τοῦ
402 2272 466 2298 Υἱοῠ
479 2273 526 2299 καὶ
537 2272 584 2299 τοῦ
597 2273 755 2308 Πνεὺματος
769 2273 866 2306 mter;
881 2278 988 2301 utrum-

193 2325 246 2352 que
268 2325 332 2345 sane
361 2318 413 2346 dici
441 2323 547 2353 potest;
569 2319 633 2346 hinc
663 2323 689 2346 et
710 2318 848 2355 Nysscnus
873 2320 986 2356 pergit:

195 2361 270 2399 [248]
283 2363 392 2390 Κοινοῦ
405 2363 433 2390 δὲ
443 2364 519 2396 ὄντος
527 2364 566 2400 τῷ
577 2365 634 2400 Υἱῷ
647 2365 695 2392 καὶ
703 2365 741 2400 τῷ
754 2364 892 2400 Πνεύματι
905 2366 935 2393 τὸ
950 2367 988 2402 μὴ

193 2411 349 2446 ἁγεννήτως
365 2410 433 2438 εἶναι
455 2411 546 2438 κ.τ.λ.
562 2411 630 2438 Cum
642 2411 755 2446 spiratio
770 2412 858 2439 activa
873 2411 945 2438 Patri
960 2416 988 2439 et

193 2455 262 2484 Filio
282 2462 428 2492 Competat,
445 2457 548 2493 utrique
567 2458 712 2485 communis
735 2462 787 2490 est,
814 2463 909 2493 utpote
932 2465 987 2485 non

195 2503 304 2538 propria
315 2504 396 2530 unius
411 2503 498 2532 Patris
509 2511 561 2531 nec
576 2504 686 2538 propria
701 2503 783 2531 unius
801 2503 879 2537 Filii;
897 2509 988 2539 potest

194 2550 275 2576 ctiatn
292 2549 345 2576 dici
364 2551 467 2585 utrique
483 2550 601 2584 propria,
613 2554 695 2585 prout
709 2554 751 2577 est
768 2549 987 2577 incommunica-

194 2595 257 2623 bilis
267 2594 379 2630 Spiritui
389 2601 483 2623 sancto
492 2600 518 2623 ct
530 2596 648 2631 pertinet
663 2595 696 2623 ad
708 2595 775 2622 duas
786 2602 917 2630 personas
929 2594 987 2630 spi-

194 2647 287 2670 rantes
297 2643 406 2670 exclusa
423 2643 536 2677 spirata.
556 2642 663 2670 Tritum
675 2649 717 2670 est
736 2643 807 2677 apud
822 2642 985 2677 Tbeologos,

194 2697 341 2717 commune
363 2689 391 2716 in
408 2689 542 2717 Trinitate
563 2697 622 2717 esse
640 2684 813 2721 absolutum,
844 2688 985 2723 proprium

193 2743 263 2763 vero
276 2735 431 2767 relativum;
444 2736 497 2763 hoc
513 2739 593 2770 pacto
609 2735 722 2770 spiratio
738 2735 823 2762 activa
835 2755 842 2767 ,
860 2742 920 2769 quae
943 2741 986 2761 re-

195 2781 258 2808 latio
275 2785 331 2815 est,
350 2786 424 2809 recte
448 2781 548 2809 dicitur
564 2781 678 2809 duarum
704 2788 882 2816 personarum
899 2779 987 2807 Patris

195 2830 222 2851 et
249 2826 326 2858 Filii,
358 2827 477 2862 propria,
505 2827 576 2854 sicut
599 2826 709 2862 passiva
735 2826 848 2862 spiratio
877 2825 986 2861 propria

234 2891 289 2925 (57)
305 2891 366 2920 "me
381 2894 483 2925 omnia,
498 2893 567 2921 sicut
581 2898 609 2920 ct
628 2891 779 2926 sequentia,
796 2891 912 2919 Allatius
934 2891 983 2919 (ιον

199 2927 317 2961 sumpsit
336 2936 368 2954 ex
385 2928 516 2963 Gregorio
530 2927 722 2962 Trapezunlio,
738 2935 819 2961 quem
836 2927 894 2961 ipse
919 2930 984 2954 ante

1043 2272 1125 2299 ritum
1135 2279 1195 2298 esse
1204 2279 1378 2298 communem
1387 2271 1460 2298 Patri
1469 2277 1496 2298 et
1506 2271 1585 2305 Filio;
1597 2273 1635 2299 uti
1650 2273 1721 2300 cnim
1731 2273 1837 2308 Patris,

1042 2317 1079 2345 ita
1088 2317 1189 2345 dicitur
1197 2322 1223 2344 et
1230 2316 1301 2350 Filii,
1312 2325 1362 2344 nec
1370 2322 1459 2344 tamen
1467 2317 1567 2345 dicitur
1576 2318 1694 2352 Spiritus
1703 2319 1836 2354 Spiritus,

1042 2371 1077 2390 tte
1090 2364 1144 2391 duo
1155 2363 1273 2398 Spiritus
1291 2363 1474 2390 insinuentur.
1490 2364 1524 2391 Et
1539 2369 1568 2391 ut
1582 2364 1667 2399 magis
1682 2364 1708 2392 in
1724 2366 1839 2393 univcr-

1042 2417 1102 2437 sum
1112 2417 1156 2437 res
1166 2413 1357 2445 pertractetur,
1368 2409 1394 2436 in
1407 2410 1580 2437 sanctissima
1597 2410 1617 2437 Τ
1622 2411 1695 2439 riade
1705 2417 1755 2439 tres
1766 2421 1840 2440 con-

1042 2457 1196 2484 siderantur
1205 2456 1411 2490 conjunction“,
1421 2456 1484 2483 etin
1493 2457 1607 2491 singulis
1614 2458 1677 2492 quid
1687 2465 1839 2486 commune

1042 2501 1148 2529 duabus
1162 2501 1308 2536 reperitur.
1320 2500 1364 2528 Sic
1380 2509 1442 2528 cum
1458 2502 1603 2537 ingenitam
1619 2503 1726 2530 duobus
1746 2505 1840 2531 modis

1042 2548 1159 2581 dicatur,
1174 2551 1276 2574 etcum
1291 2546 1389 2582 absque
1403 2548 1532 2581 principio
1544 2552 1596 2580 est,
1612 2547 1639 2575 et
1651 2549 1769 2576 dicimus
1784 2550 1841 2576 Pa-

1042 2597 1109 2620 trem
1128 2592 1297 2627 ingenitum;
1313 2596 1410 2619 etcum
1427 2601 1476 2619 non
1490 2593 1649 2626 permodunt
1658 2595 1839 2629 generationis

1041 2638 1121 2665 veluti
1141 2637 1235 2669 Filius,
1263 2641 1290 2664 et
1313 2641 1371 2664 tum
1391 2638 1509 2672 Spiritus
1534 2637 1672 2673 ingenitus
1696 2644 1748 2666 est.
1773 2640 1840 2667 Pari

1043 2684 1148 2711 ratione
1166 2687 1195 2710 et
1210 2683 1326 2718 genitum
1340 2704 1346 2709 .
1361 2703 1367 2709 .
1379 2704 1385 2710 .
1400 2688 1428 2710 ct
1439 2683 1510 2718 quod
1525 2684 1689 2719 principium
1711 2685 1793 2712 habet
1809 2691 1844 2713 et.

1041 2729 1114 2764 quod
1129 2729 1302 2760 naturaliter,
1319 2729 1372 2756 boc
1389 2732 1432 2756 est
1451 2736 1501 2764 per
1516 2729 1628 2756 modum
1650 2730 1843 2764 processionis

1042 2774 1162 2806 exsistit;
1177 2778 1204 2801 et
1217 2774 1461 2810 oppositum:quod
1469 2774 1631 2809 principium
1643 2781 1697 2801 non
1712 2774 1793 2802 habet
1810 2779 1844 2803 et
1880 2778 1885 2782 '

1041 2829 1090 2856 per
1105 2820 1216 2847 modum
1229 2820 1411 2861 processionis
1421 2827 1475 2847 non
1493 2820 1596 2847 exsistit
1613 2819 1681 2855 (57).
1698 2820 1815 2849 Pbotius
1832 2830 1843 2850 :

1041 2889 1164 2935 ediderat
1178 2888 1225 2931 Gr:
1241 2889 1310 2935 onrth.
1328 2888 1350 2928 l_,
1373 2896 1400 2922 p.
1419 2888 1494 2935 520’:
1525 2888 1586 2935 Ἐπὶ.
1613 2889 1671 2935 τῇςι
1694 2890 1845 2935 μακαρίας

1038 2925 1152 2960 Τριάδος
1165 2925 1238 2959 τρεῖς
1247 2924 1410 2958 θεωροῦνται
1420 2924 1585 2951 συνδυασμηὶ
1594 2924 1642 2950 ναὶ
1660 2924 1702 2958 ἐφ’
1719 2924 1846 2952 ﬁnderet:
