1945 3088
142 141 195 174 489

479 144 528 174 DE
549 146 578 175 S.
599 145 696 178 SPIR.
716 147 1014 180 MYSTAGOGIA.-—
1028 151 1400 187 ANIMADVERSIONES.

1721 161 1776 194 49η

140 202 214 234 tivis,
228 209 290 236 quae
304 201 421 236 propria!
437 201 578 235 dicuntur,
593 203 713 230 secernit
736 203 762 231 id
788 204 861 239 quod
886 205 931 232 uni
946 209 970 238 Α
985 208 1118 241 municat,
1132 209 1216 237 veluti
1230 218 1285 238 non
1301 220 1361 240 esse
1376 212 1486 246 Filium.
1502 223 1554 243 non
1565 224 1625 244 esse
1642 219 1776 252 genitum,

136 249 266 276 convenit
283 255 407 283 persona:
425 252 452 275 et
468 247 504 275 ita
517 248 541 276 ei
562 253 605 276 est
619 250 767 284 proprium,
784 255 814 277 ut
828 255 854 278 et
867 259 930 286 per-

136 302 233 323 sonam
261 295 422 327 constituat,
441 298 523 329 atque
549 295 574 322 id
598 296 671 330 quod
695 296 802 324 duabus
827 305 928 325 conve-

134 341 176 369 nit
199 345 227 368 et
247 349 391 376 personam
425 341 583 377 neutiquam
613 343 858 379 constituitt67);
885 349 928 372 al-

133 395 189 422 que
207 394 362 414 consonans
381 386 524 414 Scholario
543 387 633 420 docet,
653 388 792 423 posterius
809 393 837 416 et
850 388 927 425 [256]

133 434 222 462 tribus
237 433 362 468 personis
376 441 522 461 commune
543 433 613 466 fore,
632 434 685 462 nisi
707 435 868 462 adversetur
883 443 927 463 ra-

131 481 199 508 tioni
212 480 391 516 hypostaseos
404 480 485 509 unius
497 480 552 516 (68)
564 489 571 514 ;
582 481 686 516 spirare
697 480 755 509 sive
764 481 795 508 τὺ
804 481 925 518 xpositi-

130 526 198 559 λειν,
213 526 286 554 Patri
298 526 421 562 Filioque
432 535 588 558 commune.
609 527 671 555 ideo
694 527 807 563 Spiritui
830 532 925 556 sancto

129 581 276 602 commune
293 580 354 600 esse
380 580 435 600 non
457 581 547 608 posse,
571 573 634 608 quia
661 574 759 601 rationi
778 574 875 609 spirati
895 573 924 601 id

128 624 273 655 repugnat,
289 619 353 654 quia
368 619 448 646 simul
467 619 494 646 in
505 619 600 647 eadem
616 619 724 647 actione
732 619 804 647 foret
818 620 922 655 produ-

127 673 195 693 cens
215 669 244 692 et
262 665 436 700 productum,
461 666 615 700 produccns
632 669 667 692 et-
682 674 735 693 non
747 666 921 702 [producens,

126 711 190 747 quia
216 711 257 739 sui
278 711 365 746 ipsius
381 715 446 739 tunc
459 711 537 739 ﬁeret
552 712 729 747 principium.

162 758 208 785 15.
229 757 354 785 Photiani
387 757 531 784 axiomatis
564 757 710 785 falsitatem
742 762 921 794 perspexerat

122 803 180 839 jam
197 803 243 831 diu
256 803 334 838 llugo
349 803 525 836 Etherianus,
548 803 594 838 qui
610 808 639 831 et
653 803 719 831 illud
736 809 811 832 recte
830 809 918 838 notat,

124 848 176 876 sibi
197 848 247 884 ipsi
262 849 451 876 contradicere
470 848 597 876 Photium
611 868 618 880 ,
640 848 704 875 dum
719 857 751 875 ex
768 856 821 876 una
841 853 919 884 parte

985 251 1094 280 diﬁcrre
1111 260 1126 280 a
1142 252 1227 286 Filio.
1244 260 1272 282 ct
1286 257 1337 284 alia
1362 257 1518 293 hujusmodi
1529 282 1536 292 .
1551 269 1612 296 qua:
1637 251 1691 290 non
1710 270 1776 292 sunt

983 297 1162 333 hypostaticze
1177 301 1359 336 proprietates
1372 303 1429 332 sive
1442 307 1609 340 personales.
1620 308 1668 336 Hae
1678 317 1777 337 omnes

982 345 1054 372 circa
1071 346 1253 375 substantiam
1267 350 1476 379 considerantur
1488 357 1516 380 et
1537 353 1701 390 singularem
1718 365 1773 384 non

981 396 1046 419 sunt
1070 393 1174 421 sortiue
1197 401 1362 429 personam;
1392 404 1458 432 ergo
1481 404 1546 426 sunt
1573 401 1774 436 proprietates.

980 444 1041 472 quae
1055 446 1228 475 nequaquam
1250 449 1430 476 personarum
1460 443 1619 480 imignitiure
1648 452 1773 476 sunt.....

980 482 1163 516 Quamobrem
1185 494 1239 514 non
1267 487 1340 515 idem
1365 492 1408 516 est
1432 490 1527 518 habere
1549 494 1722 527 proprietates
1744 501 1772 523 et

979 529 1012 556 ab
1026 530 1119 558 iisdem
1129 531 1268 568 insigniri;
1276 534 1368 569 plures
1377 535 1451 563 enim
1461 537 1602 572 quodlibet
1611 540 1772 569 animalium

977 577 1161 612 proprietates
1191 579 1292 612 habet,
1317 587 1332 607 a
1361 581 1435 608 nulla
1463 590 1578 618 quarum
1613 585 1772 622 insignitur.

976 621 1055 651 Patet
1065 623 1157 660 igitur,
1169 630 1200 653 ut
1210 626 1338 661 arbitror,
1349 628 1455 656 nullum
1470 621 1767 670 inconveniensisequi.

976 671 999 697 si
1014 670 1095 698 Pater
1110 676 1138 699 ct
1151 679 1211 707 quae
1223 680 1285 700 cum
1310 681 1343 702 eo
1360 675 1421 703 duae
1436 683 1561 711 personae
1580 683 1655 712 sunt,
1672 680 1770 716 hujus—

976 717 1049 744 modi
1060 718 1201 752 possident
1212 719 1404 755 proprietates,
1416 730 1477 750 cum
1492 723 1623 753 differens
1636 726 1771 756 habitudo

975 764 1203 798 compositionem
1230 773 1286 792 non
1307 766 1434 795 adducat.
1451 777 1460 794 ι
1483 769 1550 797 item
1571 776 1666 799 contra
1684 772 1766 800 Nico-

974 809 1141 838 mediensem
1167 811 1318 839 antistitem
1343 820 1377 840 ex
1394 815 1453 849 pari
1477 816 1583 844 ratione
1605 824 1766 853 arguentem

973 855 1129 891 Theologus
1157 861 1252 884 noster
1269 857 1298 893 (1.
1317 866 1336 890 ι,
1354 866 1378 886 c.
1398 860 1446 891 15,
1460 861 1766 898 p.1207)ohservarat,

125 895 168 931 (ut
182 903 244 930 cap.
258 894 285 930 3)
303 894 438 930 agnoscit,
455 901 600 921 commune
613 901 674 921 esse
687 893 756 921 Filio
768 899 796 921 et
807 893 919 929 Spiritui
934 898 959 928 B
972 908 1120 930 commune
1134 910 1196 931 esse
1212 903 1287 931 Patri
1299 909 1327 932 et
1341 904 1410 933 Filio
1421 927 1428 939 ,
1443 893 1478 934 ex
1492 893 1584 943 aliquo
1597 916 1651 936 non
1667 893 1765 945 proee:

123 949 158 969 ex
172 940 252 969 Patre
266 949 337 974 esse,
352 949 384 968 ex
399 941 485 968 altera
502 949 569 969 vero
586 940 628 977 (ut
649 948 709 975 cap.
724 941 751 976 6)
768 941 918 975 contendit,

121 995 184 1022 quae
211 987 317 1014 duabus
345 987 471 1022 personis
495 987 653 1014 communia
676 991 751 1020 sunt,
779 992 808 1015 et
829 987 918 1016 tertia:

121 1034 280 1062 convenire.
306 1033 352 1061 Ait
383 1034 457 1061 enim
483 1033 650 1062 Etherianus
680 1034 720 1070 (l.
751 1041 788 1066 II,
813 1042 838 1062 c.
863 1034 916 1067 18,

119 1080 230 1115 p.123?
242 1079 275 1116 H)
289 1089 295 1107 :
312 1089 322 1106 ι
333 1081 368 1107 At
383 1087 449 1107 vero
466 1087 528 1107 cum
541 1088 718 1116 quascunque
733 1081 917 1115 proprietates

119 1126 223 1154 habent
234 1126 298 1158 duo,
315 1131 344 1153 et
359 1126 467 1157 tertius.
483 1131 514 1153 ut
531 1131 605 1154 retro
619 1131 801 1155 monstratum
815 1131 858 1154 est
872 1129 915 1163 (ex

119 1175 214 1199 mente
229 1172 344 1206 Photii).
365 1171 511 1206 Propterea
529 1171 583 1199 hoc
601 1172 672 1200 idem
698 1172 765 1200 dicit
779 1174 912 1209 sophista,

117 1216 228 1245 sibimet
243 1217 366 1244 Invenire
377 1217 542 1250 contrarius,
556 1225 618 1245 cum
630 1218 702 1245 dicat
715 1219 784 1254 (cap.
798 1219 832 1247 53
841 1219 912 1256 ﬁn.),

116 1262 238 1298 Spiritus
252 1267 280 1290 et
291 1262 351 1290 Filii
367 1270 514 1290 commune
524 1271 595 1295 esse,
610 1272 664 1292 una
678 1272 711 1292 ex
731 1273 812 1293 causa
825 1270 853 1293 et
869 1267 913 1294 in-

115 1309 246 1337 divisibili
265 1309 366 1336 habere
381 1316 568 1345 progressum.
585 1309 661 1344 Quod
687 1311 781 1346 utique
807 1320 912 1347 nequa-

115 1363 199 1391 quam
228 1356 302 1384 Patri
331 1364 442 1384 causam
469 1365 526 1384 non
552 1357 664 1386 habenti
686 1358 825 1386 convenit.
857 1358 910 1387 Sed

113 1409 204 1436 neque
219 1400 374 1437 Theologus
384 1401 532 1438 Gregorius
543 1403 680 1430 consentit
691 1402 755 1430 huic
767 1403 910 1430 sententiae

114 1448 143 1476 in
160 1448 278 1483 quodatn
303 1456 430 1476 sermone
453 1449 488 1476 ad
511 1449 620 1476 lronam
637 1449 796 1484 (Heronem)
820 1450 910 1485 philo-

113 1493 242 1529 sophum.
258 1494 422 1526 Commune,
437 1493 537 1528 inquit.
553 1493 627 1521 Patri
650 1493 761 1528 quidem
787 1498 815 1521 et
829 1493 909 1527 IFilio

113 1545 142 1569 et
157 1540 271 1576 Spiritui
291 1545 387 1568 sancto
406 1547 461 1567 non
481 1539 559 1572 ﬁeri.
585 1539 676 1568 Deitas
697 1548 823 1576 quoque;
837 1539 909 1568 Filio

969 947 1047 982 dere,
1067 957 1123 977 non
1149 957 1211 978 esse
1238 949 1369 986 Spiritum
1391 953 1527 989 alicujus.
1553 963 1606 983 nec
1630 955 1764 992 Spiritum

969 999 1094 1022 sanctum
1125 1003 1197 1030 esse,
1227 996 1329 1025 habere
1355 998 1545 1028 habitudinem
1574 1002 1609 1029 ad
1631 1002 1762 1036 invicem,

968 1041 1156 1070 characterem
1182 1043 1283 1071 habere
1310 1044 1344 1072 ad
1367 1045 1485 1073 invicem
1516 1054 1547 1074 se
1577 1048 1759 1083 respiciendi,

967 1093 995 1116 et
1019 1097 1128 1116 rursum
1153 1090 1296 1125 aequaliter
1326 1092 1477 1120 secundum
1511 1093 1699 1122 habitudinem
1725 1096 1760 1123 ad

965 1134 1095 1164 invicem.
1114 1140 1168 1163 etc.

1001 1180 1044 1207 16.
1060 1180 1149 1207 Amne
1159 1180 1203 1208 his
1217 1181 1358 1216 principiis
1372 1187 1414 1210 est
1430 1183 1497 1211 illud
1514 1185 1617 1218 pariter
1630 1193 1646 1213 a
1672 1186 1760 1215 Becco

964 1225 1046 1261 (orat.
1057 1225 1084 1258 2,
1105 1226 1180 1263 [258]
1199 1227 1233 1254 de
1248 1227 1349 1261 iniusta
1363 1229 1457 1264 depos.
1470 1237 1494 1257 c.
1508 1231 1544 1258 24
1560 1236 1590 1260 et
1607 1232 1636 1260 in
1650 1232 1755 1262 Camat.

962 1272 1055 1299 Anim.
1070 1271 1102 1300 G.
1130 1272 1163 1301 0.
1187 1273 1222 1306 ll,
1252 1273 1297 1306 75,
1312 1274 1376 1309 291)
1401 1276 1572 1312 castigatum,
1599 1278 1727 1307 videlicet
1748 1289 1756 1307 ξ

962 1316 1045 1345 Omne
1059 1318 1128 1353 quod
1150 1319 1182 1345 de
1205 1319 1301 1347 diuinis
1318 1322 1434 1355 personis
1461 1322 1568 1354 dicitur,
1597 1328 1644 1350 aut
1665 1333 1755 1358 persa-

962 1362 1022 1389 nale
1048 1367 1085 1390 eu
1099 1368 1147 1391 aut
1165 1364 1289 1392 naturale
1315 1365 1380 1401 (πᾶν
1400 1366 1431 1392 τὸ
1461 1367 1508 1393 ἐπὶ
1518 1367 1573 1394 τῶν
1600 1369 1756 1405 θεαρχικῶν

960 1408 1107 1445 λεγόμενον
1137 1411 1313 1439 ὑποστάσεων
1326 1433 1333 1446 ,
1355 1412 1371 1449 ἢ
1387 1413 1569 1442 ὑποστατικόν
1586 1415 1643 1443 ἐστι
1659 1417 1677 1452 ἢ
1701 1427 1754 1452 (po-

960 1456 1061 1491 σικόν),
1074 1456 1146 1489 quod
1161 1458 1314 1493 praesertim
1325 1458 1452 1487 Nicolaus
1471 1459 1659 1490 Methononsis
1675 1469 1755 1500 urget

960 1502 997 1533 (c.
1015 1502 1042 1529 9.
1054 1502 1087 1530 ad
1104 1511 1165 1538 cap.
1176 1504 1210 1532 56
1224 1503 1314 1532 Photii
1326 1509 1389 1532 nota
1403 1505 1441 1541 5).
1452 1515 1462 1532 ‹
1477 1505 1534 1534 lloc
1546 1514 1729 1544 assumptum,
1740 1520 1750 1536 ι

958 1548 997 1576 ait
1012 1547 1115 1577 Beccus
1131 1550 1161 1586 (l.
1185 1559 1211 1579 c.
1227 1559 1254 1586 p.
1271 1551 1316 1584 75,
1340 1551 1396 1587 76),
1425 1561 1434 1578 α
1467 1555 1649 1583 communiter
1667 1557 1752 1585 multa

110 1591 204 1614 autem
219 1591 248 1614 et
263 1591 359 1615 saneto
373 1586 488 1622 Spiritui
506 1594 567 1615 esse
579 1594 612 1615 ex
625 1587 716 1615 Patre.
733 1587 903 1638 Secundum,
918 1577 940 1606 ε
956 1593 1068 1622 patrum
1084 1577 1156 1623 ἀίοίε
1170 1577 1336 1631 οοηξοιιιιιίι,
1351 1577 1450 1633 quibus
1464 1600 1646 1635 proprietates
1664 1602 1751 1638 11)*ρο-

110 1633 341 1668 quemadmodum
351 1633 470 1669 Spiritus
478 1641 513 1661 ex
522 1633 600 1661 Patre
609 1633 731 1669 Filioque
740 1634 903 1670 progressio,

108 1679 264 1717 proprietas
286 1685 348 1712 est,
364 1687 416 1708 nec
437 1681 491 1708 ulla
514 1680 587 1716 cogit
608 1680 696 1713 ratio.
721 1681 804 1708 trium
822 1688 902 1714 esse,

109 1726 174 1762 quia
199 1726 316 1754 duorum
343 1731 386 1754 est
409 1727 574 1763 proprietas.
594 1737 604 1754 ι
631 1727 670 1754 De
688 1727 739 1755 hac
761 1728 819 1762 ipsa
844 1735 902 1754 ma-

109 1772 178 1802 teria
202 1773 276 1810 [257]
302 1773 375 1801 idem
407 1777 503 1801 auctor
529 1773 585 1809 iam
616 1778 698 1801 antea
733 1774 903 1802 disseruerat

108 1822 141 1857 (l.
156 1830 177 1854 ι,
195 1829 221 1849 c.
240 1821 285 1855 η,
302 1828 331 1856 p.
354 1819 436 1852 1205,
454 1818 540 1853 1206;
564 1827 590 1847 c.
607 1819 651 1851 16,
675 1828 704 1855 p.
727 1819 813 1852 1210;
836 1820 854 1847 l.
869 1828 900 1852 ιι,

107 1875 169 1903 cap.
189 1868 216 1900 5,
234 1875 262 1902 p.
279 1866 371 1902 1217).
386 1865 420 1893 Et
431 1865 458 1893 in
474 1865 557 1901 priori
578 1869 653 1893 textu
668 1865 706 1901 (p.
723 1865 794 1894 1205
810 1868 899 1901 seq.):

108 1924 120 1941 ι
135 1914 215 1948 Quod
236 1913 290 1941 erit
310 1912 519 1944 inconveniens,
533 1911 632 1946 inquit,
642 1911 767 1947 personis
787 1920 901 1947 prorsus

105 1960 325 1997 inseparabiliter
351 1958 607 1991 commanentibus,
633 1958 831 1994 proprietatum
849 1958 899 1986 ali-

105 2015 186 2043 quam
208 2006 268 2034 Filii
287 2005 412 2033 Patrisve
433 2011 608 2032 communem
628 2004 710 2032 esse?
726 2003 786 2031 Non
808 2004 899 2031 omnis

104 2053 262 2089 proprietas
275 2059 422 2088 personam
444 2050 633 2082 describit..,..
649 2049 818 2085 Proprietas,
837 2057 898 2084 qure

103 2107 187 2127 causa
210 2101 385 2133 nuncupatur
407 2097 465 2124 sive
486 2096 662 2131 principium,
686 2096 804 2131 alicujus
832 2103 897 2131 per-

103 2153 179 2173 sonae
192 2144 305 2172 minime
319 2143 473 2178 insignitiva
486 2147 540 2175 est.
555 2142 626 2170 sicut
640 2145 669 2170 et
683 2142 807 2177 quaedam
823 2141 896 2175 aliae,

102 2196 134 2218 ut
151 2191 313 2227 ingenitum,
328 2190 387 2217 sine
401 2197 483 2217 causa
496 2196 568 2222 esse,
585 2189 644 2216 sine
666 2189 800 2224 principio
823 2196 893 2222 csse,

955 1641 1059 1669 slaticae
1093 1643 1253 1670 naturaliter
1276 1643 1421 1679 (φυσικῶς)
1450 1645 1597 1681 unicuique
1625 1654 1750 1682 personas

955 1686 1044 1714 inesse
1059 1687 1290 1716 demonstrantur.
1311 1689 1405 1724 Neque
1422 1690 1494 1718 enim
1510 1692 1582 1726 quod
1599 1693 1663 1721 talis
1682 1702 1748 1729 pro-

953 1733 1056 1768 prietas
1070 1733 1238 1769 hypostatica
1253 1740 1296 1763 est
1315 1734 1388 1763 Patri
1409 1735 1537 1765 autFilio
1559 1743 1607 1766 aut
1633 1738 1746 1774 Spiritui

953 1785 1060 1813 sancto,
1076 1785 1220 1816 propterea
1244 1782 1375 1809 naturalis
1406 1790 1461 1810 non
1490 1788 1546 1817 est;
1560 1789 1657 1813 natura
1672 1787 1747 1817 enim

952 1829 980 1852 et
995 1833 1050 1852 non
1071 1827 1208 1861 positione
1231 1827 1324 1862 (φύσει
1337 1829 1403 1863 γὰρ,
1418 1830 1466 1856 καὶ
1483 1830 1543 1866 οὐχὶ
1558 1831 1642 1867 θέσει)
1665 1832 1747 1861 Pater

951 1870 1033 1899 Pater
1047 1877 1100 1904 est,
1117 1880 1178 1908 qua:
1194 1877 1237 1900 est
1252 1881 1363 1902 suarum
1377 1875 1574 1911 proprietatum
1589 1878 1693 1913 prima;
1717 1885 1747 1907 et

951 1923 1049 1946 natura
1059 1923 1102 1946 est
1116 1919 1202 1947 Filius
1215 1919 1312 1954 Filius,
1328 1926 1356 1948 et
1376 1929 1432 1950 non
1452 1923 1599 1958 positione,
1614 1933 1675 1960 quae
1702 1932 1746 1956 est

951 1972 1064 1992 suarum
1079 1965 1278 2000 proprietatum
1284 1967 1442 2002 potissima;
1455 1973 1483 1996 et
1495 1968 1615 2005 Spiritus
1628 1978 1745 2003 sanctus

950 2011 1111 2039 naturaliter
1122 2019 1156 2039 ex
1170 2011 1250 2040 Patre
1263 2013 1394 2048 procedit,
1413 2018 1441 2042 et
1449 2016 1606 2050 processiva
1621 2019 1648 2054 (ή
1661 2020 1744 2047 ἐκπο-

949 2058 1142 2092 ρευτικήμιιαε
1162 2058 1313 2094 hypostasis
1331 2060 1482 2096 proprietas
1509 2064 1670 2092 naturaliter
1691 2066 1742 2094 soli

948 2102 1022 2131 illius
1035 2103 1173 2139 hypostasi
1182 2105 1265 2132 inest.
1277 2104 1425 2141 Propterea
1439 2107 1585 2136 dicendum
1593 2117 1648 2138 non
1657 2116 1717 2139 erat
1732 2122 1739 2139 :

947 2147 1084 2184 Quidquid
1110 2149 1145 2177 de
1173 2149 1274 2178 divinis
1297 2151 1396 2179 dicitur
1422 2152 1624 2188 hypostasibus,
1635 2161 1682 2184 aut
1698 2163 1748 2185 est.

947 2194 1147 2231 hypostaticum
1159 2197 1217 2224 sive
1227 2197 1367 2232 proprium
1381 2201 1572 2228 autnaturale.
1587 2201 1741 2231 Commune

101 2236 239 2266 eminere,
256 2235 316 2262 sine
330 2234 408 2262 Patre
424 2242 496 2266 esse,
525 2242 582 2262 non
604 2243 665 2263 esse
685 2235 816 2283 Spiritum
830 2243 894 2263 san-
906 2246 934 2277 D
947 2242 1020 2270 enim
1035 2246 1043 2277 (
1059 2242 1158 2277 κοινόν)
1174 2243 1360 2279 hypostaticis,
1377 2252 1431 2272 non
1444 2247 1567 2275 naturale
1580 2249 1737 2283 opponitur.

100 2284 193 2311 ctum,
225 2287 280 2307 non
314 2286 375 2306 esse
401 2279 595 2314 processibile,
621 2279 722 2307 habere
758 2279 890 2315 Spiritum

99 2330 237 2356 sanctum,
262 2324 371 2352 mittere
400 2323 532 2359 Spiritum
559 2329 694 2352 sanctum.
721 2325 812 2358 Quare
831 2326 890 2361 ple-

99 2379 184 2407 raque
196 2371 263 2400 Filio
281 2371 361 2399 Pater
384 2370 587 2404 communicat;
608 2371 736 2399 similiter
757 2372 889 2407 quasdam

99 2418 183 2446 habet
203 2417 384 2453 proprietates
405 2421 434 2444 et
447 2416 555 2449 .Filius,
571 2425 632 2452 qua:
653 2417 817 2453 insignitivae
833 2426 888 2445 non

97 2468 174 2492 sunt.
201 2463 290 2496 Quare
315 2463 446 2498 quasdam
475 2463 594 2498 Spiritui
627 2464 827 2497 communicat,
858 2468 889 2491 ut

96 2509 269 2538 causativum
289 2509 447 2545 (αἰτιατόν),
471 2517 527 2537 non
548 2517 609 2538 esse
637 2511 805 2545 anarchum,
832 2520 887 2539 non

95 2564 159 2585 esse
183 2556 303 2589 Patrem,
331 2560 359 2583 et
384 2556 437 2584 alia
459 2557 502 2584 his
527 2557 635 2584 similia.
658 2557 738 2585 Juxta
759 2559 886 2587 eumdem

95 2603 209 2632 modum
225 2607 253 2630 et
273 2601 392 2638 Spiritus
404 2603 509 2639 aliquas
525 2604 617 2636 habet,
635 2612 703 2640 quas
717 2604 797 2633 Pater
811 2614 886 2633 com-

134 2679 187 2714 (67)
202 2678 277 2716 Ibid._
287 2677 307 2705 f.
334 2677 386 2705 227
401 2678 419 2706 Ι)
433 2679 517 2716 εμτῶν
538 2680 569 2716 ρὲ
591 2680 667 2707 θέσιν
698 2682 885 2716 σημαινόντων

111 2713 298 2751 προσωπᾳῷν
305 2714 516 2751 γνωρισμάτων)
524 2713 594 2742 εἶναι
604 2717 655 2750 μὲν
662 2716 676 2743 ὅ
685 2713 786 2744 ἑνίιὶινι
797 2726 884 2751 προσ-

92 2749 162 2785 tam.
178 2749 323 2784 συμϐαίνει
338 2750 386 2776 καὶ
395 2750 478 2776 αὑτοῦ
493 2751 567 2777 ἐστιν
585 2749 660 2785 ἴδιον,
672 2752 744 2779 οὕτω
762 2761 792 2779 τε
806 2749 882 2785 ἴδιον.

92 2785 132 2814 ὡς
148 2785 196 2812 καὶ
206 2785 402 2814 «smmum
418 2785 576 2814 ὑφιστάνειν
587 2794 594 2802 ν
610 2786 649 2814 ὡς
665 2787 814 2814 πατοὸτῇς.
826 2789 883 2814 uid-

92 2785 132 2816 ὡς
148 2785 196 2812 καὶ
206 2785 402 2820 τὸοπρόσωπον
418 2785 576 2819 ὑφιστάνειν
587 2794 594 2802 ν
610 2786 649 2818 ὡς
665 2787 814 2823 πατρὸτης,
826 2789 882 2816 υἱό-

91 2820 342 2859 ιξης,ὲκτεόρευσιςς
358 2819 429 2859 εἶναι
441 2821 489 2859 δίὸ
502 2821 642 2859 καὶηρυσὶν
652 2823 772 2859 ἁρμόζει
796 2832 882 2859 προσ-

91 2854 188 2893 timete,
204 2854 302 2893 euge
312 2856 342 2893 τρ
358 2856 530 2893 ἐιςπορςρειν,
548 2857 613 2884 ἴδιον
629 2854 681 2893 μὲν
691 2854 748 2884 ἐοῖν
758 2854 829 2886 δυοῖν
840 2859 880 2891 ὃν,

946 2287 1033 2315 Simul
1049 2288 1122 2316 enim
1134 2293 1161 2316 et
1172 2291 1328 2317 communia
1347 2294 1375 2318 et
1392 2291 1560 2327 hypostatica
1577 2287 1738 2323 naturaliter

944 2333 1045 2361 divinis
1057 2333 1249 2369 hypostasibus
1265 2335 1370 2369 insunt,
1385 2340 1413 2363 et
1430 2337 1499 2364 nihil
1510 2338 1584 2372 quod
1605 2345 1646 2368 est
1661 2342 1737 2376 posi-

945 2380 1019 2407 tione
1035 2384 1062 2407 et
1088 2384 1247 2408 extraneum
1264 2386 1292 2409 et
1316 2382 1466 2410 secundum
1485 2384 1613 2412 accidens
1639 2386 1736 2421 (μηδὲν

943 2426 996 2453 τῶν
1008 2425 1082 2452 Θέσει
1097 2426 1144 2453 καὶ
1155 2425 1255 2458 ἔξωθεν
1266 2426 1314 2454 καὶ
1333 2427 1404 2454 κατὰ
1417 2429 1447 2455 τὸ
1461 2429 1634 2465 συμϐεϐηκὸς
1645 2431 1734 2468 ὑπαρ-

942 2471 1055 2508 χόντων)
1070 2472 1160 2500 locum
1173 2472 1199 2500 in
1217 2473 1270 2500 illis
1289 2473 1381 2501 habet.
1401 2483 1410 2500 ι
1427 2474 1486 2502 Non
1512 2475 1592 2503 aliter
1610 2482 1735 2506 statuunt

942 2519 1138 2546 Constantinus
1151 2519 1316 2547 Meliteniola
1326 2521 1441 2555 (orat.2,
1450 2522 1483 2549 de
1490 2530 1562 2556 proc.
1578 2523 1626 2559 Sp.
1634 2526 1733 2558 sancti,

941 2572 966 2592 c.
984 2564 1077 2599 59;G.
1091 2564 1122 2593 Ο.
1137 2565 1169 2597 ll,
1184 2565 1246 2599 899,
1261 2566 1324 2601 900)
1338 2567 1440 2602 quique
1454 2576 1516 2596 eum
1532 2577 1625 2605 presse
1639 2572 1732 2606 sequi-

941 2616 985 2638 tur
997 2610 1052 2638 Leo
1064 2610 1179 2639 Allatius
1189 2611 1301 2647 (Vindic.
1317 2621 1374 2647 ayn.
1387 2613 1484 2648 Epltes.
1495 2623 1522 2650 p.
1536 2615 1586 2644 561
1601 2624 1609 2649 ;
1621 2616 1730 2646 Eua/tit.

939 2685 1271 2721 πρόξωπονύφνιστάνειν.

974 2720 1030 2759 (_68)
1043 2720 1153 2759 lbidaf.
1250 2729 1277 2759 a._
1308 2721 1376 2759 Περὶ
1391 2721 1420 2748 δὲ
1435 2721 1482 2749 τοῦ
1502 2724 1550 2751 τοῦ
1565 2724 1636 2759 προδ

939 2755 1096 2795 ῑδιῴματοςι
1110 2755 1147 2795 ὡς
1163 2757 1188 2783 sl.
1203 2758 1240 2792 μὴ
1255 2757 1285 2795 τὸ
1306 2755 1455 2795 Ξτρξσῳπον
1469 2755 1593 2795 cunae;-
1608 2759 1655 2786 τοῦ
1671 2760 1732 2787 Πα-

936 2791 1115 2839 τρὺςηκοίνιδν
1132 2791 1209 2839 ἕσται
1285 2792 1324 2828 τῷ
1333 2791 1395 2839 ﬁt?
1405 2802 1412 2809 -
1428 2793 1498 2839 Ξτλῂν
1510 2791 1630 2839 regem:
1642 2802 1729 2839 προε-

936 2826 1050 2872 gummi»;
1065 2827 1205 2872 {ﬁtgtﬁ'r'wv
1215 2827 1301 2856 τᾶλλα
1311 2826 1392 2872 statvi}
1403 2826 1573 2872 «detegam
1582 2837 1589 2844 '
1608 2826 1674 2872 ῷεῖτ.ὶ
1692 2828 1730 2872 ἦν

936 2862 970 2902 ᾷν
981 2861 1029 2902 θεαὶ
1044 2861 1083 2902 τῷ
1101 2862 1244 2902 ῌνεὺμαςι-
1255 2864 1344 2890 κοινὸν
1358 2864 1390 2891 τὸ
1406 2863 1580 2901 προϐάλλειν,
1597 2867 1621 2892 εὶ
1639 2866 1676 2902 μὴ
1689 2861 1730 2902 τζι

1638 2725 1732 2752 άλλιιν

93 2891 199 2925 [ἰατρὸς
212 2892 259 2918 καὶ
272 2890 349 2923 Tini,
366 2891 415 2927 οὐχ
431 2890 511 2919 ⁷οὓτω
528 2892 620 2927 μέντοι
630 2890 720 2928 Ἓδιον,
735 2893 806 2923 ὥστε
833 2890 880 2922 καὶ
897 2917 917 2926 ..
935 2897 1041 2925 ἐκείνου
1051 2890 1201 2925 thema:
1215 2898 1298 2935 λόγῳ.

251 2937 388 2970 Panic-1..
410 2939 467 2969 Gn.
491 2938 555 2970 CII.

1550 2948 1587 2979 16
