1945 3088
131 157 184 190 493

468 159 517 190 DE
538 160 569 190 S.
591 160 688 190 SPIR.
709 159 960 193 MYSTAGOGIA.
974 176 1008 182 -
1024 161 1398 194 ANIMADVERSIONES.

1710 163 1762 196 494

133 222 165 242 ex
193 222 241 242 sua
257 222 338 243 causa
365 214 526 243 inexhausta
552 221 580 243 et
595 216 730 244 inﬁnibili.
748 226 757 243 ι
778 217 812 245 Et
839 217 921 252 paulo
935 221 957 248 Α
973 221 1062 244 tamen
1080 217 1134 245 dici
1151 223 1276 253 respectu
1289 218 1348 245 Filii
1361 217 1440 246 simul
1454 225 1516 246 cum
1537 218 1615 246 Patre
1632 214 1762 254 spirantis

132 266 193 296 post
207 271 213 288 :
239 271 249 288 ‹
267 261 370 290 Similis
381 267 423 289 cst
437 261 506 289 Filio
519 262 650 299 Spiritus,
668 263 738 290 sicut
749 263 858 298 quidem
885 269 922 292 ex

132 314 213 334 causa
227 311 254 334 et
268 315 317 336 suo
329 307 483 334 immediate
503 309 645 343 principio,
661 308 703 335 cui
721 313 750 335 ut
764 309 920 337 immediate

132 353 324 385 communicat,
347 353 386 380 sic
399 353 432 380 ab
456 353 515 388 ipso
530 354 627 389 absque
639 354 724 381 medio
745 355 872 389 provenit
893 360 920 382 et

131 406 181 434 per
207 399 295 434 ipsum
311 399 383 426 Patri
399 399 585 435 conjungitur.
607 410 617 426 ι
634 399 703 427 Cum
717 400 807 435 itaque
833 400 919 428 Grieci

132 445 257 473 doctores
281 446 379 473 Filium
403 453 532 482 expresse
548 446 635 474 solum
653 447 764 482 ἁμέσιιγς
784 454 817 474 ex
841 446 920 474 Patre

131 499 192 519 esse
216 492 317 525 dicant,
349 493 480 528 Spiritum
496 499 561 520 vero
577 501 631 520 non
653 493 727 530 [262]
755 493 831 526 item,
857 502 936 521 cum!

129 539 174 566 διὰ
193 539 238 566 τοῦ
250 538 316 565 Υῑοῠ
329 547 361 566 ex
375 539 455 567 Patre
467 540 615 575 procedere
626 539 756 575 Spiritum
772 541 840 567 miro
853 548 920 567 con-

129 592 212 613 sensu
232 590 421 620 propugnent;
437 591 498 613 cum
521 590 652 621 praeterea
669 586 810 614 doctorum
837 585 919 621 aliqui

127 631 306 666 qumstionem
322 631 395 659 illam
405 631 621 665 celeberrimam,
638 640 686 659 cur
699 631 818 667 Spiritus
833 633 918 660 sancti

127 678 240 713 spiratio
254 686 308 705 non
324 678 359 706 sit
373 678 514 714 generatio
528 683 555 705 et
568 687 684 713 quanam
700 680 803 706 rati0ne
818 680 874 706 haec
885 679 920 706 ai)

127 724 173 751 ilia
185 724 291 751 ditTerat
302 724 346 758 (de
364 732 415 759 qua
431 725 618 752 consulendus
633 725 771 756 Petavius,
787 725 827 752 De
847 724 918 752 Trin.

126 777 176 802 vn,
190 777 216 797 c.
230 769 283 805 14),
306 769 406 796 exinde
422 769 543 802 solvant,
559 770 631 804 quod
656 769 773 804 Spiritus
798 775 916 802 sanctus,

126 822 181 842 non
209 815 366 842 immediate
382 823 396 842 a
414 815 494 842 Patre
511 815 556 848 sit,
574 815 804 850 quemadmodum
834 815 918 843 Filius

125 861 174 895 (cf.
190 861 286 888 Petav.
298 861 316 888 i.
330 869 356 889 e.
376 868 400 888 e.
419 861 462 893 l5.
475 869 504 888 n.
520 860 563 896 11)
583 861 654 889 sicut
666 861 710 888 alii
721 870 754 889 ex
768 862 829 894 hoc,
845 862 917 897 quod

124 915 158 936 ex
189 913 305 944 utroque
331 909 459 944 procedat
475 909 524 944 (ib.
553 917 581 936 n.
599 909 649 944 9):
673 909 728 945 jam
754 910 818 937 satis
842 914 916 945 patet

125 963 173 983 eos
189 964 204 983 a
217 955 349 983 Photiana
363 956 485 984 doctrina
501 956 571 984 hattd
587 964 683 991 parum
699 957 862 992 discrepare,
885 961 916 985 ut

124 1001 239 1029 Aliatius
251 1001 345 1034 (ΕητΙι.
364 1009 389 1030 c.
404 1002 430 1033 6,
449 1010 476 1036 p.
491 1001 526 1029 '50
540 1001 612 1037 seq.)
627 1010 691 1029 cum
706 1002 813 1030 caeteris
826 1008 914 1039 urget.

161 1046 205 1075 18.
224 1047 351 1075 Attamen
366 1047 393 1074 id
405 1047 562 1075 difﬁcultate
572 1055 627 1075 non
641 1052 715 1075 caret
730 1057 737 1081 ;
750 1048 824 1075 unde
835 1048 861 1076 id
886 1048 914 1076 in

124 1094 218 1129 primis
230 1094 422 1128 indagandum,
436 1101 554 1128 quonam
565 1098 644 1128 pacto
655 1094 690 1121 sit
698 1094 913 1130 intelligendum,

123 1139 255 1175 Spiritum
285 1145 408 1166 sanetuut
432 1139 546 1166 mediate
567 1147 582 1166 a
601 1139 681 1166 Patre
696 1140 852 1173 procedere.
883 1138 913 1166 S.

122 1185 244 1214 Thomas
259 1185 346 1222 (Sum.
361 1194 388 1221 p.
403 1186 429 1219 l,
445 1194 472 1220 q.
488 1186 532 1218 36,
548 1193 573 1212 a.
586 1185 610 1221 1)
624 1186 694 1213 hanc
706 1186 795 1221 primo
804 1186 864 1213 loco
878 1186 914 1213 si-

123 1231 345 1267 biobiectionem
368 1231 496 1267 proponit
513 1240 520 1258 :
540 1240 550 1257 ι
567 1231 645 1263 Quod
671 1232 795 1267 procedit
807 1232 841 1259 ab
863 1232 913 1259 aii-

123 1286 177 1314 quo
203 1285 252 1313 per
268 1278 395 1313 aliquem,
411 1286 465 1305 non
484 1278 607 1313 procedit
633 1278 667 1306 ab
693 1285 727 1305 eo
745 1278 911 1306 immediate.

123 1324 152 1351 Si
175 1324 256 1359 igitur
271 1323 388 1358 Spiritus
411 1328 521 1351 sanctus
538 1323 660 1358 procedit
681 1331 696 1350 a
709 1323 788 1351 Patre
802 1332 848 1358 per
866 1324 912 1351 Fi-

123 1370 201 1402 lium,
213 1378 264 1396 non
284 1369 400 1404 procedit
414 1378 430 1396 α
447 1369 529 1396 Patre
539 1369 702 1401 immediate,
714 1369 787 1404 quod
806 1370 913 1397 videtur

123 1415 332 1443 inconveniens.
354 1424 363 1440 ι
386 1415 435 1442 Cui
461 1415 497 1442 ita
517 1415 575 1450 ipse
593 1415 747 1443 satisfecit:
770 1426 779 1442 ι
797 1416 828 1443 ln
843 1424 912 1451 qua-

123 1461 190 1489 libet
199 1463 306 1488 actione
328 1465 370 1488 est
383 1461 438 1488 duo
453 1462 638 1495 considerare,
661 1463 720 1490 scil.
741 1464 911 1498 suppositum

122 1516 206 1544 agens
221 1511 248 1536 et
264 1509 404 1538 virtutem,
419 1515 471 1542 qua
483 1508 548 1542 agit,
561 1508 632 1535 sicut
647 1509 716 1544 ignis
731 1509 854 1537 calefacit
867 1517 912 1537 ca-

122 1554 191 1581 lore.
206 1553 233 1580 Si
254 1553 335 1589 igitur
351 1553 377 1580 in
395 1553 474 1581 Patre
488 1558 516 1580 et
528 1554 597 1581 Filio
613 1555 803 1582 consideratur
817 1556 910 1588 virtus,
924 1567 945 1598 ρ

122 1607 174 1634 qua
187 1600 289 1632 spirant
307 1598 438 1634 Spiritum
450 1603 585 1631 sanctum,
595 1607 650 1626 non
660 1600 733 1627 cadit
744 1600 780 1627 ibi
803 1600 911 1635 aliquod

122 1645 254 1677 medium,
265 1645 328 1679 quia
342 1645 401 1672 inec
417 1645 506 1672 virtus
521 1649 563 1672 est
577 1653 630 1672 una
643 1649 670 1672 et
680 1646 785 1673 eadem.
802 1646 829 1673 Si
845 1654 911 1673 con-

122 1691 278 1718 siderantur
301 1695 392 1718 autem
416 1690 482 1726 ipsa:
497 1699 615 1725 pet-sonte
629 1692 771 1726 spirantes,
791 1693 831 1720 sic
848 1701 910 1720 cum

123 1737 243 1772 Spiritus
253 1740 364 1763 sanctus
379 1737 552 1763 communiter
565 1738 695 1771 procedat
708 1746 722 1764 a
737 1738 815 1765 Patre
828 1743 856 1766 et
868 1739 912 1766 Fi-

122 1783 169 1816 lio,
199 1783 339 1810 invenitur
353 1782 472 1817 Spiritus
488 1788 600 1810 sanctus
625 1783 775 1811 immediate
794 1792 809 1811 a
830 1785 911 1812 Patre

121 1828 281 1864 procedere,
312 1828 341 1854 in
366 1832 498 1862 quantum
513 1832 555 1854 est
575 1827 610 1854 ab
624 1835 666 1861 eo,
683 1833 711 1855 et
735 1829 857 1862 mediate,
882 1830 910 1856 in

120 1877 253 1909 quantum
268 1877 308 1900 est
323 1880 338 1899 a
354 1872 441 1906 Filio;
458 1878 486 1900 et
499 1873 539 1899 sic
553 1873 652 1900 dicitur
667 1874 814 1908 procedere
828 1883 844 1901 ιι
854 1875 910 1902 Ρα-

121 1925 161 1947 tre
179 1927 225 1954 per
239 1918 360 1951 Filium;
385 1919 457 1946 sicut
470 1919 554 1945 etiam
568 1919 635 1946 Abel
656 1920 790 1954 processit
811 1920 910 1948 imme-

118 1965 193 1993 diate
210 1966 244 1993 ab
268 1965 366 1998 Adam,
385 1965 413 1992 in
426 1970 558 2000 quantum
580 1965 665 1992 Adam
681 1965 732 1993 luit
747 1970 823 2001 pater
839 1966 909 2000 ejus,

119 2017 149 2041 et
165 2013 294 2045 mediate,
311 2012 338 2039 in
360 2016 492 2046 quantum
514 2011 565 2039 fuit
581 2011 636 2039 Eva
653 2018 740 2039 mater
755 2013 824 2047 ejus,
849 2021 910 2048 qua:

118 2059 254 2095 processit
268 2059 303 2086 ab
321 2058 406 2085 Adam
419 2067 426 2090 ;
444 2058 509 2085 licet
524 2058 577 2086 hoc
592 2059 746 2094 exemplum
760 2059 909 2087 materialis

118 2105 304 2141 processionis
339 2105 461 2140 ineptum
485 2104 611 2132 videatur
634 2104 667 2132 ad
701 2105 907 2141 signiﬁcandam

119 2152 304 2179 immediatam
313 2151 514 2186 processionem
525 2151 678 2179 divinarum
689 2159 879 2187 personarum.
895 2161 905 2179 ι

118 2197 190 2225 Hine
204 2197 242 2233 (in
260 2205 336 2232 corp.
352 2197 416 2231 art.)
436 2206 446 2223 t
466 2197 529 2232 quia
543 2197 627 2224 Filius
642 2197 725 2226 habet
735 2206 748 2225 a
763 2199 855 2232 Patre,
865 2199 907 2226 in-

971 263 1102 299 Spiritum
1127 265 1241 292 mediate
1266 273 1299 292 ex
1325 264 1404 292 Patre
1423 265 1591 300 procedere;
1610 265 1636 301 '5)
1663 267 1761 295 deduci

970 317 1026 337 non
1043 317 1134 345 posse,
1149 309 1256 337 Patrem
1272 310 1360 336 eodem
1371 318 1484 345 prorsus
1497 316 1613 346 respectu
1624 312 1763 339 immedia-

971 359 1028 382 tum
1052 359 1079 382 et
1096 354 1256 386 mediatum,
1280 355 1435 390 proximum
1450 360 1478 383 et
1505 361 1640 384 remotum
1668 357 1761 386 haberi

971 401 1090 436 Spiritus
1106 401 1192 429 sancti
1212 401 1387 437 principium.
1413 401 1566 437 Utrumque
1587 404 1640 431 dici
1659 409 1760 439 potest.

971 448 1017 475 sed
1033 448 1084 475 sub
1098 448 1316 476 consideratione
1330 449 1409 483 plane
1427 449 1538 476 diversa.

1007 494 1050 521 19.
1073 493 1215 527 Quomodo
1230 495 1312 530 igitur
1323 494 1450 522 Photium
1470 495 1659 531 impugnantes
1675 496 1761 525 Cra‘ci

969 540 1113 566 orthodoxi
1131 540 1156 567 id
1172 540 1324 576 denegant,
1338 541 1468 576 Spiritum
1488 549 1548 569 esse
1563 542 1713 570 immediate
1728 551 1760 570 ex

969 584 1067 618 Patre,
1083 585 1154 620 quod
1177 585 1335 613 Latinorum
1359 587 1576 622 praestantissimi
1596 588 1675 623 plane
1692 597 1759 616 con-

970 631 1088 658 cedunt?
1111 631 1164 659 Sed
1180 631 1232 659 hoc
1254 632 1291 659 illi
1307 640 1362 659 non
1378 633 1484 661 infinite
1501 639 1644 667 statuunt,
1661 644 1760 664 verum

969 684 1019 712 pro
1035 685 1146 704 suorum
1166 677 1276 705 Patrum
1297 678 1406 706 dicendi
1421 686 1513 711 more,
1531 681 1706 708 attendentes
1725 682 1760 709 ad

970 730 1017 750 eas
1037 723 1194 750 eorumdem
1216 723 1385 755 locutiones,
1401 723 1499 759 quibus
1518 726 1624 761 egregie
1643 725 1762 761 Spiritus

970 767 1056 794 sancti
1079 774 1112 794 ex
1129 766 1197 794 Filio
1220 767 1301 794 etiam
1322 768 1461 803 processio
1480 768 1666 802 conﬁrmatur,
1684 778 1760 797 com~

970 813 1108 840 municata
1125 820 1190 840 vero
1208 821 1223 840 a
1247 813 1326 841 Patre
1345 813 1413 841 Filio
1431 814 1519 841 virtus
1535 815 1664 850 spirativa
1679 816 1760 844 simul

970 858 1140 892 ostenditur;
1154 859 1179 886 id
1188 864 1282 886 contra
1293 859 1366 887 cives
1382 867 1446 887 suos
1461 860 1650 889 schismaticos
1663 868 1761 898 urgent

933 893 1014 940 Bqui
1042 906 1077 932 ad
1106 906 1305 933 excludendum
1333 905 1432 934 Filium
1461 906 1646 935 immediatam
1673 893 1760 937 savncti

966 950 1083 985 Spiritus
1093 958 1127 978 ex
1139 950 1218 978 Patre
1229 950 1431 986 processionem
1440 952 1664 988 propugnabant;
1678 959 1760 989 atque

965 995 1030 1023 licet
1046 1003 1077 1024 ea
1102 996 1231 1032 ἀκριϐείᾳ
1254 997 1376 1024 diversas
1403 998 1453 1032 τῆς
1474 999 1614 1033 μεσιτείσις
1638 1000 1759 1028 rationes

965 1050 1020 1070 non
1037 1043 1221 1079 distinguant,
1239 1051 1291 1078 qua
1308 1044 1428 1072 Thomas
1444 1045 1541 1079 utitur,
1561 1050 1652 1074 tamen
1670 1048 1758 1082 quoad

964 1097 1023 1117 rem
1039 1090 1124 1125 ipsam
1144 1097 1206 1117 cum
1226 1090 1330 1117 Latinis
1343 1091 1455 1118 omnino
1471 1093 1655 1123 concordant,
1679 1102 1758 1126 μεσι-

963 1136 1039 1162 τείαν
1069 1136 1098 1162 in
1122 1143 1155 1162 eo
1188 1136 1360 1171 potissitnum
1389 1142 1572 1172 reponem/es,
1601 1139 1673 1174 quod
1702 1140 1756 1167 vim

964 1181 1137 1215 spiratricem
1151 1181 1238 1209 Filius
1259 1181 1340 1208 habet
1363 1189 1378 1208 a
1400 1181 1482 1210 Patre
1508 1183 1755 1214 communicatam,

963 1227 1031 1254 illud
1047 1227 1091 1254 διὰ
1102 1235 1194 1255 veram
1206 1227 1295 1254 αἰτίαν
1315 1228 1362 1254 καὶ
1374 1228 1462 1263 ἀρχὴν
1473 1227 1523 1263 τῆς
1538 1228 1585 1255 τοῦ
1598 1229 1757 1264 Πνεῦματος

963 1274 1108 1310 ὑπάρξεως
1137 1274 1232 1310 (Flor.
1256 1282 1334 1302 conc.
1350 1274 1433 1302 Hard.
1453 1275 1505 1306 IX.
1519 1275 1587 1310 421)
1605 1276 1757 1311 signiﬁcare

964 1325 1134 1354 statuentes,
1161 1325 1275 1348 eatenus
1303 1320 1398 1356 prim-.e
1425 1328 1514 1348 causa:
1531 1321 1755 1353 subordinatam,

963 1372 1099 1402 quatenus
1110 1367 1144 1394 ab
1155 1367 1211 1402 ipsa
1233 1367 1335 1402 pendet
1354 1370 1382 1394 et
1395 1374 1430 1394 ex
1449 1367 1507 1402 ipsa
1525 1371 1576 1394 est.
1594 1367 1647 1402 (Ct.
1673 1367 1754 1395 Allat.

967 1413 1040 1440 Vind.
1056 1421 1113 1448 syn.
1132 1412 1199 1444 Eph.
1216 1421 1240 1440 c.
1260 1413 1310 1448 58f,
1328 1421 1356 1448 p.
1371 1413 1424 1440 375
1440 1413 1510 1448 seq.)
1525 1412 1600 1441 Hanc
1616 1415 1756 1448 μεσιτείαν

964 1458 1038 1495 [264]
1055 1458 1197 1486 Photianis
1226 1459 1294 1486 adeo
1323 1467 1433 1486 exosam
1464 1460 1596 1495 praeclare
1626 1461 1756 1496 explanat

962 1504 1039 1533 Joan.
1068 1505 1170 1533 Beccus
1199 1505 1263 1540 (lib.
1292 1505 1332 1532 De
1360 1513 1433 1540 proc.
1454 1505 1547 1541 Spirit.
1582 1508 1667 1534 sancti
1685 1509 1753 1539 e.7,

962 1560 992 1579 n.
1018 1552 1055 1585 2;
1071 1552 1102 1580 G.
1117 1551 1149 1579 Ο.
1164 1550 1185 1585 Ι,
1197 1551 1260 1586 292,
1277 1552 1341 1586 295)
1356 1552 1474 1587 primttm
1488 1560 1590 1588 negans
1615 1553 1755 1581 intervalla

963 1598 1005 1626 vel
1033 1598 1136 1626 realem
1165 1599 1365 1634 separationem
1394 1598 1440 1625 illo
1462 1599 1574 1626 nomine
1601 1599 1753 1631 insinuari,

963 1642 1063 1671 deinde
1082 1650 1142 1671 eam
1156 1643 1274 1679 positive
1291 1643 1450 1671 describens
1471 1651 1503 1671 ac
1526 1643 1659 1672 deﬁniens
1675 1653 1682 1672 :
1698 1645 1755 1680 Τὴν

964 1689 1103 1724 μεσιτείαν
1118 1689 1221 1726 ταύτην
1246 1690 1323 1716 οὐδὲν
1348 1689 1412 1717 ἄλλο
1427 1688 1498 1718 εἷναί
1518 1691 1620 1727 φημιῆ
1637 1692 1754 1728 φυσικὴν

963 1735 1066 1770 σχέσιν,
1085 1735 1146 1762 καθ’
1164 1736 1198 1772 ἤν
1220 1736 1279 1763 ἔστι
1293 1735 1337 1762 διὰ
1360 1736 1407 1762 τηῦ
1429 1736 1494 1762 Υίοῢ
1509 1736 1540 1762 τὸ
1556 1737 1668 1772 Πνεῦμα
1690 1746 1754 1764 συν-

962 1781 1115 1816 απτόμενον
1131 1781 1170 1817 τῷ
1186 1782 1273 1817 Πατρ).
1284 1802 1291 1814 ,
1311 1782 1348 1813 ὡς
1364 1782 1396 1808 ἐκ
1414 1781 1462 1808 τοῦ
1479 1782 1587 1817 Πατρδς
1601 1783 1752 1818 ἐκπορευό-

963 1836 1043 1861 μενον
1057 1827 1089 1853 δι’
1102 1826 1195 1854 αὑτοῦ.
1212 1827 1276 1854 Haec
1302 1827 1413 1854 uberius
1428 1827 1548 1855 Filiustrat
1563 1830 1601 1863 (p.
1621 1829 1752 1864 294-298)

962 1879 1101 1907 exponens
1119 1880 1173 1907 quo
1190 1879 1271 1899 sensu
1284 1872 1369 1900 Filius
1382 1873 1489 1900 dicatur
1499 1873 1636 1901 secundus
1650 1875 1684 1902 ad
1704 1875 1754 1902 Pa-

962 1923 1042 1945 trem.
1057 1918 1150 1952 Neque
1171 1918 1251 1945 aliam
1264 1922 1383 1946 mentem
1396 1926 1458 1946 esse
1469 1919 1589 1955 llugonis
1600 1919 1751 1953 Etheriani,

961 1971 993 1991 ex
1020 1963 1062 1991 his
1094 1972 1154 1999 quae
1176 1964 1267 1997 lib.tt,
1298 1965 1413 1999 c.9,p.
1445 1965 1532 1999 1222,
1564 1965 1634 1993 P225
1666 1966 1754 1995 fusius

961 2011 1107 2046 dispustat,
1121 2011 1202 2039 facile
1217 2011 1394 2046 dignoscitur.
1411 2010 1510 2038 Verum
1530 2012 1557 2038 in
1575 2012 1670 2047 primis
1686 2013 1753 2040 Bes-

960 2058 1095 2085 sarionetn
1116 2058 1211 2086 audire
1234 2058 1313 2093 juvat
1328 2057 1365 2085 ita
1379 2057 1412 2085 de
1436 2058 1575 2093 proposita
1596 2059 1754 2094 quaestione

959 2109 1087 2140 agentem
1104 2105 1163 2140 (lib.
1176 2104 1216 2131 Ad
1229 2104 1303 2132 Alex.
1319 2103 1430 2131 Lascar.
1442 2113 1467 2132 c.
1496 2105 1530 2137 7;
1544 2104 1627 2132 Hard.
1644 2105 1662 2132 i.
1680 2114 1704 2133 c.
1720 2114 1750 2141 p.

960 2150 1039 2184 1061,
1050 2150 1130 2186 1062)
1144 2160 1150 2176 :
1164 2160 1173 2176 ι
1188 2150 1327 2178 Tenemus
1346 2158 1408 2178 cutn
1421 2151 1588 2187 Augustino,
1601 2152 1673 2186 quod
1691 2151 1752 2187 Spi-

959 2197 1028 2225 ritus
1042 2197 1198 2224 immediate
1217 2197 1251 2225 ab
1265 2201 1382 2232 utroque
1398 2197 1537 2232 procedat,
1552 2197 1598 2225 sed
1619 2197 1751 2233 intelligi-

117 2244 188 2279 quit,
205 2244 276 2280 quod
298 2244 333 2271 ab
348 2252 381 2271 eo
392 2245 522 2280 procedat
543 2245 660 2280 Spiritus
677 2250 798 2279 sanctus,
818 2251 907 2281 potest
920 2244 946 2274 D
960 2251 1020 2270 mus
1044 2243 1117 2278 quod
1143 2243 1245 2275 Filius,
1258 2243 1304 2278 qui
1331 2247 1373 2270 est
1385 2243 1503 2278 Spiritus
1520 2242 1752 2278 principium.est

118 2289 172 2317 dici
186 2289 258 2324 quod
279 2289 359 2316 Pater
375 2296 424 2323 per
446 2288 544 2316 Filium
573 2289 659 2324 spirat
691 2289 820 2325 Spiritum
842 2299 906 2318 san-

118 2338 205 2362 ctum.
232 2333 303 2361 Hine
331 2333 394 2360 alibi
415 2332 492 2369 [263]
521 2333 559 2368 (in
583 2334 602 2361 l.
625 2343 645 2368 ι,
662 2335 736 2363 Sent.
751 2336 778 2363 d.
806 2336 850 2369 l2,
878 2345 905 2371 q.

118 2381 146 2410 1.
178 2387 204 2407 a.
233 2380 261 2416 5)
291 2379 421 2407 Richardi
433 2379 564 2407 Victorini
580 2381 662 2408 verba
681 2382 723 2416 (de
737 2381 809 2409 Trin.
823 2391 849 2414 ν,
869 2383 905 2417 7),

117 2428 322 2463 generationem
347 2427 375 2454 in
395 2426 497 2453 divinis
521 2434 581 2454 esse
602 2426 759 2455 immediate
776 2437 791 2455 a
816 2428 906 2460 Patre,

117 2473 167 2501 sed
183 2472 300 2507 Spiritus
313 2473 399 2504 sancti
413 2472 616 2508 processionem
636 2473 836 2507 quodammodo
846 2482 906 2502 esse

117 2518 237 2547 mediate
262 2522 289 2545 et
303 2519 504 2553 quodammodo
520 2518 689 2552 immediate,
706 2520 780 2547 hunc
795 2520 822 2547 in
845 2529 905 2548 mo-

116 2564 182 2591 dum
201 2563 346 2599 explanat:
363 2574 373 2589 ‹
390 2564 542 2591 immediate
553 2585 560 2596 ,
579 2569 709 2599 quantum
727 2565 760 2592 ad
777 2566 905 2594 virtutem

117 2610 289 2645 spirativam,
314 2617 375 2644 quas
391 2615 433 2637 est
450 2618 503 2637 una
521 2610 610 2637 Patris
626 2615 654 2638 et
666 2611 738 2644 Filii,
760 2616 788 2639 et
807 2612 904 2640 iterum

116 2661 249 2691 quantum
265 2656 298 2683 ad
315 2655 405 2691 ipsum
428 2656 598 2691 suppositum
614 2656 711 2689 Patris.
723 2659 795 2692 quod
812 2659 903 2686 imme-

117 2703 191 2730 diate
205 2706 250 2730 est
263 2701 428 2737 principium
450 2702 644 2736 proccssionis,
662 2703 724 2737 quia
743 2703 801 2738 ipse
824 2704 904 2731 simul

116 2753 144 2776 et
158 2747 242 2776 Filius
262 2749 386 2783 spirant;
401 2747 448 2775 sed
469 2748 593 2781 mediate,
611 2748 638 2775 in
653 2754 784 2783 quantum
808 2749 903 2783 Filius,

115 2797 163 2831 qui
177 2797 272 2831 spirat,
288 2801 330 2824 est
340 2804 354 2823 ιι
372 2796 460 2823 Patre.
476 2805 485 2821 ι
504 2811 540 2815 -
550 2796 590 2823 Ex
608 2796 652 2823 his
667 2796 718 2823 tria
729 2804 904 2831 consequun-

115 2847 162 2871 tur
179 2851 185 2869 :
215 2842 238 2878 i)
267 2851 320 2870 non
339 2842 430 2878 negari
445 2850 460 2870 a
476 2842 581 2870 Latinis
600 2842 770 2877 simpliciter,
793 2843 903 2870 Patrem

113 2897 177 2918 esse
193 2889 377 2918 immediatum
390 2889 572 2925 proccssionis
586 2889 750 2924 principium
763 2898 770 2922 ;
783 2889 811 2924 2)
828 2894 903 2919 recte

960 2290 1079 2317 mediana
1094 2294 1226 2325 quantum
1241 2290 1276 2317 ad
1295 2297 1357 2317 esse
1370 2290 1442 2317 inter
1456 2290 1561 2317 Patrem
1573 2294 1601 2317 et
1616 2290 1749 2324 Spiritum

959 2342 1082 2364 sanctum
1093 2355 1101 2368 ,
1118 2344 1180 2364 cum
1197 2337 1273 2372 prius
1287 2336 1448 2364 naturaliter
1461 2335 1626 2371 intelligatur
1641 2344 1656 2362 a
1670 2335 1750 2363 Patre

960 2382 1120 2409 naturaliter
1140 2383 1306 2417 productus,
1338 2389 1419 2416 quam
1445 2380 1564 2416 Spiritus
1580 2385 1691 2408 sanctus
1715 2382 1750 2408 ait

960 2432 1085 2462 utroque.
1101 2437 1110 2454 ›
1129 2427 1163 2455 Et
1174 2427 1236 2455 alibi
1250 2427 1381 2461 (Refutat.
1395 2427 1537 2454 antirrhet.
1550 2426 1670 2454 Palamte
1686 2428 1747 2454 adv.

958 2473 1037 2500 Joan.
1049 2473 1126 2500 Becci
1143 2474 1231 2507 capita
1246 2474 1255 2508 )
1271 2481 1280 2500 :
1297 2482 1306 2499 ι
1323 2472 1450 2500 Jamvero
1462 2474 1484 2500 si
1507 2473 1568 2508 quis
1580 2473 1614 2500 ad
1631 2473 1750 2509 singula-

960 2527 1018 2546 rem
1030 2519 1206 2546 emissionem
1218 2524 1246 2546 et
1254 2518 1422 2546 identitatem
1432 2518 1615 2553 proccssionis
1623 2527 1657 2546 ex
1671 2524 1749 2546 utro-

958 2572 1012 2600 que
1028 2565 1175 2600 respiciat,
1193 2569 1251 2592 tum
1267 2565 1319 2593 hoc
1331 2564 1531 2592 animadvertat
1561 2564 1669 2592 Patrem
1688 2573 1749 2593 esse

958 2612 1063 2639 fontem
1094 2616 1122 2639 et
1135 2619 1245 2638 causam
1278 2611 1444 2638 divinitatis:
1464 2611 1616 2638 immediate
1630 2619 1691 2639 esse
1716 2620 1749 2639 ex

958 2657 1039 2685 Patre
1068 2657 1200 2692 Spiritum
1226 2657 1362 2690 inveniet,
1385 2664 1474 2692 eoque
1499 2658 1655 2692 pertinere,
1681 2665 1751 2692 quas

957 2704 1058 2736 atl‘ert,
1086 2705 1246 2732 sententias.
1280 2703 1328 2731 Sin
1355 2703 1478 2731 ordinem
1501 2704 1672 2736 consideret,
1701 2706 1748 2739 qui

957 2751 1047 2786 reipsa
1063 2751 1135 2778 inest
1149 2751 1176 2777 in
1191 2749 1334 2782 Trinitate,
1350 2758 1400 2777 nec
1411 2751 1467 2777 sola
1476 2755 1570 2777 nostra
1583 2750 1748 2785 cogitatione

957 2801 1082 2830 constat,
1109 2797 1221 2824 medium
1240 2796 1344 2825 videbit
1371 2804 1431 2824 esse
1458 2796 1555 2823 Filium
1584 2801 1611 2824 et
1637 2797 1747 2824 tertitttn

957 2852 972 2871 a
987 2843 1067 2871 Patre
1081 2843 1213 2879 Spiritum
1223 2864 1231 2876 ,
1249 2851 1280 2871 ac
1292 2851 1343 2879 per
1358 2843 1456 2871 Filium
1472 2851 1486 2869 a
1502 2842 1581 2870 Patro
1595 2843 1748 2878 proceden-

959 2894 1025 2924 tem,
1040 2898 1072 2918 ae
1093 2890 1207 2925 priorem
1228 2898 1257 2918 se
1279 2890 1436 2926 cogitatione
1456 2890 1601 2917 habentem
1629 2889 1748 2924 Filium,
