1945 3088
201 149 254 182 495

197 210 427 247 quemadmodum
456 209 562 236 Patrem
593 209 676 237 habct
688 208 774 236 Filius
794 208 861 244 (71).
880 218 890 235 ι
916 207 1028 240 δοηθΛ

197 257 281 284 Pater
294 265 347 284 non
373 255 448 290 prius
474 253 550 290 [265]
566 258 657 290 potest
672 259 702 282 ut
725 254 843 289 spirator
861 253 987 289 cogitari,

197 311 279 339 quam
303 307 333 329 ut
343 301 423 329 Pater
449 302 638 336 concipiatur,
665 301 779 336 proinde
808 308 862 328 non
894 300 988 335 prius,

196 358 278 384 quam
297 349 384 376 Filius
400 347 554 384 cogitetur;
572 347 634 376 ideo
646 348 761 375 medium
776 352 876 375 vocant
894 346 990 374 Patres

196 395 314 427 Filium,
344 395 459 430 μεσίτην
485 401 548 421 eum
581 394 647 421 dicit
675 394 821 430 Gregorius
850 393 990 429 Nyssenus

196 442 298 474 (Tract.
310 441 388 474 Quod
405 449 462 468 non
480 446 535 468 tres
553 445 619 468 sunt
635 440 685 467 Dii.
702 440 743 467 Cf.
757 440 855 476 Georg.
870 439 988 474 Trapez.

195 489 229 516 ad
244 487 324 516 Joan.
341 487 454 515 Cubocl.
479 496 504 516 c.
521 487 553 514 2|
567 497 575 521 ;
590 487 621 515 G.
638 486 710 520 0.1,
728 487 873 522 515seq.).
895 486 989 522 Neque

196 543 212 564 e
231 543 364 563 converso
383 535 435 562 dici
459 539 549 570 potest
578 534 710 570 Spiritum
730 541 791 563 esse
811 543 856 569 per
879 533 990 561 Patrem

196 590 229 610 ex
239 582 309 610 Filio
320 604 327 616 ,
340 582 448 609 Patrem
466 589 527 609 esse
543 581 663 609 medium
681 581 753 608 inter
770 581 869 608 Filium
883 585 911 607 et
928 579 991 615 Spi-

195 630 293 661 ritum,
319 629 450 664 Spiritum
475 636 536 656 esse
551 637 584 656 ex
605 628 673 655 Filio
695 628 825 655 mediate.
857 627 989 654 Prreelare

196 675 309 703 Thomas
336 675 408 708 (l.c.
433 675 503 704 τιεί.
528 674 561 702 ad
588 674 632 709 4):
655 673 725 701 Ordo
751 681 806 700 non
840 672 990 700 attenditur

196 721 268 748 inter
287 720 394 748 Patrem
415 725 442 747 et
455 720 553 747 Filium
571 725 704 755 quantum
726 719 760 747 ad
779 720 924 751 virtutem,
941 719 990 746 sed

196 768 284 794 solum
297 771 428 802 quantum
441 766 476 793 ad
487 767 622 801 supposita
634 774 643 798 ;
659 771 687 793 et
707 766 769 793 ideo
783 765 898 798 dicitur,
916 765 989 800 quod

197 814 277 841 Pater
299 814 383 849 spirat
404 821 453 848 per
478 812 600 845 Filium,
620 817 648 840 et
675 821 725 839 non
741 821 754 839 e
777 820 898 839 converso
917 821 926 838 ι
952 812 988 840 cl.

195 867 223 889 et
234 861 328 888 Petav.
344 861 375 888 de
389 860 461 887 Trin.
474 860 492 887 Ι.
505 869 552 891 \‘ll,
566 860 651 892 c.1l,
670 869 697 886 n.
710 860 765 895 ll).

231 907 277 936 ‘20.
294 907 356 935 Ηωο
381 907 408 934 in
433 916 462 934 rc
486 915 540 934 non
561 907 609 934 abs
634 915 663 934 re
682 907 763 934 fuerit
778 906 875 933 Leonis
899 905 989 933 Allatii

196 954 402 982 observationes
422 953 553 988 quasdam
577 954 732 987 subjicere,
755 961 816 988 qnze
836 958 862 980 et
881 953 908 979 in
929 952 990 979 aliis

197 1001 279 1028 rebus
290 999 509 1028 consideratione
519 999 606 1035 dignm
626 1004 700 1027 sunt.
719 999 820 1026 Scribit
830 998 903 1026 enim
915 998 990 1033 (Vin-

195 1049 249 1075 dic.
263 1055 321 1082 ayn.
332 1046 400 1081 Eph.
414 1055 438 1074 c.
455 1047 483 1074 7|
500 1068 508 1079 ,
523 1054 551 1082 q.
568 1046 621 1074 555
631 1046 709 1081 seq.)
724 1055 730 1073 :
748 1056 757 1072 ‹
773 1046 800 1073 Si
814 1046 886 1074 dicat
906 1044 992 1073 Schi-

196 1094 345 1122 Smaticns:
368 1093 461 1128 Itaque
478 1093 499 1120 si
517 1092 597 1120 Pater
617 1101 665 1128 per
681 1093 801 1120 medium
815 1093 911 1129 Filium
927 1092 992 1128 Spi-

195 1142 280 1168 ritum
303 1140 459 1175 producens
484 1141 603 1168 mediate
626 1140 715 1175 ipsum
738 1139 884 1175 producit,
908 1139 993 1166 Filius

195 1195 264 1214 vero
289 1186 446 1214 immediate
468 1187 582 1216 emittit.
608 1186 680 1222 quod
705 1193 754 1221 per
780 1185 884 1212 nullum
909 1185 993 1213 alium

196 1233 281 1261 Filius
296 1233 332 1260 sit
344 1234 473 1269 contigua
487 1241 568 1261 causa
583 1232 700 1268 Spiritus
710 1252 718 1264 ,
731 1237 760 1260 et
775 1231 855 1259 Pater
878 1239 934 1258 non
952 1235 995 1258 est

196 1280 359 1316 contiguus,
374 1280 475 1307 'denuo
498 1285 661 1314 sequeretur
684 1284 731 1307 aut
753 1279 908 1306 imminutio
933 1277 993 1304 Filii

198 1330 323 1361 respectu
346 1325 433 1353 Patris
457 1329 505 1352 aut
521 1325 640 1360 Spiritus
661 1329 786 1360 respectu
805 1323 884 1357 Filii,
909 1328 937 1350 et
954 1323 995 1351 sic

197 1373 309 1400 dabitur
331 1373 407 1400 locus
425 1372 507 1405 Ario,
524 1371 676 1403 Eunomio,
698 1371 857 1398 Macedonio
874 1375 902 1398 et
911 1370 994 1405 Apol-

197 1418 318 1449 linario;
340 1418 428 1445 locum
459 1425 515 1445 non
537 1417 595 1445 dari
622 1417 702 1445 dictis
720 1417 855 1444 htereticis
878 1417 994 1444 manil'e‘

197 1467 271 1490 stum
290 1467 342 1490 est.
359 1462 391 1489 Hi
407 1470 526 1497 namque
544 1462 674 1489 deitatem
700 1461 727 1489 in
741 1462 863 1489 diversas
879 1462 995 1490 deitates

198 1509 380 1544 discerpunt,
396 1516 511 1544 quarum
535 1516 616 1536 unam
633 1508 763 1543 majorem
775 1528 782 1541 ,
798 1508 879 1536 aliam
900 1508 992 1536 mino-

198 1564 276 1589 rem,
293 1555 401 1583 tertiam
422 1555 540 1582 mediam
562 1555 754 1587 constituunt,
783 1559 829 1582 aut
850 1563 865 1582 a
895 1559 991 1582 natura
1004 1570 1027 1602 Ο

199 1603 287 1631 Patris
310 1603 432 1629 inereata
459 1601 625 1629 abscindunt
637 1606 665 1629 et
692 1601 825 1636 Spiritum
840 1606 868 1628 ct
894 1601 992 1628 Filium

199 1647 372 1676 subalternas
392 1651 525 1679 naturas,
541 1651 573 1674 ut
598 1647 635 1674 ita
654 1646 759 1679 dicam,
783 1651 811 1674 et
839 1651 993 1674 creaturam

200 1693 272 1720 hanc
291 1692 404 1727 hujusce
419 1697 447 1719 et
465 1692 538 1719 hanc
564 1691 677 1719 alterius
695 1691 821 1724 ﬁrmant,
842 1697 889 1720 aut
905 1692 992 1728 Spiri-

200 1744 258 1766 tum
272 1746 367 1766 rursus
381 1739 408 1765 in
420 1739 543 1766 ordinem
553 1743 741 1766 ereaturarum
753 1738 909 1770 detrahunt,
920 1739 993 1774 apud

200 1793 269 1821 quos
288 1790 315 1812 ct
341 1785 459 1820 primum
481 1792 534 1812 non
552 1785 627 1820 pium
641 1805 649 1817 ,
664 1789 692 1812 et
702 1785 859 1821 contiguum
879 1786 993 1821 impium

200 1837 229 1860 et
247 1832 367 1860 medium
384 1839 440 1858 non
455 1831 546 1859 minus
561 1835 704 1866 reputatur
719 1836 747 1859 et
762 1832 851 1867 majus
861 1836 888 1859 et
903 1834 994 1860 minus

200 1884 228 1906 et
247 1878 407 1913 simpliciter
422 1877 496 1914 [266]
514 1877 581 1905 ordo
594 1882 622 1905 et
636 1877 757 1905 anterius
783 1883 810 1905 et
839 1878 992 1913 posterius,

201 1930 228 1953 et
239 1925 312 1960 quod
329 1924 393 1952 inde
406 1925 583 1959 subsequitur
595 1945 603 1958 ,
615 1929 643 1951 et
660 1924 764 1952 similes
782 1931 863 1951 voces
887 1932 992 1952 summa

201 1979 264 1998 cum
278 1971 418 2006 impietate
433 1971 467 1998 ab
482 1971 585 1999 eisdem
598 1970 789 2006 intelliguntur
808 1977 836 1998 et
852 1971 994 1998 declaran-

201 2023 258 2045 tur.
276 2017 356 2053 Apud
371 2017 527 2045 Catholicos
540 2025 607 2045 vero
621 2022 650 2045 et
669 2018 734 2045 ordo
753 2017 818 2045 dum
847 2018 993 2050 asseritur,

202 2071 258 2090 non
271 2064 373 2091 absona
385 2071 399 2091 a
415 2063 516 2099 pietate
526 2064 631 2092 ratione
644 2064 670 2091 in
683 2064 817 2091 Trinitate
824 2064 974 2091 assumitur
986 2083 993 2095 ,

201 2114 230 2137 et
243 2110 359 2145 primum
373 2114 400 2137 et
413 2110 502 2144 prius.
513 2114 540 2136 et
564 2110 680 2137 anterius
698 2114 726 2137 et
744 2110 871 2144 posterius
882 2129 889 2141 ,
901 2113 929 2136 et
942 2117 995 2136 me-

200 2157 276 2187 dium
293 2160 320 2183 et
335 2156 424 2190 majus
438 2161 465 2183 et
480 2157 630 2192 rontiguum
644 2156 774 2192 quidquid
791 2156 863 2183 aliud
882 2155 910 2182 in
925 2155 995 2183 divi-

201 2211 300 2230 norum
313 2202 422 2229 Patrum
436 2202 642 2230 commentariis
660 2202 795 2237 reperitur
814 2210 829 2229 a
843 2202 895 2237 piis
911 2202 996 2229 homi-

202 2250 300 2281 nibus,
330 2254 361 2276 ut
384 2249 469 2276 Deum
493 2249 608 2276 addecet
632 2253 660 2276 et
684 2249 782 2276 divinis
802 2249 994 2284 hypostasibus
1011 2249 1033 2277 D

189 2293 351 2331 ’eongruit,‘
364 2295 547 2330 accipiuntur.
565 2295 637 2322 Licet
652 2295 724 2322 enim
745 2303 777 2322 ea:
792 2295 865 2322 nobis
884 2296 995 2322 nostris-

202 2351 252 2377 que
273 2350 346 2369 uoces
364 2341 465 2369 similes
486 2341 637 2372 trahantur.
656 2350 707 2368 non
724 2341 784 2368 ideo
799 2346 887 2368 tamen
906 2342 938 2368 de
952 2342 994 2368 di-

202 2389 269 2416 uini:
298 2389 338 2415 uti
363 2389 395 2415 de
420 2388 516 2415 nostris
538 2388 765 2422 philosophantur.
789 2388 836 2414 sed
861 2387 995 2422 superiori

202 2434 320 2469 quodam
340 2433 441 2466 modo,
474 2438 504 2461 ut
518 2433 617 2460 divinae
633 2438 736 2460 natura:
753 2437 780 2459 et
796 2432 894 2460 divinis
910 2433 992 2468 hypon

203 2480 324 2507 stasibus
338 2480 477 2513 convenit,
500 2479 540 2507 sic
557 2480 592 2507 de
615 2480 726 2514 reliquis
738 2480 799 2506 aliis
819 2479 994 2512 nominibus,

203 2526 289 2554 veluti
319 2530 384 2553 sunt
412 2526 568 2561 generatio,
598 2525 735 2558 Verbum,
766 2525 860 2558 Pater,
894 2525 994 2559 Filius,

205 2574 324 2609 Spiritus
343 2578 371 2601 et
391 2574 442 2600 alia
467 2574 636 2609 theologica,
664 2581 725 2607 quae
748 2573 812 2600 licet
837 2580 869 2600 ex
895 2573 996 2600 nostris

204 2621 399 2653 desutnantur,
417 2629 461 2648 res
476 2625 564 2648 tanien
582 2629 663 2655 supra
675 2627 725 2647 nos
740 2620 893 2655 signiﬁcant
906 2620 996 2655 expri-

241 2717 298 2752 (7l)
315 2717 417 2745 Eodem
434 2721 513 2752 pacto
532 2724 628 2744 rursus
644 2716 787 2744 Bessarion
808 2716 945 2751 Respons.
962 2717 995 2745 ad

204 2752 289 2788 Marci
307 2753 407 2788 Ephes.
427 2753 522 2787 syllog.
546 2753 596 2784 l8,
617 2760 677 2786 cap.
696 2753 707 2781 1
736 2752 814 2786 (Cod.
839 2752 912 2779 lilon.
928 2753 961 2779 27
975 2756 994 2779 I'.

205 2787 259 2822 226
275 2789 301 2822 a)
318 2787 474 2822 :V'Apéatog
504 2787 597 2821 μέντοι
623 2795 655 2819 γε
679 2788 725 2814 καὶ
748 2788 878 2822 ἐμμέσως
899 2788 931 2813 ὲκ
948 2788 994 2814 τοῦ

206 2821 272 2848 Υἱοὺ
289 2823 320 2849 τὸ
339 2821 452 2858 Πειὲῦμά
478 2831 553 2860 φασε-
564 2822 677 2860 (Latini)
690 2830 696 2837 '
709 2822 807 2860 smper
818 2823 862 2860 6ιᾲ
876 2822 926 2857 τὴν
940 2823 995 2860 Evo-

205 2864 276 2892 τῃτα
285 2859 330 2884 καὶ
353 2860 508 2892 ταυτότηεςα
524 2858 574 2891 τῆς
589 2857 775 2892 προϐλητικῆς
796 2858 948 2891 δυνάμεως,
965 2859 996 2885 τὸ

207 2891 235 2916 δὲ
251 2891 294 2918 διὰ
310 2893 359 2928 τὴν
373 2891 494 2931 τάξινίῇ
509 2891 692 2929 προτέτὰκταί
708 2891 759 2927 μὲύ
775 2894 790 2922 ό
807 2893 912 2928 Πατὴρ,
928 2894 994 2920 ἕπε-

767 149 901 180 ΡΗΟΤΙΙ
919 148 1175 179 ΡΑΤΒΙΑΒΟΗΕ
1201 150 1256 180 CP.

1784 152 1838 185 ιεισ

1040 213 1189 244 muntque,
1207 215 1270 235 cum
1285 208 1340 236 alio
1359 208 1441 236 modo
1461 208 1496 236 de
1519 208 1599 236 nobis
1617 209 1710 241 dicta,
1730 209 1786 238 alio
1801 211 1836 239 de

1041 255 1132 282 divina
1147 254 1246 282 Triade
1267 255 1487 287 eonsiderentur;
1503 259 1533 282 et
1546 255 1669 282 dictionis
1686 256 1836 284 communio

1041 308 1130 327 rerum
1138 300 1298 334 diﬂ'erentius
1311 308 1362 326 non
1373 300 1495 332 dirimit;
1506 300 1552 328 sed
1563 308 1654 328 rerum
1663 301 1819 331 dill‘erentia
1829 323 1837 336 ,

1040 354 1101 381 qua:
1129 345 1252 374 diversos
1281 346 1315 373 de
1340 346 1436 373 iisdem
1468 351 1618 382 conceptus
1650 347 1787 382 insinuat,
1810 355 1840 377 et

1042 400 1138 419 vocum
1166 392 1354 420 .similitudine
1381 393 1456 420 nullo
1487 393 1568 421 modo
1597 394 1686 429 pietas
1719 395 1837 424 laeditur.

1040 440 1136 476 Neque
1161 446 1306 477 propterea
1331 441 1404 477 quod
1436 441 1507 477 apud
1524 442 1669 470 haereticos
1696 443 1838 471 nonnullae

1041 494 1122 514 voces
1148 487 1247 522 impias
1269 487 1422 515 sententias
1446 488 1623 523 exprimunt,
1651 496 1744 516 earum
1771 497 1838 517 usus

1041 533 1206 567 rejiciendus
1218 538 1260 561 est
1272 552 1279 565 ,
1295 533 1342 561 sed
1361 533 1552 568 admittendze,
1577 535 1599 561 si
1619 536 1700 563 modo
1721 535 1773 563 illae
1793 537 1838 571 pie

1041 581 1224 616 intelligantur
1236 585 1263 608 et
1283 585 1452 608 asseruntur.
1470 590 1481 606 ›
1497 596 1532 601 -
1543 580 1659 609 Demum
1672 586 1700 609 et
1712 590 1744 610 ea
1768 590 1836 618 pen-

1041 629 1125 656 sanda
1142 633 1206 656 sunt
1223 636 1283 664 quae
1297 629 1328 656 Ι).
1347 629 1402 656 Leo
1418 629 1453 656 Μ.
1475 629 1611 657 inculcat:
1625 640 1634 655 ι
1650 629 1729 658 Nulla
1747 631 1783 658 ibi
1797 631 1837 666 (in

1042 674 1193 710 Trinitate‘)
1214 680 1336 711 tempora
1347 697 1354 708 ,
1370 676 1436 703 nulli
1449 676 1563 711 gradus,
1580 677 1661 704 nulla:
1673 677 1838 705 dill'erentize

1041 722 1209 757 cogitentur;
1221 726 1248 750 et
1259 723 1282 749 si
1293 730 1376 750 nemo
1389 724 1422 750 de
1439 721 1494 750 Deo
1508 727 1598 757 potest
1613 723 1750 758 explicare
1763 724 1838 758 quod

1041 773 1083 796 est.
1095 789 1102 800 ,
1117 776 1198 796 nctno
1212 769 1312 796 audeat
1328 770 1477 805 afﬁrmare,
1496 770 1565 804 quod
1582 778 1633 796 non
1652 775 1700 797 est.
1716 771 1839 798 Excusa-

1040 814 1122 843 bilius
1133 816 1206 842 enim
1220 820 1262 842 est
1272 816 1306 843 de
1323 820 1418 842 natura
1434 815 1562 842 ineffabili
1577 824 1629 842 nun
1643 816 1729 851 eloqui
1740 817 1836 851 digna.

1041 868 1122 894 quam
1145 861 1255 896 deﬁnire
1264 862 1409 888 rontraria.
1425 861 1560 896 Quidquid
1576 861 1667 896 itaque
1683 862 1717 889 de
1734 862 1839 897 sempi-

1043 910 1121 933 terna
1137 911 1164 934 et
1182 906 1398 934 incommutabili
1420 906 1505 941 gloria
1531 906 1619 934 Patris
1644 906 1688 941 pia
1719 912 1838 941 possunt

1043 952 1126 980 corda
1138 953 1294 988 concipere,
1312 953 1365 979 hoc
1379 952 1461 980 simul
1472 957 1499 979 et
1513 952 1547 979 de
1563 952 1632 979 Filio
1644 956 1673 979 et
1686 952 1720 979 de
1733 952 1837 987 Spiritu

1044 1003 1139 1027 saneto
1147 998 1364 1034 inseparabiliter
1370 1003 1452 1033 atque
1461 998 1649 1026 indiﬂ‘erenter
1656 998 1818 1033 intelligant.
1825 1008 1834 1024 ι

1045 1048 1144 1083 (Serm.
1166 1048 1192 1081 l,
1206 1048 1239 1076 de
1251 1047 1361 1076 Pentee.
1371 1056 1398 1076 c.
1413 1049 1430 1076 5
1443 1056 1450 1081 ;
1465 1047 1562 1074 Baller.
1574 1054 1658 1075 serm.
1672 1047 1716 1079 75,
1729 1055 1756 1080 p.
1767 1046 1837 1079 402,

1043 1095 1088 1122 ed.
1104 1094 1218 1129 Missa.)
1233 1103 1243 1120 ‹
1258 1094 1296 1122 De
1310 1102 1363 1130 qua
1379 1094 1420 1129 (S.
1436 1093 1581 1129 Trinitate)
1594 1101 1656 1121 cum
1670 1093 1700 1120 S.
1715 1093 1838 1128 Scriptu-

1045 1149 1073 1168 ra
1086 1141 1124 1169 sic
1138 1142 1259 1177 loquitur
1273 1161 1280 1174 ,
1295 1147 1326 1169 ut
1337 1145 1384 1168 aut
1397 1141 1423 1168 in
1438 1140 1517 1168 lactis
1527 1145 1574 1168 aut
1590 1141 1619 1168 in
1635 1140 1725 1168 verbis
1736 1140 1837 1175 aliquid

1044 1188 1180 1223 assignet,
1198 1188 1269 1223 quod
1289 1187 1401 1223 singulis
1413 1187 1537 1214 videatur
1549 1187 1684 1213 convenire
1700 1187 1818 1221 personis
1828 1207 1837 1220 ,

1044 1240 1099 1260 non
1114 1234 1290 1267 perturbatur
1302 1233 1370 1261 ﬁdes
1383 1233 1515 1260 catholica
1527 1253 1535 1265 ,
1547 1233 1594 1260 sed
1607 1232 1737 1264 docetur;
1752 1237 1780 1259 ut
1790 1241 1839 1267 per

1046 1278 1122 1315 [267]
1137 1280 1330 1315 proprietatem
1350 1284 1398 1307 aut
1410 1279 1485 1306 vocis
1503 1283 1551 1306 aut
1573 1279 1664 1314 operis
1683 1278 1838 1306 insinuetur

1045 1326 1125 1353 nobis
1139 1327 1240 1354 veritas
1262 1326 1414 1359 Trinitatis,
1425 1330 1454 1354 et
1469 1334 1520 1353 non
1545 1326 1645 1352 dividat
1670 1324 1836 1357 intellectus,

1046 1372 1115 1407 quod
1136 1372 1273 1408 distinguit
1291 1371 1412 1399 auditus.
1427 1371 1468 1399 0b
1483 1371 1535 1398 hoc
1555 1371 1628 1398 enim
1643 1371 1766 1405 quaedam
1781 1370 1838 1398 sive

1047 1418 1098 1445 sub
1116 1418 1204 1446 Patris
1224 1419 1282 1446 sive
1300 1419 1351 1446 sub
1367 1418 1428 1445 Filii
1455 1417 1513 1445 sive
1538 1417 1590 1444 sub
1611 1416 1729 1452 Spiritus
1751 1416 1840 1444 sancti

1046 1464 1229 1499 appellatione
1247 1468 1410 1499 promuntur
1430 1484 1438 1497 ,
1456 1467 1485 1490 ut
1505 1462 1642 1490 confessio
1665 1462 1784 1489 ﬁdelium
1811 1463 1838 1488 in

1047 1511 1251 1539 Trinitate-non
1262 1515 1352 1544 erret;
1366 1519 1424 1546 qua:
1435 1519 1493 1537 cum
1510 1511 1542 1537 ait
1558 1509 1754 1545 inseparabilis,
1769 1517 1839 1535 nun-

1048 1565 1129 1593 quam
1140 1557 1331 1592 intelligeretur
1341 1564 1396 1583 esse
1410 1555 1538 1588 Trinitas,
1548 1556 1570 1582 si
1581 1563 1682 1591 semper
1696 1556 1840 1589 insepara-

1044 1605 1131 1632 biliter
1144 1605 1288 1632 diceretur.
1305 1603 1378 1631 Bene
1392 1611 1457 1639 ergo
1474 1603 1533 1638 ipsa
1549 1603 1694 1630 dilIicultas
1709 1603 1839 1638 loquendi

1044 1659 1092 1678 cor
1113 1657 1237 1679 nostrum
1259 1651 1292 1678 ad
1316 1650 1522 1684 intelligentiam
1540 1649 1634 1683 trahit,
1653 1653 1681 1676 et
1697 1657 1746 1684 per
1762 1649 1840 1676 inﬁr-

1044 1697 1167 1723 mitatem
1192 1700 1313 1722 nostram
1328 1695 1446 1723 cmlestis
1462 1694 1584 1722 doctrina
1607 1702 1658 1721 nos
1671 1695 1795 1729 adjuvat.
1811 1699 1841 1722 ut

1044 1743 1106 1778 quia
1119 1743 1146 1770 in
1163 1742 1268 1770 Deitate
1284 1742 1371 1770 Patris
1386 1747 1414 1770 et
1426 1742 1485 1769 Filii
1500 1747 1529 1769 et
1551 1742 1671 1777 Spiritus
1685 1743 1772 1769 sancti
1787 1750 1840 1770 nec

1045 1789 1216 1825 singularitas
1236 1793 1278 1816 est
1291 1796 1342 1816 nec
1358 1789 1500 1816 diversitas
1523 1788 1666 1823 cogitanda
1679 1809 1686 1821 ,
1700 1796 1762 1816 vera
1779 1790 1840 1816 uni-

1045 1841 1086 1864 tas
1106 1841 1133 1863 et
1146 1844 1210 1863 vera
1226 1835 1344 1862 Trinitas
1356 1836 1442 1870 possit
1454 1835 1564 1869 quidem
1580 1835 1662 1862 simul
1679 1841 1772 1863 mente
1785 1835 1838 1863 ali-

1044 1886 1179 1916 quatenus
1190 1881 1284 1908 sentiri
1298 1901 1305 1914 ,
1323 1881 1370 1908 sed
1382 1888 1437 1907 non
1456 1880 1542 1915 possit
1552 1881 1632 1907 simul
1644 1888 1688 1908 ore
1695 1881 1835 1917 proferria

1047 1927 1150 1963 (Serm.
1161 1927 1179 1955 2
1190 1948 1198 1961 ,
1210 1927 1237 1954 in
1251 1927 1360 1955 Pentec.
1378 1934 1403 1954 c.
1422 1926 1456 1959 2;
1470 1926 1538 1953 Ball.
1559 1934 1642 1954 serm.
1656 1927 1706 1958 76.
1724 1936 1751 1963 p.
1773 1928 1838 1960 405,

1045 1974 1090 2002 ed.
1103 1974 1163 2004 cit.)

1046 2032 1090 2061 ιν,
1113 2047 1149 2053 -
1176 2032 1217 2059 Ad
1245 2032 1379 2067 principali
1402 2031 1491 2059 ΡΙιοιὶὶ
1517 2032 1677 2067 sophismata
1702 2033 1838 2060 variorum

1170 2067 1348 2103 theologorum
1361 2075 1485 2102 respousa
1501 2075 1694 2101 proponuntur.

1082 2115 1108 2142 l.
1126 2114 1174 2143 His
1185 2114 1219 2142 de
1234 2113 1375 2149 principiis
1398 2113 1488 2141 Photii
1510 2113 1635 2141 delibatis
1658 2115 1714 2149 jam
1741 2114 1839 2143 miram

1046 2161 1118 2189 illam
1134 2161 1332 2197 sophismatum
1347 2160 1446 2188 seriem
1464 2160 1672 2195 perlustremus,
1687 2169 1740 2196 qua
1757 2169 1838 2189 suum

1046 2208 1176 2243 placitum
1194 2207 1316 2234 stabilire
1330 2211 1454 2234 conatur.
1471 2207 1602 2234 Adductis
1624 2207 1715 2242 itaque
1736 2208 1838 2235 Christi

1048 2254 1139 2282 verbis
1157 2253 1236 2281 Joan.
1250 2262 1295 2286 xv,
1307 2254 1342 2280 '26
1355 2254 1425 2288 (cap.
1439 2253 1468 2287 2)
1479 2254 1516 2280 ita
1528 2253 1838 2290 ratiocinatur(cap.5):

1047 2301 1130 2328 Filius
1150 2305 1178 2328 et
1198 2300 1316 2334 Spiritus
1331 2307 1363 2327 ex
1383 2299 1479 2327 eodem
1491 2299 1637 2334 principio.
1662 2298 1742 2326 Patre
1755 2300 1815 2327 scil.
1830 2319 1839 2331 ,

1047 2354 1127 2374 suum
1136 2347 1238 2375 habent
1248 2353 1322 2378 esse.
1334 2346 1399 2373 licet
1413 2345 1522 2372 diverso
1537 2345 1617 2372 modo
1631 2366 1639 2377 ,
1652 2349 1717 2372 sunt
1725 2345 1840 2372 omnino

1046 2393 1140 2421 eadem
1166 2397 1263 2420 natura
1285 2397 1312 2420 et
1339 2393 1396 2428 pari
1412 2392 1515 2419 honore
1539 2392 1663 2427 praediti;
1688 2392 1803 2427 proinde
1815 2393 1839 2419 si

1047 2440 1133 2468 Filius
1163 2440 1281 2476 Spiritus
1305 2441 1393 2467 sancti
1423 2443 1497 2467 esset
1522 2439 1708 2474 principium,
1738 2439 1841 2474 pariter

1047 2487 1107 2514 Filii
1121 2486 1285 2521 principium
1297 2486 1368 2513 foret
1377 2486 1496 2521 Spiritus
1506 2490 1617 2513 sanctus
1630 2485 1699 2512 alter
1709 2485 1786 2512 alteri
1797 2486 1839 2511 vi-

1047 2533 1139 2561 cissim
1152 2533 1352 2560 dcberetcausa
1361 2533 1492 2560 exsistere
1503 2536 1584 2567 atque
1593 2532 1677 2559 Filius
1687 2540 1720 2559 ex
1732 2532 1838 2567 Spiritu

1047 2587 1154 2614 quoque
1172 2579 1304 2613 generari.
1320 2578 1396 2611 Quod
1416 2586 1482 2605 sane
1501 2582 1693 2612 argumentum
1710 2584 1764 2604 non
1780 2584 1840 2603 ma-

1047 2625 1092 2660 gni
1106 2624 1233 2660 ponderis
1248 2629 1300 2651 est.
1314 2625 1391 2651 Sicut
1407 2623 1479 2651 enim
1499 2623 1645 2658 :equalitati
1665 2628 1694 2651 et
1720 2624 1840 2650 consub-

1046 2730 1091 2749 ται
1105 2721 1133 2748 δὲ
1147 2722 1161 2748 ὁ
1176 2721 1239 2752 Υἱὸς
1252 2741 1258 2752 ,
1282 2722 1329 2747 καὶ
1350 2721 1408 2755 μετ’
1427 2722 1531 2747 ἐκεῖνον
1553 2720 1583 2747 τὸ
1604 2719 1732 2755 Πνεῦμα,
1750 2719 1840 2756 ὀρθῶς

1047 2757 1204 2788 διαιτῶντες
1222 2757 1259 2791 τῷ
1274 2756 1355 2793 λόγῳ,
1373 2757 1422 2790 οὺχ
1438 2757 1474 2788 ὡς
1487 2756 1736 2793 ἐκείνοςχΜθτειξξ)
1747 2764 1778 2782 τε
1792 2755 1841 2793 ita!

1047 2794 1071 2819 οἱ
1086 2792 1146 2819 κατ’
1167 2792 1249 2819 αὑτὸν
1262 2812 1268 2824 ,
1291 2791 1375 2826 μηδὲν
1392 2792 1460 2823 ὅλως
1483 2791 1650 2817 διαστέλλειν
1675 2791 1786 2822 εἰδότες·
1801 2791 1839 2822 ὡς

1047 2829 1077 2854 ὲν
1092 2828 1182 2859 ἄλλοις
1198 2828 1266 2861 πρὸς
1279 2828 1324 2853 τὸν
1340 2827 1423 2855 αὑτοῦ
1438 2826 1600 2855 διδάσκαλον
1614 2826 1748 2861 ιιαλαμᾶν
1760 2826 1839 2862 εἰρή-

1047 2871 1135 2898 καμεν
1151 2863 1323 2898 τελεώτερον.
