1945 3088
102 154 145 189 49Ί
438 161 486 192 DE
506 162 536 192 S.
557 163 657 193 SPIR.
672 164 925 194 MYSTAGOGIA.
943 177 978 183 ·-
994 165 1366 196 ANIMADVERSIONES.
1666 166 1721 198 498

99 215 255 244 stantialitati
267 216 356 245 Patris
369 221 397 245 et
409 217 471 245 Filii
487 226 542 246 non
555 219 649 250 allicit.
662 220 734 254 quod
747 228 780 248 ex
793 220 872 247 Patre
886 223 908 250 Α
925 219 956 247 Β.
984 220 1028 255 C.)
1058 229 1066 248 :
1101 229 1111 246 ι
1140 220 1220 253 Ecce,
1239 225 1301 255 post
1335 221 1453 255 primum
1487 221 1672 256 vaniloquium
1690 227 1719 251 et

99 268 162 288 suum
174 269 235 289 esse
246 262 327 290 habet
335 262 421 290 Filius
432 284 439 297 ,
452 263 488 291 ita
506 272 595 300 neque
605 265 752 300 :equalitati
766 269 794 292 et
807 272 873 292 con-
926 265 1068 293 illecebras
1090 264 1211 300 praesidis
1221 269 1249 292 et
1269 265 1389 293 auctoris
1405 266 1488 293 totius
1502 266 1657 294 schismatis
1668 267 1720 295 im-

98 307 305 335 substantialitati
321 308 381 336 Filii
398 314 425 337 et
444 309 563 346 Spiritus
582 312 660 339 obest
680 311 764 346 hujus
781 320 814 339 ex
830 313 876 340 illo
926 311 1024 347 pudica
1053 311 1143 346 lingua
1166 315 1193 337 et
1218 309 1362 337 inﬁciatrix
1387 311 1556 338 conscientia
1586 317 1718 346 quantam

96 354 237 388 processio;
263 355 333 382 sicut
354 355 495 383 homousia
519 356 606 384 Patris
616 362 642 385 et
659 357 718 384 Filii
733 357 875 394 [268jnun
926 355 1121 389 conceperitet
1133 354 1477 390 pepereritblasphemiam
1490 356 1496 383 ι
1509 356 1629 384 scribere
1642 365 1718 390 ausa,

96 400 216 434 postulat,
233 404 300 428 utet
318 401 403 429 Filius
422 401 512 430 Patris
536 403 669 431 habeatur
689 405 855 439 principium
867 426 874 438 ,

941 408 987 435 ‘uaa
1003 399 1104 427 nullius
1118 399 1198 432 alius,
1212 404 1239 427 et
1255 407 1440 434 supervacuos
1456 406 1579 428 extrema
1591 409 1721 437 arrogan-

97 446 130 474 sic
138 447 332 474 nechomousia
345 447 405 476 Filii
418 453 446 476 et
463 448 581 484 Spiritus
594 450 681 477 sancti
694 451 791 485 exigit,
805 457 834 478 ut
850 456 877 478 et
890 447 963 491 flia
989 446 1157 482 syllogismos
1195 453 1371 481 componere-
1400 445 1503 473 Similis
1544 447 1722 483 interrogatio

97 491 203 527 Spiritus
218 492 277 520 Filii
295 494 367 529 ἁρχὴ
384 500 544 528 censeatur;
559 501 587 523 et
601 496 672 524 sicut
688 497 768 524 trium
782 504 875 532 perso-

96 546 180 566 narum
199 540 339 574 aequalitas
353 549 409 568 non
425 542 495 569 tollit
508 542 591 570 unius
608 543 790 578 principatum
801 564 807 576 ,
822 551 877 578 quo

96 589 245 611 camerarum
262 589 303 611 est
325 586 490 621 principium
500 608 508 620 ,
522 587 559 614 ita
571 595 666 614 eorum
685 596 747 623 quae
761 593 825 616 sunt
842 597 876 616 ex

96 630 228 665 principio,
238 632 381 666 aequalitas
388 641 443 659 non
457 633 526 660 tollit
540 633 657 668 Spiritus
673 635 876 669 processiouem

95 684 138 711 per
155 677 330 712 Filium(7'2).
347 678 376 705 Si
388 687 421 706 ex
443 680 731 709 consubstantialitatc
754 684 823 710 mute
844 691 877 709 ac

96 729 137 756 per
146 731 171 749 se
185 728 303 757 spectata
326 724 392 752 illud
411 725 555 752 deducitur
574 734 764 762 consequens,
791 728 878 755 mani-

97 767 155 795 feSIe
165 773 207 795 est
220 768 317 796 falsum
331 778 338 802 ;
361 775 426 798 tunc
439 771 552 799 deberet
569 773 691 801 etPatris
712 774 878 810 principium

96 813 143 841 dici
161 813 245 841 Filius
260 822 293 842 eo
310 817 382 850 quod
394 816 449 843 sint
470 817 729 846 consubstantiales.
745 819 840 854 Neque
851 820 878 848 id

95 861 159 894 quod
174 861 207 889 ad
229 861 334 889 Patrem
353 868 383 890 ut
406 864 439 890 ad
460 872 607 892 commune
633 865 798 901 principium
821 871 877 894 tum

926 493 1016 520 eidem
1046 492 1170 520 imminet
1186 501 1192 519 :
1207 492 1230 520 si
1253 492 1327 520 enim
1344 500 1379 519 ex
1394 501 1448 520 una
1463 500 1556 525 causa,
1570 493 1662 527 Patre,
1680 494 1722 521 Fi-

926 540 980 567 lius
1000 539 1174 574 Spiritusque
1202 540 1379 575 proveniunt,
1405 540 1487 566 mittit
1502 545 1593 567 autem
1610 548 1722 567 rursum

928 585 1062 621 Spiritum
1079 585 1177 618 Filius,
1194 590 1224 612 ut
1250 586 1308 620 ipse
1321 585 1459 620 perhibet,
1476 586 1614 620 quomodo
1628 585 1723 620 utique

928 631 1132 666 consequentiae
1155 632 1289 659 sustineat
1311 631 1389 663 ratio,
1406 639 1461 658 non
1481 631 1607 666 generari
1622 631 1724 658 Filium

928 678 972 706 vel
995 677 1066 705 ruitti
1081 686 1096 705 a
1113 678 1217 712 Spiritu
1231 678 1243 704 ?
1258 677 1327 705 Cum
1351 677 1425 704 enim
1446 678 1586 712 aequaliter
1599 678 1680 706 ambo
1690 685 1725 706 ex

930 732 982 751 una
996 731 1078 751 causa
1093 724 1266 759 proveniant,
1284 729 1416 758 quantum
1436 732 1452 750 a
1467 723 1548 751 Patre
1572 723 1658 751 Filius
1678 731 1724 751 ac—

929 769 1006 804 cipit,
1027 770 1198 797 tantumdem
1210 770 1335 805 acciperc
1352 770 1434 798 debet
1447 769 1576 805 Spiritus.
1597 768 1688 802 Quare
1701 769 1725 797 si

929 816 1014 844 Filius
1033 816 1116 844 mittit
1132 816 1277 851 Spiritum,
1295 821 1323 843 et
1340 816 1457 851 Spiritus
1481 821 1593 852 generat
1614 815 1724 846 Filium.

931 868 960 890 ιιι
986 863 1215 898 quemadmodum
1238 862 1324 890 Filius
1344 870 1358 890 a
1385 863 1463 890 Patre
1481 862 1564 890 mittit
1580 862 1724 898 Spiritum,

97 905 173 934 Filius
188 911 243 934 tum
258 907 375 942 Spiritus
385 910 556 943 referuntur,
574 919 620 945 per
632 920 660 938 se
671 912 743 939 hanc
757 913 879 949 recipi—0-
895 904 916 931 Β
931 909 967 936 ita
984 914 1012 936 et
1029 909 1149 944 Spiritus
1164 909 1399 943 recotnpeusando
1416 909 1532 944 gratiam
1555 917 1570 936 a
1584 908 1665 936 Patre
1677 916 1725 944 ge—

95 959 148 979 cam
172 953 353 989 principiandi
375 955 531 984 facultatem
553 957 662 992 utrique
687 959 820 990 vindicat.
850 965 880 987 ut

95 1002 212 1032 apertum
235 1004 296 1033 est;
315 1001 414 1029 deinde
432 1007 614 1038 prmterquam
630 1005 704 1039 quod
715 1013 748 1032 ex
761 1006 881 1034 revelata

97 1043 216 1072 doctrina
242 1045 360 1081 Spiritus
385 1052 498 1076 sanctus
528 1049 645 1077 habetur
672 1051 882 1080 immauentium

94 1089 224 1125 originum
243 1092 391 1126 terminus,
408 1093 459 1121 alia
473 1099 530 1126 est,
545 1100 575 1122 ιιι
591 1103 641 1123 nec
653 1096 769 1125 Photius
782 1098 882 1126 dillite-

95 1139 150 1168 tur,
164 1138 304 1172 generatio
316 1158 323 1170 ,
343 1139 397 1166 alia
415 1139 533 1175 Spiritus
558 1143 644 1170 sancti
665 1144 822 1178 processio,
846 1144 883 1172 ita

95 1186 120 1208 ut
135 1190 187 1209 non
201 1183 296 1210 eadem
306 1185 412 1213 ratione
425 1185 506 1213 Pater
517 1187 553 1214 sit
563 1187 623 1214 Filii
631 1193 658 1215 et
666 1189 753 1216 sancti
765 1189 884 1225 Spiritus

94 1227 175 1262 ἀρχήν
198 1227 250 1261 (Cf.
263 1228 377 1257 Beccum
389 1230 417 1257 in
431 1230 568 1259 Camateri
583 1233 727 1262 Auimadv.
739 1243 764 1262 c.
778 1235 823 1267 5t),
837 1236 882 1270 54,

94 1273 142 1306 ὥς
158 1274 189 1302 G.
205 1274 236 1302 0.
254 1275 291 1308 ll,
309 1277 375 1310 355,
394 1278 447 1305 562
458 1298 466 1310 ,
481 1278 549 1312 565,
566 1280 647 1316 575.)
660 1281 738 1314 Quod
753 1291 805 1310 una
821 1291 884 1318 per-

94 1327 159 1348 sona
176 1327 300 1356 respectu
323 1322 445 1356 ejusdem
466 1325 579 1354 alterius
600 1334 724 1362 personae
742 1329 774 1356 sit
804 1329 885 1357 simul

94 1367 257 1403 principium
273 1373 301 1397 et
323 1370 516 1406 principiatum
529 1392 536 1404 ,
556 1373 704 1401 absurdutn
724 1375 804 1409 plane
825 1381 883 1409 est;

94 1415 142 1442 sed
162 1416 311 1444 absurdum
334 1426 389 1445 non
409 1423 451 1446 est
470 1418 569 1447 Filium
590 1429 644 1448 una
665 1429 728 1449 cum
747 1422 844 1456 Patre,
870 1431 886 1450 a

94 1468 148 1495 quo
163 1467 309 1496 generatur
321 1483 328 1496 ,
341 1463 446 1497 spirare
460 1463 594 1500 Spiritum
606 1487 613 1499 ,
628 1467 712 1494 relate
721 1467 755 1495 ad
768 1467 885 1502 primaut

95 1513 240 1540 personam
260 1515 322 1535 esse
337 1509 470 1542 αἰτιατδν,
487 1510 571 1538 relate
585 1512 619 1538 ad
637 1513 744 1540 tertiam
761 1521 825 1541 vero
842 1515 886 1541 αἰ-

95 1553 168 1605 atait
183 1564 191 1580 ι
207 1555 489 1605 Εδςςὶημὶιίρρῗςεδ,
503 1558 541 1585 ait
553 1557 629 1594 Hugo
639 1558 845 1605 Etherianusll.
858 1569 866 1588 ι
877 1581 885 1594 ,
901 1576 923 1605 c

94 1605 120 1625 c.
135 1598 185 1631 l0,
203 1607 230 1634 p.
247 1599 317 1627 1204
333 1599 379 1635 Ο.)
394 1601 439 1628 alii
455 1606 545 1636 potest
564 1610 624 1630 esse
639 1610 720 1630 causa
735 1603 841 1638 (αἰτία)
859 1608 888 1631 et

94 1643 142 1670 alii
154 1644 323 1672 causativum
340 1645 514 1682 (alrtazév);
530 1647 618 1675 eidem
636 1656 701 1676 vero
714 1649 783 1676 nihil
799 1653 889 1684 potest

95 1697 179 1717 causa
195 1695 222 1718 et
241 1691 411 1719 causativum
435 1700 515 1726 esse;
545 1693 626 1721 Pater
646 1695 757 1729 quidem
785 1695 847 1722 Filii
863 1699 891 1723 et

95 1736 215 1771 Spiritus
226 1745 307 1765 causa
322 1739 430 1766 exsistit
440 1748 447 1772 ;
457 1743 485 1767 at
495 1740 578 1767 Filius
587 1748 759 1776 nequaquam
771 1742 891 1777 Spiritus

94 1791 179 1810 causa
197 1785 290 1819 negari
308 1785 396 1812 debet.
408 1794 417 1811 ι
441 1785 520 1813 Nulla
538 1794 603 1814 sane
619 1787 774 1814 ostenditur
793 1795 892 1816 neces-

95 1829 166 1856 sitas
176 1849 183 1861 ,
198 1830 233 1857 ob
244 1838 323 1864 quam
339 1830 458 1865 Spiritus
468 1832 527 1859 Filii
543 1832 615 1868 ἀρχὴ
627 1834 662 1860 sit
673 1834 891 1869 existimandus;

95 1875 148 1902 sed
169 1875 247 1909 plura
265 1876 379 1903 omnino
397 1877 544 1910 evincunt,
564 1886 617 1904 una
635 1877 709 1915 [269]
725 1887 787 1906 cum
811 1879 893 1908 Patre

96 1920 200 1948 Filium
211 1921 330 1957 Spiritus
338 1929 449 1951 sanctus
461 1923 619 1959 dpxhvesse
631 1925 798 1953 habendum.
810 1925 894 1954 Recte

96 1968 177 1996 card.
203 1968 345 1996 Bessarion
373 1970 436 2004 (ep.
455 1970 496 1997 Ad
514 1972 591 1998 Alex.
609 1971 686 1999 Law.
705 1980 731 1999 c.
750 1972 783 2005 7;
809 1972 894 2000 Hard.

96 2012 146 2046 ΙΧ,
176 2013 262 2045 1062,
291 2014 377 2049 1065)
402 2019 496 2042 contra
514 2015 659 2043 dicentes:
679 2026 688 2042 ι
708 2016 736 2043 Si
764 2017 895 2052 spirativa

97 2059 225 2094 potentia
245 2063 287 2086 est
298 2058 367 2087 Filio
382 2068 444 2087 cum
460 2060 540 2088 Patre
554 2062 718 2095 communis,
732 2067 797 2090 tunc
811 2071 896 2098 gene-

97 2103 189 2131 rativa
205 2104 327 2138 potentia
342 2112 404 2131 cum
418 2105 497 2133 Patre
518 2105 632 2141 Spiritui
649 2107 803 2134 communis
813 2113 865 2141 est,
884 2117 894 2134 ›

99 2151 164 2178 ιιωο
175 2151 302 2178 observat
317 2159 323 2177 :
339 2151 525 2185 l)Generatio
539 2153 714 2180 constitutiva
724 2158 766 2181 est
777 2158 898 2189 paternae

99 2204 231 2231 personat
251 2201 278 2224 et
299 2197 578 2232 incommunicabilis,
603 2207 658 2226 non
675 2207 741 2227 vero
762 2200 898 2235 spiratio;

931 960 1009 983 nerct
1019 955 1129 982 Filium.
1156 954 1303 989 Amplius:
1321 954 1433 982 Filiusa
1463 955 1544 982 Patre
1565 955 1674 989 accipit,
1698 959 1728 982 ut

931 1001 991 1036 ejus
1021 1001 1057 1028 sit
1080 1000 1259 1034 Paracletus;
1283 1008 1369 1036 quare
1389 1009 1444 1029 non
1469 1001 1595 1028 similiter
1612 1001 1728 1036 accipiat

934 1047 1053 1081 Spiritus
1078 1051 1109 1074 ut
1136 1047 1197 1082 ejus
1225 1047 1333 1074 dicatur
1352 1046 1496 1074 Verbum?
1510 1048 1600 1080 Quare
1615 1047 1727 1082 quidem

933 1093 1152 1127 recompensatio
1165 1098 1192 1121 et
1207 1093 1348 1129 aequalitas
1364 1093 1392 1120 in
1407 1093 1459 1121 hoc
1476 1094 1594 1126 exsistit,
1612 1099 1643 1121 ut
1657 1094 1728 1121 sicut

933 1137 1049 1164 Filiusa
1066 1136 1147 1164 Patre
1170 1138 1270 1173 accipit
1291 1145 1402 1166 causam
1422 1146 1484 1166 esse
1502 1138 1577 1175 [270]
1596 1138 1728 1174 Spiritus,

934 1184 975 1211 sic
992 1184 1085 1219 utique
1114 1183 1233 1219 Spiritus
1251 1185 1285 1212 ab
1300 1186 1396 1213 eodem
1420 1185 1500 1213 Patre
1519 1186 1620 1221 accipit
1636 1186 1664 1221 (Ι.
1681 1194 1728 1214 ac-

935 1230 1039 1265 cipiat),
1062 1230 1231 1258 causativum
1252 1239 1312 1259 esse
1329 1231 1401 1259 Filii.
1417 1231 1448 1259 In
1460 1240 1515 1268 quo
1533 1240 1588 1259 non
1601 1240 1727 1260 corrum-

935 1276 1009 1311 pitur
1026 1276 1087 1304 ﬁdei
1102 1277 1184 1311 {ratio
1204 1277 1286 1304 salvis
1301 1277 1454 1305 adinvicem
1473 1278 1566 1313 utique
1577 1279 1729 1313 proprieta-

937 1323 1011 1350 tibus
1038 1323 1140 1358 pariter
1164 1328 1247 1358 atque
1270 1324 1420 1359 aequaliter.
1444 1335 1453 1351 ι
1473 1324 1541 1352 Cum
1572 1325 1615 1352 his
1639 1329 1731 1352 autem

935 1369 1056 1405 cajungi
1081 1369 1192 1403 debent,
1217 1378 1278 1405 qua:
1303 1371 1374 1398 idem
1391 1375 1488 1398 auctor
1508 1372 1540 1399 ad
1559 1371 1733 1399 NicolaiMe-

938 1414 1080 1442 thoneusis
1102 1415 1226 1449 ejusdem
1253 1415 1362 1451 generis
1387 1422 1547 1451 argumenta
1577 1416 1639 1451 (Ph.
1662 1424 1688 1444 c.
1703 1417 1731 1448 5,

937 1468 1001 1490 nota
1015 1462 1042 1498 9)
1058 1463 1112 1498 jam
1135 1463 1211 1498 prius
1236 1463 1427 1498 responderat.
1447 1462 1622 1491 Methonensi
1638 1463 1732 1498 itaque

938 1511 974 1546 (c.
993 1510 1020 1545 5)
1046 1511 1181 1545 arguenti,
1204 1509 1232 1536 in
1255 1509 1414 1537 Latinorum
1436 1510 1558 1537 doctrina
1579 1509 1733 1537 conceden-

939 1557 1138 1586 dummmniuo
1163 1565 1234 1589 esse,
1254 1560 1283 1583 et
1296 1555 1396 1584 Filium
1413 1564 1447 1583 ex
1469 1556 1574 1591 Spiritu
1596 1556 1733 1592 generari,

940 1604 1011 1631 sicut
1025 1611 1057 1630 ex
1071 1603 1162 1634 Patre,
1174 1603 1237 1638 quia
1254 1602 1335 1630 Pater
1349 1607 1377 1630 et
1401 1603 1522 1638 Spiritus
1547 1603 1602 1630 sint
1615 1603 1735 1630 consub-

940 1649 1091 1680 stantiales.
1125 1649 1179 1676 nisi
1194 1649 1221 1676 in
1244 1648 1397 1676 Macedonii
1415 1649 1531 1676 haeresin
1550 1649 1673 1676 incidere
1687 1656 1735 1676 ve-

941 1695 1032 1728 limus,
1056 1694 1133 1730 Hugo
1150 1695 1178 1730 (Ι.
1193 1703 1222 1727 ιι,
1240 1702 1265 1722 c.
1284 1695 1328 1724 l8.
1349 1702 1376 1729 p.
1393 1694 1460 1721 12ιὲ
1475 1694 1507 1726 D,
1525 1694 1567 1728 Ε).
1587 1695 1624 1722 ita
1635 1702 1737 1722 occur-

941 1741 978 1768 rit
993 1750 1000 1768 :
1016 1750 1025 1766 ‹
1042 1741 1077 1768 At
1091 1741 1135 1768 hic
1149 1741 1260 1776 quidem
1273 1741 1316 1768 vir
1330 1740 1435 1768 veritati
1459 1740 1571 1767 minime
1585 1741 1736 1775 appropin-

943 1793 1019 1822 quat.
1033 1787 1122 1814 Latini
1149 1787 1251 1822 quippe
1275 1794 1330 1814 non
1350 1787 1411 1814 ideo
1428 1786 1524 1814 dicunt
1557 1784 1689 1820 Spiritum
1703 1792 1736 1812 ex

944 1832 1013 1860 Filio
1040 1840 1111 1865 esse,
1140 1832 1214 1868 quod
1247 1831 1328 1859 Pater
1352 1836 1380 1860 et
1397 1832 1483 1859 Filius
1504 1839 1576 1859 unus
1590 1831 1662 1858 Deus
1681 1830 1737 1858 sint

946 1878 995 1914 (sc.
1012 1879 1035 1906 si
1051 1878 1078 1906 id
1088 1878 1149 1906 sine
1165 1878 1221 1905 ullo
1235 1878 1289 1906 alio
1310 1882 1438 1913 respectu
1454 1885 1501 1913 per
1514 1885 1541 1904 σε
1558 1881 1590 1904 ut
1604 1877 1674 1904 ratio
1687 1877 1738 1904 Ita-

945 1922 1048 1957 betur),
1075 1930 1127 1950 nec
1141 1930 1189 1957 per
1206 1922 1323 1957 aliquam
1336 1922 1388 1949 hoc
1407 1922 1499 1950 dicere
1519 1921 1737 1957 disputationem

945 1968 1032 1996 coacti
1056 1973 1140 2000 sunt;
1167 1969 1214 1996 sed
1237 1973 1381 2004 propterea
1404 1976 1438 1996 ex
1465 1973 1583 2003 utroque
1606 1967 1739 2003 Spiritum

947 2015 1096 2051 procedere
1115 2015 1245 2045 fatentur,
1259 2015 1323 2051 quia
1337 2015 1477 2050 aequaliter
1493 2015 1553 2043 Filii
1563 2019 1646 2050 atque
1654 2014 1740 2043 Patris

947 2061 1120 2096 exsistit,non
1127 2061 1308 2094 condibiliter,
1318 2069 1372 2089 non
1382 2061 1559 2094 nascibiliter,
1568 2069 1623 2088 non
1631 2068 1741 2096 posses-

948 2107 1015 2140 sire,
1027 2107 1075 2134 sed
1086 2107 1209 2134 similiter
1222 2107 1364 2134 amborum
1377 2112 1429 2138 est.
1443 2114 1615 2142 nequaquam
1626 2111 1654 2134 ut
1665 2112 1742 2134 actus

948 2157 977 2180 et
987 2160 1056 2187 opus
1073 2157 1114 2179 est
1129 2152 1257 2185 hominis,
1275 2152 1322 2179 sed
1336 2153 1536 2187 quodammodo
1554 2156 1584 2179 ut
1591 2151 1658 2179 radii
1670 2152 1742 2179 alma

950 2198 996 2225 lux
1013 2198 1121 2226 exsistit
1137 2203 1165 2225 et
1177 2196 1253 2225 solis.
1273 2207 1282 2223 ι
1300 2198 1334 2225 Et
1358 2198 1439 2234 paulo
1454 2203 1515 2233 post
1535 2199 1624 2233 pergit
1640 2207 1647 2225 :
1666 2206 1676 2224 ι
1690 2197 1742 2233 0p-

98 2243 136 2278 !)
150 2243 273 2278 implicat
292 2244 545 2278 contradictionem,
558 2245 689 2281 Spiritum
709 2247 744 2274 ad
763 2247 832 2274 idem
851 2247 900 2283 (ad
918 2250 938 2278 0
953 2249 1037 2280 punet
1062 2238 1158 2271 autem
1186 2244 1305 2279 aliquis:
1328 2243 1446 2279 Spiritus
1469 2252 1519 2279 par
1546 2248 1589 2271 est
1617 2251 1742 2279 persome

101 2288 227 2324 Filium)
244 2297 306 2317 esse
322 2290 403 2317 simul
423 2290 587 2326 principium
600 2296 627 2318 et
646 2292 837 2327 principiatum
849 2292 900 2328 ;5)

101 2335 250 2371 generatio
272 2340 313 2363 est
333 2336 421 2370 prima
441 2341 469 2364 et
489 2337 643 2366 immediata
665 2338 753 2367 Patris
775 2339 903 2372 actio,et

101 2382 172 2410 ideo
192 2390 246 2410 non
263 2387 354 2417 potest
372 2388 529 2418 competere
546 2379 676 2419 Spiritui,
696 2386 774 2419 cujus
788 2386 902 2421 spiratio

100 2430 235 2464 sequitur
248 2429 464 2464 generationem.

141 2475 173 2503 2.
187 2476 225 2503 De
238 2476 366 2511 praesenti
388 2476 477 2504 Photii
491 2482 651 2513 argumento
676 2478 793 2506 breviter
808 2479 863 2515 agit
875 2479 901 2507 J.

100 2523 218 2550 Becws
238 2522 287 2558 (De
300 2530 344 2550 un.
362 2522 435 2550 Eccl.
463 2530 488 2551 c.
513 2523 558 2556 43,
573 2523 627 2556 63;
654 2524 686 2552 ϐ.
704 2523 737 2551 0.
752 2524 780 2559 :I,
795 2533 823 2560 p.
839 2526 901 2559 164,

100 2569 175 2602 165,
187 2568 262 2603 206).
272 2568 326 2596 Sed
337 2574 447 2604 praestat
456 2569 596 2605 Hugonem
608 2570 784 2598 Etlierianum
797 2572 901 2603 audire,

101 2615 192 2650 cujus
215 2615 238 2642 si
266 2622 320 2641 non
345 2615 436 2641 omnia
453 2615 534 2650 plane
560 2616 741 2650 satisfaciunt,
773 2617 903 2652 pleraque

101 2660 210 2688 saltem
236 2660 317 2695 digna
332 2664 395 2687 sunt
413 2660 599 2696 theologorum
618 2661 838 2690 consideratione
852 2671 904 2691 nec

101 2709 187 2736 omni
203 2716 316 2743 prorsus
332 2708 357 2735 vi
370 2707 564 2736 destituuntur.
582 2709 674 2744 Itaque
692 2709 726 2736 ad
747 2709 799 2737 hoc
814 2710 903 2745 ipsum

102 2755 207 2782 Photii
221 2759 302 2790 caput
316 2755 375 2782 hinc
387 2754 431 2782 illc
446 2755 594 2790 respondet
609 2756 638 2792 (Ι.
657 2764 686 2788 n,
698 2763 723 2783 c.
736 2755 780 2789 16,
794 2764 821 2791 p.
835 2756 900 2784 1251

149 2834 215 2870 (7‘2)
227 2834 273 2861 Sic
291 2834 388 2862 merito
410 2833 525 2868 Niceph.
549 2834 634 2862 lllem.
657 2834 738 2870 (orat.
761 2835 786 2865 Ι.
809 2842 836 2862 c.
850 2834 903 2864 l7;

99 2869 144 2898 (ἰ-
162 2868 195 2896 0.
211 2869 231 2897 l.
249 2870 295 2902 22,
312 2870 357 2906 9.5)
370 2869 505 2906 ς-Ὤσπερ
522 2870 538 2905 ἡ
564 2871 620 2896 τῶν
647 2868 731 2906 τ’ριῶν
748 2871 838 2906 ἰσότης
855 2870 904 2896 οὐκ

101 2905 275 2940 ἀφαιρεῖται
290 2905 338 2932 τοῦ
356 2904 415 2936 ἐνὸς
427 2906 476 2941 τὴν
487 2904 595 2942 ἀρχὴν,
612 2904 683 2933 eum
700 2905 748 2933 ml.
765 2906 781 2941 ἡ
800 2905 854 2933 τῶν
875 2906 904 2938 ἐξ

953 2290 1059 2322 Patris;
1078 2294 1105 2316 at
1122 2298 1187 2317 vero
1208 2290 1242 2317 de
1256 2297 1373 2325 persona
1395 2289 1483 2317 Patris
1510 2289 1669 2317 enuntiatur
1693 2290 1744 2316 ha-

953 2336 1018 2364 bere
1039 2336 1156 2369 Filium;
1171 2344 1256 2371 quare
1283 2336 1353 2364 idem
1367 2336 1401 2364 de
1416 2335 1520 2371 Spiritu
1535 2335 1742 2371 praedicabitur,

953 2386 981 2410 et
992 2382 1044 2409 erit
1061 2381 1146 2409 Filius
1177 2382 1248 2409 (ilius
1264 2381 1383 2417 Spiritus
1407 2381 1505 2409 sancti.
1528 2380 1582 2408 Sed
1597 2381 1669 2414 dico,
1687 2388 1743 2408 non

953 2435 1014 2455 esse
1038 2427 1194 2463 hujusmodi
1211 2428 1432 2463 aequipollentem
1446 2427 1692 2462 comparationem,
1709 2434 1744 2454 eo

953 2474 1024 2510 quod
1044 2482 1184 2510 nunquam
1214 2475 1308 2502 datum
1332 2475 1378 2507 sit,
1406 2474 1512 2500 Filium
1532 2474 1672 2510 cqualiter
1688 2481 1745 2502 esse

954 2520 1047 2548 Patris
1056 2529 1087 2548 ac
1108 2522 1237 2555 Spiritus,
1255 2529 1316 2549 cum
1333 2528 1430 2549 omnes
1447 2520 1632 2548 conﬁteantur
1659 2520 1745 2556 Spiri-

954 2571 1010 2594 tum
1039 2575 1099 2594 esse
1124 2567 1266 2602 equaliter
1293 2566 1354 2594 Filii
1384 2571 1466 2602 atque
1497 2567 1596 2595 Patris.
1612 2566 1702 2600 Quare
1717 2567 1746 2594 in

953 2614 1053 2649 quibus
1071 2614 1181 2650 quidem
1193 2614 1261 2641 nihil
1273 2613 1415 2649 indignum
1430 2622 1481 2642 nec
1494 2614 1625 2642 indecens
1639 2613 1745 2641 divinas

954 2668 1085 2696 personas
1103 2661 1289 2696 consequitur,
1315 2661 1343 2688 in
1359 2660 1402 2688 his
1427 2660 1534 2688 Patrem
1551 2661 1666 2688 dicimus
1679 2667 1745 2687 cau-

954 2714 1011 2734 sam
1027 2710 1055 2734 et
1070 2706 1168 2734 Filiutn
1184 2714 1360 2740 concausam,
1383 2715 1436 2734 nec
1454 2707 1543 2742 aliqua
1562 2706 1661 2741 injuria
1676 2705 1746 2732 Filio

955 2752 1063 2789 Patrive
1100 2757 1147 2780 aut
1172 2757 1268 2781 sancto
1296 2753 1409 2788 Spiritui
1434 2756 1604 2788 corrogatur.
1625 2751 1694 2778 Nam
1717 2750 1746 2778 in

955 2834 1043 2869 ἀρχῆς
1054 2832 1154 2874 έσότης
1164 2834 1221 2874 οὐκ.
1229 2833 1303 2860 ἐστιν
1314 2832 1489 2874 ἀφαιρετικὴ.
1500 2831 1549 2858 τοῦ
1560 2852 1568 2864 ,
1588 2830 1620 2857 τὸ
1634 2829 1748 2864 Πνεῦμα

956 2869 989 2895 δι’
1003 2870 1067 2895 Υἱου
1085 2870 1161 2895 πα.οὰ
1175 2877 1223 2895 του
1252 2868 1358 2895 llatae:
1373 2866 1582 2895 ὲκποοευεσθαι.
1599 2881 1634 2888 —
1645 2865 1709 2893 Haec
1722 2871 1750 2892 et

956 2869 989 2895 δι’
1003 2869 1067 2895 Υἱοῦ
1085 2870 1161 2904 παρὰ
1175 2869 1223 2895 τοῦ
1252 2869 1358 2904 Harpe:
1373 2869 1582 2902 ἐκπορεύεσθαι.
1599 2881 1634 2888 —
1645 2869 1691 2893 lla:

957 2913 1018 2939 qua:
1031 2910 1185 2939 sequuntur
1199 2904 1269 2932 intra
1281 2905 1393 2932 uberius
1408 2902 1629 2931 illustrabuntur.
