1945 3088
125 138 174 170 501

480 140 528 170 DE
548 141 580 172 S.
601 140 700 170 SPIR.
720 140 972 170 MYSTAGOGIA.
988 152 1022 156 -
1041 139 1416 170 ANIMADVERSIONES.

1704 138 1761 170 502

124 195 227 222 nullam
251 196 329 230 sequi
357 196 592 232 compositionem,
613 197 660 224 scd
687 197 812 232 accipere
835 197 914 228 idem,

972 204 1014 222 σει
1044 196 1091 222 καὶ
1114 197 1164 231 μιᾷ
1190 195 1331 232 χορηγίᾳ),
1360 196 1414 223 imo
1426 195 1503 230 juxta
1517 194 1699 223 Athanasium
1715 200 1758 222 est

124 249 215 276 neque
237 241 304 269 duas
333 250 393 278 esse
412 243 613 277 processiones,
646 243 693 270 sed
709 251 801 275 unam,
828 251 918 278 neque

125 288 327 321 processionem
352 296 367 315 a
394 288 461 316 Filio
490 288 543 316 dici
561 297 641 324 posse
657 289 792 316 inutilem.
810 289 918 316 lllauuel

124 333 235 360 Calceas
249 334 277 369 (Ι.
294 342 333 366 ιιι¹
359 341 385 368 p.
402 334 463 367 459)
480 339 507 361 et
529 334 671 362 Bessarion
697 335 755 370 (lib.
781 335 818 361 De
845 343 916 368 proc.

125 379 220 415 Spirit.
235 381 333 412 sancti,
354 389 380 415 p.
407 380 471 415 254)
486 381 643 413 advertunt,
659 381 726 408 falso
739 381 783 409 hic
808 389 918 408 rursum

125 427 180 454 duo
196 427 310 462 supponi
324 427 456 462 principia
474 427 546 462 (vide
555 428 674 462 praeced.
688 433 741 456 art.
761 427 775 464 §
794 428 804 455 l
827 436 874 463 soq
890 429 917 463 );

126 473 202 510 [274]
220 474 318 501 deinde
327 479 517 509 argumentum
529 475 630 510 duplici
643 475 723 502 modo
737 480 897 510 retorquent
910 484 917 503 :

125 519 281 553 Productio,
312 528 365 555 qua
381 521 498 548 mundus
526 526 569 549 est
591 529 606 548 a
623 521 716 553 Patre,
733 526 781 548 aut
796 522 918 557 perfecta

125 570 168 593 est
181 569 209 593 et
228 571 293 594 tunc
308 566 462 594 frustranea
474 571 517 594 est
531 567 591 594 Filii
610 575 643 594 ac
660 568 780 602 Spiritus
798 567 917 594 efﬁcien-

127 611 181 644 tia;
197 617 244 638 aut
261 611 419 647 imperfecta
443 617 470 640 et
495 617 560 640 tunc
596 613 802 648 blasphematur
826 614 916 642 l’atcr.

125 655 175 684 Vel
191 658 247 685 sic:
264 658 285 685 si
302 658 422 693 perfecte
435 667 450 686 a
467 658 548 686 Patre
562 659 678 686 mittitur
705 659 824 694 Spiritus
854 669 918 688 san—

125 709 198 737 ctus,
219 704 387 738 superﬂuum
408 705 470 738 erit,
492 710 519 732 et
532 713 547 732 a
567 705 636 733 Filio
651 707 740 739 mitti;
768 707 809 734 sin
826 712 917 734 autem

126 749 296 784 imperfecte,
328 757 383 777 non
413 758 478 786 ergo
497 750 635 785 perfectus
660 756 700 778 est
730 751 820 779 Pater.
840 752 918 785 Quod

124 802 191 822 vero
220 795 265 822 hic
292 795 372 828 valet,
406 795 432 823 id
462 797 534 823 valet
548 805 656 832 quoque
674 798 708 825 de
729 800 916 833 processione,

126 840 181 867 imo
197 841 282 868 multo
295 842 388 877 magis.
415 852 424 868 ι
448 842 581 876 Perfecta,
603 849 631 871 ut
647 845 774 878 arbitror,
791 844 917 874 aitCale-

124 894 182 918 cas,
201 892 243 914 est
255 895 289 914 ex
305 887 383 915 Patre
399 890 502 917 entium
519 891 675 925 productio,
690 900 743 919 una
770 898 798 920 et
820 894 916 921 eadem

124 940 240 960 numero
264 933 326 960 Filii
346 937 374 961 et
397 935 517 970 Spiritus
532 936 566 964 ad
582 945 613 964 ea
629 937 804 972 producenda
819 947 916 974 opera-

124 977 172 1010 tio,
187 986 276 1014 neque
292 979 345 1006 alia
362 985 404 1008 est
415 981 501 1016 illius,
518 983 571 1010 alia
598 984 707 1012 horum.
730 985 775 1013 Sic
802 994 867 1022 ergo
888 991 917 1014 et

124 1024 150 1051 in
164 1025 206 1052 his
222 1025 323 1052 evenit.
340 1025 463 1055 Perfecta
478 1033 530 1060 est.
548 1033 576 1057 et
590 1031 676 1066 magis
696 1039 777 1066 quam
795 1032 916 1067 perfecta

123 1076 166 1098 est
180 1079 213 1098 ex
224 1071 303 1098 Patre
310 1071 430 1106 Spiritus
442 1075 528 1102 sancti
544 1077 695 1110 processio,
707 1086 761 1105 una
778 1083 806 1105 et
818 1079 916 1106 eadem

123 1127 237 1148 numero
250 1127 300 1155 est,
315 1132 376 1159 qua:
401 1129 444 1151 est
462 1132 496 1152 ex
519 1125 617 1152 eodem
640 1125 708 1153 Filio
741 1127 914 1160 processio...

121 1172 185 1192 cum
199 1175 251 1194 una
264 1173 291 1195 et
305 1170 400 1197 eadem
423 1178 538 1198 numero
562 1175 698 1205 potestate
723 1177 836 1207 uterque
852 1181 915 1208 pro-

122 1211 230 1240 ducat.»
247 1214 377 1243 Similiter
390 1217 541 1244 retorsione
550 1217 606 1251 jam
618 1225 685 1245 usus
698 1218 788 1246 fuerat
801 1219 913 1252 Beccus,

124 1258 200 1283 Orat.
218 1258 250 1285 de
266 1267 311 1286 un.
328 1259 401 1288 Eccl.
423 1269 453 1288 n.
469 1261 505 1289 40
522 1261 568 1296 (ϐ.
583 1262 614 1290 0.
639 1263 660 1296 Ι,
679 1263 740 1296 160,
757 1263 840 1298 161);
858 1273 867 1289 ‹
886 1264 914 1291 Si

123 1308 234 1338 propter
246 1305 397 1340 perfectum
409 1308 591 1342 processionis
607 1317 640 1336 ex
656 1309 737 1336 Patre
751 1317 915 1345 supervaca-

123 1355 202 1376 neam
232 1357 292 1377 esse
306 1350 385 1378 dncis
411 1351 615 1386 processionem
638 1360 671 1379 ex
689 1352 771 1385 Filio,
783 1353 848 1388 quid
869 1360 914 1380 re-

123 1394 271 1428 spondebis
303 1396 461 1425 dicentibus
486 1407 493 1424 :
525 1397 554 1425 Si
584 1398 769 1433 suppeditatio
795 1397 915 1434 Spiritus

123 1441 210 1468 sancti
226 1449 259 1469 ex
286 1442 367 1471 Patre
383 1444 503 1478 perfecta
524 1448 576 1477 est,
607 1452 809 1480 supervacanea
832 1445 915 1481 igitur

123 1488 176 1515 erit
188 1497 248 1523 qum
264 1497 298 1516 ex
319 1489 409 1517 Filio?
425 1489 617 1519 Verumtamen
641 1496 668 1519 et
690 1491 837 1526 perfectam
853 1500 914 1520 esse

933 863 953 890 Β

971 243 1051 278 μόνος
1063 241 1111 269 τοῦ
1131 242 1290 276 Πνεύμαςος
1307 242 1424 278 χορηγὸς
1438 242 1452 267 ὁ
1466 241 1530 272 Υἱός
1543 241 1608 277 (77).
1619 241 1657 268 Ita
1673 240 1759 268 Maxi-

969 296 1030 315 mus
1051 288 1236 323 Chrysoberga
1266 287 1282 313 ι.
1297 294 1321 314 ε.
1341 295 1366 314 c.
1382 287 1398 314 5
1414 287 1451 321 (p.
1471 286 1562 320 1085).
1585 285 1639 314 Nec
1654 286 1759 314 abludit

969 335 1003 361 ab
1021 334 1062 360 his
1077 333 1153 368 llugo
1179 332 1351 363 Etherianus,
1369 331 1415 366 qui
1441 332 1471 364 \l.
1491 340 1509 364 ι,
1523 339 1548 359 c.
1568 332 1610 361 lat.
1629 339 1655 366 p.
1677 330 1756 360 1207,

970 380 1050 413 1208)
1077 380 1114 406 ita
1139 380 1229 414 arguit
1262 383 1355 405 contra
1383 377 1526 404 Nicolaum
1552 377 1757 404 Methonenscttt

969 426 1005 460 (c.
1022 426 1076 458 li).
1094 435 1103 450 ι
1123 425 1151 452 Si
1168 425 1250 460 igitur
1266 424 1403 458 perfectus
1419 424 1490 451 Deus
1504 429 1547 451 est
1560 423 1644 451 Filius
1656 432 1689 451 ex
1702 423 1758 450 Deo

970 472 1049 499 Patre
1076 471 1208 506 perfecto,
1234 471 1310 506 quid,
1340 471 1463 506 inquam,
1486 470 1603 506 Spiritus
1618 470 1651 497 ad
1664 470 1760 505 hujus-

968 519 1041 546 modi
1057 518 1178 546 conferat
1194 518 1411 553 perfectionem?
1423 517 1474 550 Qui
1489 517 1511 544 si
1531 517 1646 548 confert,
1660 520 1759 544 neuter

968 570 1009 592 est
1024 565 1171 600 perfectus,
1185 572 1273 599 neque
1287 563 1378 596 Pater,
1398 570 1487 599 neque
1505 563 1600 590 Filius.
1617 563 1760 597 Quomodo

969 614 1040 639 enim
1057 611 1193 647 perfectus
1206 612 1228 639 si
1245 612 1312 639 tanti
1330 616 1401 647 eget,
1418 611 1512 646 quanti
1539 610 1657 646 Spiritus
1678 610 1759 637 dator

969 658 1028 685 est?
1045 658 1091 685 Sin
1108 665 1173 685 vero
1190 666 1261 685 unus
1273 657 1345 685 Deus
1360 657 1499 693 perfectus
1512 661 1563 689 est.
1583 656 1663 684 Pater
1676 660 1704 683 et
1720 656 1760 682 Fi-

969 704 1034 737 lius,
1051 709 1078 731 et
1093 704 1160 730 nihil
1175 704 1293 738 amplius
1304 708 1347 730 est
1369 703 1495 730 invenire
1513 710 1601 737 neque
1622 702 1712 729 dicere
1725 702 1760 729 ad

969 750 1217 777 manifestationem
1241 755 1362 784 paterna:
1391 748 1577 784 perfectionis,
1605 748 1759 783 superfluus

970 797 1062 831 utique
1075 797 1109 823 sit
1127 795 1253 830 Spiritus.
1270 794 1347 828 Quod
1359 795 1477 830 cogitare
1491 793 1606 828 itnpium
1623 798 1674 820 est.
1692 793 1759 820 Nam

969 843 1039 870 sicut
1054 842 1216 870 universitas
1232 841 1339 868 videtur
1352 840 1439 868 Patris
1465 845 1493 867 et
1508 839 1567 866 Filii
1594 846 1664 872 esse,
1679 839 1716 866 ita
1733 843 1760 865 et

970 889 1088 924 Spiritus
1116 889 1203 916 sancti
1217 897 1224 921 ;
1249 892 1333 922 atque
1348 894 1416 922 quos
1431 890 1510 914 vocat
1524 885 1604 913 Pater
1618 890 1646 912 et
1663 884 1759 918 Filius,

969 937 1019 963 hos
1038 940 1117 962 vocat
1130 935 1215 962 Filius
1230 938 1257 961 et
1272 933 1409 968 Spiritus;
1424 941 1493 968 quos
1507 931 1758 965 sanctificatPater,

968 983 1018 1009 hos
1040 980 1192 1008 sanctificat
1220 985 1248 1007 et
1279 979 1445 1015 Spiritus...
1462 978 1611 1014 Propterea
1636 977 1758 1013 perfecta

969 1028 1087 1062 Spiritus
1098 1035 1130 1054 ex
1156 1026 1236 1054 Patre
1260 1026 1399 1061 processio
1427 1033 1480 1053 non
1507 1025 1589 1053 debet
1610 1024 1758 1059 prohibere

967 1081 1027 1101 eam
1055 1082 1116 1108 qua:
1149 1081 1182 1100 ex
1201 1072 1270 1100 Filio
1287 1072 1363 1108 [276]
1379 1079 1439 1099 esse
1462 1071 1572 1103 dicitur,
1591 1078 1654 1098 cum
1667 1077 1758 1106 neque

968 1119 1099 1155 perfectio
1113 1119 1175 1147 Filii
1190 1127 1222 1146 ex
1236 1118 1316 1146 Patre
1330 1118 1476 1154 prohibeat
1489 1117 1686 1153 perfectionem
1695 1125 1759 1144 san-

966 1166 1003 1193 cti
1014 1166 1133 1201 Spiritus
1149 1174 1182 1193 ex
1199 1166 1294 1193 eodem
1308 1174 1315 1198 ;
1332 1173 1416 1200 quare
1431 1165 1542 1200 planum
1564 1169 1616 1196 est,
1632 1163 1705 1199 quod
1723 1171 1758 1191 ex

968 1216 1083 1247 utroque
1098 1211 1294 1246 perfectionem
1306 1216 1334 1238 et
1347 1218 1409 1239 esse
1430 1211 1530 1238 habeat
1544 1210 1672 1245 Spiritus.
1689 1219 1699 1236 ι
1715 1209 1757 1237 Ad

967 1266 1088 1294 praesens
1098 1266 1164 1286 vero
1176 1258 1265 1285 Photii
1276 1263 1358 1293 caput
1369 1258 1440 1285 idem
1458 1261 1554 1285 auctor
1575 1257 1605 1292 (ι.
1622 1264 1652 1286 ιι.
1667 1264 1692 1284 c.
1710 1257 1756 1289 £8,

965 1313 993 1340 p.
1009 1305 1088 1339 1255)
1103 1305 1140 1331 ita
1154 1304 1318 1338 respondet:
1344 1313 1353 1330 ι
1372 1303 1453 1331 Pater
1482 1303 1549 1330 facit
1572 1310 1619 1337 per
1644 1300 1754 1333 Filium.

965 1351 1066 1386 aliquid
1089 1351 1240 1385 accipiens,
1259 1351 1320 1377 sine
1333 1358 1388 1385 quo
1405 1357 1499 1377 creare
1523 1349 1660 1384 impotens
1685 1352 1756 1379 erat,

965 1398 1012 1433 qui
1041 1402 1169 1432 operatur
1185 1397 1276 1424 omnia
1292 1397 1319 1423 in
1344 1396 1481 1426 omnibus.
1497 1394 1627 1429 Nunquid
1654 1394 1757 1428 imper-

966 1445 1037 1471 fecta
1051 1449 1092 1471 est
1108 1443 1231 1479 operatio
1244 1442 1334 1470 Patris
1348 1448 1395 1470 aut
1411 1442 1471 1470 Filii
1481 1447 1528 1469 aut
1542 1441 1679 1477 Spiritus?
1695 1439 1756 1468 Non

966 1490 1069 1526 indiget
1092 1490 1173 1518 Pater
1196 1489 1323 1525 alicujus,
1352 1488 1488 1524 perfectus
1511 1496 1574 1515 cum
1598 1488 1633 1515 sit
1656 1494 1688 1514 ac
1705 1486 1757 1514 sibi

123 1541 156 1560 ex
169 1533 251 1562 Patre
263 1534 381 1569 Spiritus
392 1536 479 1564 sancti
501 1537 746 1572 suppeditatiouem
762 1543 790 1565 et
814 1538 915 1565 nihilo—
928 1531 951 1563 C
967 1537 1115 1565 sulliciens.
1147 1535 1342 1563 Verumtamen
1358 1535 1450 1562 omnia
1475 1543 1525 1570 per
1538 1533 1636 1561 Filium
1651 1532 1756 1566 condit,

124 1579 214 1606 minus
233 1588 289 1607 non
306 1588 536 1616 supervacaneam
559 1584 630 1617 (eam
644 1591 704 1618 qua:
719 1583 772 1619 est)
794 1591 828 1611 ex
846 1583 915 1613 Filio

123 1632 234 1661 propter
247 1627 452 1662 perfectionem.
475 1638 556 1665 quam
573 1638 606 1658 ex
623 1630 703 1659 Patre
725 1632 817 1665 habet.
834 1633 915 1661 indu-

123 1672 238 1700 bitatum
263 1678 304 1701 est
318 1673 386 1710 (76).
407 1685 416 1701 ι
443 1675 575 1703 Maximus
605 1676 804 1713 Chrysoberga.
835 1677 913 1706 Orat.

124 1717 156 1744 de
168 1726 240 1752 proc.
253 1718 348 1754 Spiril.
362 1728 386 1747 ε.
406 1721 422 1747 Δ
439 1720 513 1757 [275]
537 1721 579 1756 (G.
609 1721 642 1749 0.
661 1722 694 1755 ll,
723 1721 800 1758 1385)
819 1724 915 1752 obser-

125 1769 180 1796 vat,
192 1770 353 1798 argumento
367 1765 456 1794 Photii
474 1777 480 1794 :
500 1778 509 1793 ‹
527 1767 553 1794 Si
569 1768 693 1802 perfecte
707 1776 740 1796 ex
755 1768 837 1796 Patre
850 1778 915 1804 pro-

124 1811 198 1838 cedit
215 1812 342 1845 Spiritus,
356 1821 410 1839 non
426 1813 541 1848 amplius
557 1822 670 1841 necesse
683 1820 725 1842 est
740 1823 802 1842 eum
819 1824 915 1850 proce-

124 1857 190 1884 dere
202 1865 311 1892 quoque
324 1866 356 1885 ex
369 1858 445 1891 Filio,
464 1869 472 1884 ι
486 1860 600 1886 omnino
611 1860 675 1887 illud
691 1861 845 1893 assimilari,
860 1870 915 1897 quo

123 1904 218 1931 Ariani
233 1905 271 1931 uti
284 1905 334 1932 visi
350 1910 414 1932 sunt
437 1914 444 1932 :
464 1904 493 1932 Si
514 1905 585 1933 Deus
602 1906 739 1941 perfectus
763 1912 806 1934 est
824 1907 914 1941 Pater,

123 1950 187 1984 quid
210 1958 280 1985 opus
303 1955 355 1984 est,
383 1956 412 1978 et
436 1951 533 1978 Filium
557 1952 707 1987 perfectum
744 1952 831 1980 Deum
854 1962 915 1982 esse

123 1996 259 2024 credere?
281 1995 309 2024 Si
334 1997 455 2032 perfecta
483 1997 571 2024 Patris
598 1998 688 2026 Deitas
709 2007 764 2026 non
789 1999 913 2034 impedit,

123 2043 270 2077 quominus
289 2051 320 2071 ea
334 2048 362 2070 et
376 2043 445 2071 Filio
460 2048 608 2079 competat,
626 2052 678 2072 nec
699 2044 820 2080 perfecta
831 2046 916 2081 Spiri-

125 2093 168 2116 tus
185 2097 218 2116 ex
235 2088 315 2117 Patre
329 2090 469 2125 processio
495 2090 632 2126 prohibet,
648 2098 683 2118 ne
698 2095 726 2118 et
740 2091 825 2120 Filius
842 2092 870 2119 in
883 2100 915 2120 ea

123 2143 185 2161 cum
200 2134 280 2162 Patre
293 2136 487 2164 communicet.
509 2135 644 2164 Praeterea
675 2137 771 2165 eodem
787 2138 850 2174 jure
863 2146 915 2166 ne-

123 2181 179 2215 gari
209 2186 299 2216 potest
321 2181 418 2210 Filium
451 2190 512 2210 esse
545 2183 670 2211 datorem
703 2184 834 2220 Spiritus,
848 2186 912 2220 quia

123 2227 243 2262 perfecte
257 2228 338 2255 datur
353 2236 369 2255 a
383 2228 480 2262 Patre;
497 2233 524 2257 et
548 2234 650 2260 tamen.
664 2230 772 2264 Basilio,
792 2235 872 2265 teste,
885 2237 914 2260 et

124 2273 204 2301 Pater
217 2277 246 2300 et
272 2272 357 2300 Filius
372 2282 426 2301 uno
441 2279 504 2302 actu
520 2275 586 2302 dant
615 2274 749 2310 Spiritum
769 2277 824 2312 (διὰ
835 2277 914 2304 τοῦτο

122 2318 238 2350 διδόντος
251 2318 319 2345 αὐτὸ
333 2318 379 2345 τοῦ
395 2319 502 2355 [ἰατρὸς
515 2320 530 2346 ὁ
546 2319 610 2352 Υἱὸς
621 2321 688 2350 αὐτὸ
697 2321 790 2349 δίδωσι
806 2323 856 2359 μιᾷ
870 2323 914 2350 δό-

160 2408 216 2443 (76)
230 2409 261 2435 Et
276 2408 330 2444 γὰρ
349 2408 393 2435 διὰ
413 2408 443 2444 τὸ
468 2407 570 2444 τέλειον
589 2408 640 2443 τῆς
665 2409 696 2435 ἐκ
727 2409 774 2436 τοῦ
805 2410 914 2444 Πατρὺς

123 2442 320 2478 ὲκπορεὺσεως’
332 2443 462 2479 περιττὴν
482 2442 552 2470 εἶναι
569 2443 658 2477 λέγεις
673 2445 722 2479 τὴν
737 2446 769 2471 ὲκ
785 2445 832 2472 τοῦ
848 2442 913 2473 Υἱοῦ

124 2480 300 2517 ξηπὸεευσι-ν,
316 2479 343 2505 τί
357 2480 389 2505 σὺ
406 2479 567 2517 ᾀπολςιγῄσῃ
582 2481 637 2517 103;
657 2480 750 2517 ὲροῦσί
764 2489 816 2507 cor
832 2482 913 2517 εἰπερ

124 2515 141 2549 ἡ
153 2514 184 2540 ἐκ
197 2514 300 2552 Harpe;
316 2514 432 2552 χρρῃγία
445 2513 587 2552 ξοιξὲᾇείῐὸυ
597 2513 768 2552 (Πνεῦλματος
780 2513 912 2552 ἐντε).ὴς’,

125 2548 308 2587 ῖὲερὶττὴΔᾶρα
328 2548 346 2584 ή
363 2550 394 2587 es
412 2549 460 2575 τοῦ
469 2549 564 2587 fio-5:
593 2551 635 2587 ὃτι
656 2550 710 2587 γὰρ
727 2551 773 2577 καὶ
788 2548 878 2577 τελε-ῖίά
896 2554 911 2587 ἡ

123 2585 157 2611 ὲκ
170 2584 278 2621 Harpe;
293 2585 411 2619 χορηγία
434 2584 482 2610 τοῦ
496 2585 576 2621 (infirm
594 2584 754 2621 Hvsdpdzo;
775 2587 822 2613 καὶ
837 2584 912 2621 (31.1w;-

123 2621 154 2647 οὐ
168 2619 282 2656 περίττῂ
302 2621 354 2656 3:1
370 2621 387 2655 ὴ
410 2621 442 2647 ἐκ
467 2620 514 2646 τοῦ
542 2620 607 2647 Υἱοῦ
630 2620 673 2647 διὰ
687 2621 737 2656 τὴν
756 2619 912 2656 τελειόὲητα

123 2655 218 2692 τὴν-ὲκ
230 2654 277 2692 τοῦ
299 2655 416 2692 Πατρὶς,
431 2655 626 2692 ἁνξαμφινϐολον.
646 2656 690 2692 λΣὺ
703 2654 731 2683 δὲ
749 2659 774 2683 εἰ
797 2657 847 2691 μὲν
862 2654 911 2692 όὺχ

123 2689 265 2727 ὸμρλεγεῖς
279 2691 324 2716 καὶ
340 2690 372 2716 ὲκ
383 2690 609 2727 Παῖρὺςῗτελξὶᾳν
630 2689 699 2717 εἶναι
716 2693 765 2722 τὴν
779 2689 911 2727 χὸρηγίαῖ

123 2725 171 2753 τοῦ
193 2726 371 2762 Πγεύμαιεος,
394 2725 508 2752 καὶτοῦ
532 2725 598 2752 Υἱοῦ
628 2726 655 2753 δὲ
679 2725 859 2761 ὁμοίωςξᾶτῆ
873 2729 910 2762 μὴ

124 2760 276 2804 περιττὴν(
296 2760 416 2804 0619,35:
433 2761 547 2804 περιῖςεὰ
572 2762 707 2804 ’ξῆςικατᾲ
728 2760 910 2804 defricat—€36

124 2796 321 2832 éxnopadcsw;
347 2796 433 2823 λάλει·
451 2798 475 2823 εἰ
499 2796 590 2823 δὲκαὶ
612 2797 661 2832 τὴν
686 2798 718 2823 ἐκ
731 2797 778 2824 τοῦ
804 2796 910 2832 Ila-.96;

124 2832 256 2893 χοῖηγίαν
276 2831 324 2858 τοῦ
351 2832 430 2865 ἁγίου
451 2831 607 2866 [Ινεύματος
635 2831 742 2859 ὲελείαν
769 2831 910 2868 ὁμο).ο·έεῖς

125 2875 160 2893 κα
186 2869 218 2893 ἐκ
239 2867 285 2893 τοῑ
316 2867 377 2893 fio!)
392 2867 419 2893 δὲ
433 2867 538 2893 τελείαν
550 2868 615 2893 δέντι
631 2869 677 2893 καὶ
693 2869 824 2893 περιττὴν
841 2867 910 2893 εἶναι

125 2875 140 2893 κ

142 2867 170 2894 αἱ
186 2869 218 2894 ἑκ
239 2867 285 2894 τοῑ
316 2867 377 2893 rio!)
392 2867 419 2893 δὲ
433 2867 538 2895 τελείαν
550 2868 617 2904 δέχῃ
631 2869 677 2895 καὶ
693 2867 824 2905 περιττὴν
841 2867 911 2897 slva:

929 2210 951 2237 Ι)

967 1584 1035 1611 nihil
1052 1584 1200 1619 aecipiens,
1215 1583 1288 1618 quod
1304 1591 1358 1610 non
1382 1582 1486 1610 habuit.
1505 1581 1560 1608 Sed
1589 1586 1617 1608 et
1638 1580 1757 1616 Spiritus

966 1639 1000 1658 ex
1014 1630 1081 1658 Filio
1097 1636 1124 1658 et
1142 1638 1190 1665 per
1203 1630 1302 1657 Filium
1325 1629 1459 1665 procedit.
1487 1629 1556 1656 nihil
1580 1629 1615 1656 ab
1642 1628 1701 1664 ipso
1716 1635 1759 1656 su-

966 1684 1055 1709 mens,
1083 1676 1134 1703 nisi
1148 1676 1220 1712 quod
1237 1684 1252 1703 a
1265 1676 1345 1703 Patre
1368 1675 1487 1710 accipit;
1507 1675 1646 1710 perfectus
1664 1675 1758 1710 utique

968 1723 1038 1750 Deus
1050 1730 1081 1750 ac
1094 1722 1195 1749 nullius
1208 1722 1315 1757 indigus
1327 1729 1389 1750 eum
1400 1722 1435 1749 sit
1444 1721 1531 1753 Pater,
1542 1725 1655 1756 generat
1665 1725 1756 1748 tamen

966 1777 998 1796 ex
1018 1768 1170 1796 substantia
1201 1768 1311 1800 Filium,
1338 1776 1388 1803 per
1401 1776 1482 1804 quem
1498 1767 1592 1795 condit
1618 1768 1757 1800 universa,

965 1823 1043 1850 atque
1059 1815 1110 1842 sibi
1122 1819 1270 1850 potentem.
1287 1813 1344 1842 Nec
1358 1815 1427 1843 adeo
1444 1814 1651 1849 superabundat
1666 1813 1754 1848 Spiri-

968 1866 1010 1888 tus
1022 1869 1055 1888 εις
1070 1867 1186 1896 utroque
1201 1860 1365 1896 progressio,
1384 1868 1447 1888 cum
1461 1868 1550 1895 neque
1565 1858 1755 1895 imperfectum

967 1907 1098 1942 Spiritum
1124 1907 1235 1939 indicet,
1263 1914 1351 1941 neque
1383 1906 1562 1941 impotentem
1585 1905 1694 1933 Patrem
1713 1905 1758 1934 vel

965 1949 1064 1978 Filium
1075 1952 1254 1984 demonstret,
1275 1958 1364 1986 neque
1377 1951 1495 1986 aliquant
1517 1951 1631 1978 inducat
1645 1958 1757 1986 compo-

966 1996 1103 2024 sitionem.
1126 1996 1153 2023 Si
1165 1996 1320 2023 subslunliw
1335 2004 1398 2031 pars
1414 1996 1485 2024 foret
1499 2004 1580 2023 causa
1596 2002 1624 2024 et
1638 1996 1757 2024 causati-

965 2051 1040 2075 vum,
1064 2043 1178 2071 haberet
1205 2044 1299 2078 utique
1327 2043 1417 2071 locum
1441 2043 1510 2070 ratio
1539 2043 1756 2078 compositionis.

965 2089 1042 2117 Nunc
1061 2098 1126 2117 vero
1140 2094 1222 2117 natus
1236 2090 1289 2125 (ed.
1304 2090 1413 2124 natura)
1425 2089 1523 2117 dicitur
1532 2089 1627 2122 Filius,
1640 2089 1756 2117 emissus

965 2143 1030 2164 vero
1057 2135 1186 2171 Spiritus,
1216 2144 1271 2163 non
1300 2136 1327 2162 in
1343 2143 1376 2163 eo
1388 2136 1460 2171 quod
1484 2135 1648 2168 substantia,
1664 2135 1713 2162 sed
1728 2135 1755 2162 in

965 2189 998 2209 eo
1024 2181 1098 2217 quod
1117 2181 1162 2209 hic
1186 2181 1295 2217 quidem
1318 2181 1448 2217 gignitur,
1472 2181 1517 2209 ille
1541 2189 1606 2209 vero
1620 2181 1753 2216 procedit.

966 2227 1020 2254 Sed
1039 2230 1089 2255 hoc
1099 2227 1134 2254 ad
1167 2232 1290 2254 naturam
1308 2235 1363 2254 non
1386 2231 1491 2262 spectat
1517 2226 1670 2254 Divinitatis
1685 2226 1752 2262 (78).

964 2273 1088 2308 Amplius
1114 2282 1122 2300 :
1147 2271 1266 2300 Verbum
1288 2272 1335 2300 Dei
1351 2281 1413 2300 cum
1437 2272 1472 2299 sit
1486 2272 1637 2307 perfectum
1653 2276 1681 2300 et
1693 2273 1754 2300 nul-

964 2320 1018 2347 lius
1032 2319 1167 2355 indigens,
1180 2319 1245 2355 quid
1258 2320 1364 2355 accepit
1375 2327 1390 2346 a
1406 2318 1508 2354 Spiritu
1521 2323 1627 2352 sancto,
1642 2318 1753 2354 quando

963 2410 993 2447 ob
1004 2409 1095 2443 λέγεις
1107 2429 1114 2441 ,
1135 2409 1190 2447 ἵνα.
1204 2409 1241 2445 μὴ
1259 2410 1321 2447 τεὺς
1348 2409 1594 2447 animianimi):
1607 2408 1752 2447 ὑπερϐήᾳῃ

963 2446 1060 2481 ὄρους,
1079 2444 1195 2480 περιττά
1219 2453 1261 2471 σοι
1283 2444 1377 2471 λοιπὸν
1405 2444 1439 2471 τά
1456 2446 1521 2480 περὶ
1545 2445 1594 2480 τῆς
1617 2444 1752 2480 ἐκπορεύῖ

964 2489 1042 2511 σεως.

999 2515 1054 2550 (77)
1070 2515 1107 2542 De
1125 2515 1178 2542 hoc
1196 2515 1335 2543 Athanasii
1354 2515 1427 2542 dicto
1446 2521 1490 2545 (ex
1503 2519 1573 2542 orat.
1591 2515 1616 2547 1,
1630 2523 1655 2543 c.
1673 2515 1751 2542 Aria-

962 2559 1023 2583 nos,
1039 2551 1096 2578 sive
1110 2551 1200 2585 potius
1212 2571 1219 2580 ,
1243 2555 1273 2577 ιιι
1287 2550 1470 2577 communiter
1487 2558 1559 2577 nunc
1579 2555 1701 2583 vocatur,
1715 2558 1749 2579 ex

962 2594 1005 2620 ep.
1022 2586 1158 2621 encyclica
1186 2586 1219 2613 ad
1241 2586 1322 2613 Afros
1345 2586 1442 2620 episc.)
1459 2586 1608 2621 disputant
1632 2585 1746 2621 Niceph.

962 2621 1112 2649 Bletnntida
1129 2626 1199 2648 orat.
1215 2621 1260 2652 24,
1275 2629 1299 2647 c.
1316 2622 1332 2648 6
1348 2621 1391 2655 (ϐ.
1407 2621 1438 2648 0.
1458 2620 1478 2652 I.
1494 2621 1552 2655 44),
1566 2622 1664 2655 Georg.
1690 2621 1748 2648 Me-

964 2657 1065 2684 loehila
1078 2661 1173 2684 contra
1202 2655 1317 2683 lllanuel.
1345 2657 1470 2683 tiretens.
1485 2664 1510 2684 c.
1529 2658 1572 2687 l9.
1593 2658 1628 2684 ‘20
1643 2657 1702 2690 (lib.
1715 2665 1746 2690 ιι,

962 2693 1031 2719 ιυδι
1050 2692 1137 2726 scq.),
1153 2691 1268 2719 Allatius
1284 2691 1310 2718 in
1335 2691 1435 2719 Vindic.
1459 2700 1517 2727 syn.
1540 2692 1634 2727 Ephes.
1653 2699 1679 2718 ε.
1701 2691 1747 2726 55,

982 2747 989 2754 .
1005 2728 1058 2754 544
1068 2735 1126 2755 seu.

961 2735 1126 2763 p.ouseq.
1159 2762 1163 2767 Ι
1191 2762 1224 2777 ι,
1283 2762 1297 2775 »⁵
1322 2762 1328 2768 .
1461 2764 1467 2769 .
1486 2762 1492 2768 _

997 2763 1052 2797 ('18)
1070 2762 1126 2790 Hoc
1137 2762 1176 2790 ml
1190 2763 1263 2790 aliud
1277 2762 1329 2790 sibi
1342 2762 1418 2793 vult.
1440 2770 1493 2789 ltlSl
1514 2762 1544 2789 τὸ
1560 2761 1700 2797 γεννητὸν,
1716 2762 1748 2789 τὺ

961 2798 1145 2833 ὲκπορευτὸν,
1166 2798 1237 2825 sicut
1257 2805 1345 2832 neque
1358 2798 1388 2824 τὸ
1407 2798 1553 2833 ᾁγέννητον
1565 2818 1572 2830 ,
1600 2798 1746 2833 essentiam

961 2841 1016 2895 ιιοῖι
1031 2833 1209 2895 cqustituere,
1220 2833 1292 2869 quod
1303 2839 1399 2862 contra
1415 2832 1580 2861 Eunomium
1599 2832 1693 2860 Patres
1704 2833 1748 2861 iu-

961 2877 994 2895 cu
1006 2877 1055 2895 can
1071 2888 1079 2895 .

960 2873 1079 2896 culcant.
