1945 3088
167 158 222 190 503

737 153 871 187 ΡΗΟΤΙΙ
895 154 1151 188 ΡΑΤΒΙΛΒΕΗᾹΞ
1168 156 1224 189 CP.

1757 153 1808 186 5M

168 213 319 249 assumpsit.
331 220 440 240 carnem
455 210 532 240 carui
548 210 733 245 asaistentcm,
750 213 963 249 unctionemque
978 213 1001 241 A
1016 211 1119 240 amoris
1142 212 1346 247 proccssionem
1373 208 1572 246 intelligibilem
1591 209 1738 246 praeexigat
1751 216 1779 238 et
1791 219 1805 239 a

170 261 242 288 illius
257 259 367 293 iactant,
384 259 455 287 sicut
469 260 602 294 scriptum
616 264 660 286 est
676 266 682 285 :
709 268 718 285 1
738 257 831 287 Iesum
848 269 863 287 a
879 260 963 287 Naza-

171 309 243 337 reth.
257 314 338 341 quem
359 305 436 333 unxit
451 304 524 333 Deus
538 304 642 341 Spiritu
662 310 758 333 sancto
775 313 803 333 et
817 307 936 333 virtute?
950 316 960 332 ι

170 352 231 380 Non
253 352 333 387 igitur
360 351 538 387 indigentiam
565 352 686 387 aliquam
705 351 748 379 vel
768 352 963 388 imperfectum

170 398 309 433 quidpiam
324 397 410 425 Filius
423 399 554 433 suppleas
578 398 697 434 Spiritus
713 398 830 426 emissor
843 398 961 426 exsistit.

169 445 205 472 At
234 451 300 470 vero
313 443 440 470 emittere
467 443 538 471 Deus
553 443 610 478 (79)
630 442 706 479 [277]
722 451 784 471 cum
803 444 884 471 l’atre
900 445 964 472 nul-

170 489 223 516 lius
246 488 349 524 indigo,
369 492 427 515 tum
441 487 513 523 quod
541 487 684 516 amborum
719 487 907 515 indiﬂerenter
921 492 963 515 est

170 534 299 570 Spiritus,
315 539 373 561 tum
390 534 462 569 quod
479 534 538 562 sine
553 534 643 562 medio
658 535 692 562 de
710 534 789 562 Patre
799 533 885 562 Filius
899 543 962 570 pros

169 581 264 613 venit;
282 580 385 607 idcirco
396 588 452 607 non
479 588 511 608 ex
525 580 584 608 solo
604 579 685 608 Patre
701 581 829 616 Spiritus.
849 581 896 608 sed
913 581 962 616 (et)

169 635 204 654 cx
230 627 308 660 Filio,
323 626 369 662 qui
384 626 458 654 solus
470 626 575 655 fructus
597 626 702 654 exsistit
715 627 801 654 Patris
811 627 963 654 secundum

169 672 293 699 eamdem
309 671 509 703 habitudinem,
521 680 582 707 qua:
594 680 626 699 ex
638 673 719 700 Patre
733 673 866 708 procedit.
885 682 894 698 ι
912 662 963 700 [ie-

169 725 244 744 mum
270 725 359 753 neque
390 717 442 745 hoc
474 718 713 752 praetereundum,
736 720 808 753 quod
846 719 962 746 similem

168 763 350 798 objectionem
378 768 489 791 sanctus
512 763 630 792 Thomas
657 763 709 791 sibi
737 764 879 799 proposuit
894 772 962 793 eno-

169 809 311 838 dandam:
341 820 350 836 ί
369 809 488 845 Spiritus
515 814 627 837 sanctus
651 810 773 845 perfecte
797 812 922 846 procedit
946 819 962 839 a

168 855 267 889 Patre;
280 863 346 891 ergo
362 855 529 891 superﬂuum
551 860 594 883 est
609 856 712 889 dicere.
738 857 813 892 quod
831 858 963 893 procedat

169 910 184 929 a
202 902 280 930 Filio.
311 912 320 928 ι
339 901 427 936 Quam
451 903 488 929 ita
512 902 594 930 solvit
607 903 646 938 (Ι,
675 911 704 938 q.
723 903 767 936 56,
783 911 810 932 a.
826 904 843 931 2
860 904 894 932 ad
905 904 934 939 6)
952 913 960 932 :

172 957 182 974 ε
192 973 195 978 ,
207 948 257 976 Per
273 949 334 981 hoc,
349 949 422 984 quod
437 948 555 983 Spiritus
575 954 687 977 sanctus
704 949 824 985 perfecte
839 951 962 986 procedit

169 1002 185 1021 a
197 994 287 1028 Patre,
301 1003 356 1022 non
373 995 461 1022 solum
477 1003 532 1023 non
542 997 710 1033 superﬂuum
722 1002 764 1025 est
772 997 875 1030 dicere,
888 997 962 1033 quod

171 1040 290 1075 Spiritus
307 1045 420 1068 sanctus
440 1043 572 1076 procedat
594 1051 610 1071 a
625 1043 705 1074 Filio.
722 1044 769 1071 sed
786 1044 899 1071 omnino
912 1051 963 1072 ne-

169 1087 329 1121 cessarium,
364 1087 428 1122 quia
455 1095 510 1115 una
529 1089 617 1117 virtus
633 1095 675 1117 est
689 1090 778 1118 Patris
788 1094 816 1118 et
841 1090 915 1118 Filii.
929 1090 963 1118 Et

169 1132 299 1168 quidquid
321 1137 362 1160 est
381 1140 396 1160 a
412 1131 503 1167 Patre,
519 1142 633 1163 necesse
649 1140 690 1164 est
705 1143 767 1164 esse
781 1144 797 1163 a
813 1136 891 1170 Filio,
909 1137 963 1165 nisi

169 1179 330 1214 proprietati
345 1180 485 1209 ﬁliationis
498 1186 642 1218 repugnet.
659 1182 719 1210 Non
738 1183 811 1210 enim
825 1183 911 1211 Filius
922 1188 964 1212 est

169 1236 185 1255 a
199 1236 228 1256 se
245 1229 314 1264 ipso,
326 1230 414 1258 liceta
430 1230 521 1259 Patre.
539 1241 549 1257 ι
564 1232 606 1260 Cl.
622 1232 705 1260 etiant
719 1232 814 1261 Petav.
832 1233 866 1261 de
883 1234 961 1261 Trin.

169 1284 220 1309 vn,
239 1277 282 1309 l6,
307 1277 334 1304 2.

206 1322 233 1349 5.
255 1323 345 1359 Pergit
358 1323 520 1358 Photius(c.
537 1323 585 1359 8):
603 1322 678 1351 Nova
695 1324 787 1359 aliqua
805 1324 899 1352 relatio
914 1324 964 1351 de-

170 1370 249 1397 beret
266 1370 293 1396 in
308 1370 468 1397 Latinorum
489 1370 635 1406 hypothesi
656 1371 822 1407 excogitari,
843 1371 868 1398 vi
884 1371 964 1406 cujus

171 1416 291 1451 Spiritus
306 1421 417 1443 sanctus
429 1415 498 1444 Filio
513 1417 755 1445 consubstantialis
766 1418 849 1445 etiam
859 1418 963 1453 princi-

171 1462 263 1497 piandi
285 1461 400 1489 haberet
424 1462 632 1497 prmrogativam
652 1463 687 1490 ad
710 1471 787 1491 suam
805 1464 964 1500 dignitatem

171 1507 345 1535 servandarn.
359 1507 415 1535 Hoc
430 1513 522 1543 caput,
540 1508 592 1536 etsi
607 1509 811 1543 brevissimum,
819 1511 870 1538 etsi
884 1510 964 1538 afﬁne

172 1561 233 1589 cap.
250 1553 266 1581 5
280 1553 353 1601 (vide
365 1561 447 1588 supra
466 1553 516 1589 §l,
527 1554 555 1590 2)
569 1559 652 1590 atque
666 1563 699 1582 ex
710 1559 788 1590 parte
802 1556 829 1583 in
840 1563 873 1584 eo
891 1556 965 1584 refu-
977 1569 1000 1601 ρ

173 1605 277 1631 talum,
298 1600 348 1627 etsi
372 1600 538 1628 assertiones
552 1601 740 1637 complectens
760 1610 776 1630 a
799 1602 897 1632 Photio
910 1613 965 1632 nea

173 1646 313 1681 probatas,
331 1649 420 1673 taliten
440 1646 532 1681 plures
554 1647 808 1677 animadversiones
831 1651 965 1684 exposcit,

173 1700 234 1726 quae
249 1696 276 1719 et
300 1691 373 1719 circa
391 1692 459 1719 alios
481 1692 604 1727 ejusdem
631 1694 800 1730 syllogismos
827 1696 965 1725 valebunt.

174 1735 195 1764 I.
215 1737 327 1765 Certum
342 1742 429 1765 estex
444 1738 562 1765 revelata
581 1739 705 1766 doctrina
715 1760 724 1773 ,
739 1739 871 1776 Spiritum
900 1750 967 1770 sau-

174 1788 248 1810 ctum
266 1791 328 1810 esse
350 1783 496 1811 terminum
516 1789 683 1812 teternarum
706 1790 734 1812 et
759 1786 968 1815 immanentiun

174 1829 310 1864 originum
333 1834 361 1857 et
379 1829 450 1857 ultra
476 1834 532 1857 tres
556 1837 688 1865 personas
717 1831 892 1860 Divinitatem
912 1842 967 1861 non

174 1877 296 1905 extendi.
311 1877 430 1904 Thomas
442 1876 472 1912 (ι.
482 1884 508 1904 c.
523 1885 551 1912 q.
563 1877 608 1910 27,
621 1885 647 1904 a.
660 1878 687 1912 5)
703 1886 710 1904 :
726 1887 736 1904 ‹
755 1877 784 1905 ln
796 1879 898 1908 divinis
912 1889 969 1908 non

174 1927 216 1950 est
237 1923 386 1958 processio,
415 1922 468 1950 nisi
486 1923 638 1950 secundum
663 1925 811 1957 actionem,
837 1934 898 1961 quae
912 1935 969 1954 non

175 1969 264 1996 tendit
288 1970 316 1996 in
337 1969 440 2004 aliquid
458 1969 656 2003 extrinsecum,
675 1971 724 1998 sed
749 1977 841 2000 manet
859 1973 887 2000 in
911 1973 970 2008 ipso

175 2020 284 2051 agente.
300 2013 461 2049 llujusmodi
473 2019 565 2042 autem
579 2015 651 2043 actio
667 2016 696 2044 in
717 2017 896 2046 intellectuali
919 2028 970 2047 na-

177 2067 238 2089 tura
247 2065 289 2088 est
299 2062 371 2088 actio
380 2061 526 2088 intellectus
541 2067 569 2089 et
578 2062 651 2090 actio
660 2063 816 2092 voluntatis.
830 2065 970 2093 Processit)

177 2112 267 2134 autem
285 2107 360 2134 Verbi
376 2107 526 2134 attenditur
540 2108 690 2137 secundant
711 2111 848 2138 actionem
870 2112 972 2140 intelli-

177 2154 300 2190 gibilem.
319 2154 476 2181 Secundum
495 2156 587 2181 autem
611 2157 800 2191 operationem
822 2158 971 2187 voluntatis

177 2205 317 2232 invenitur
343 2204 371 2230 in
393 2203 473 2230 nobis
497 2203 622 2240 qumdam
647 2203 700 2231 alia
725 2204 879 2239 processio,
909 2206 969 2233 scil.

1016 256 1105 287 Verbo
1114 259 1219 286 oriatur
1227 259 1320 291 Amor,
1334 262 1365 285 ut
1376 257 1447 285 idem
1456 257 1552 285 doctor
1562 255 1675 292 (Opusc.
1689 265 1732 289 Ill,
1742 265 1767 285 c.
1778 258 1805 293 3|

1014 306 1146 334 ostendit.
1172 303 1229 333 Hoc
1248 305 1364 333 sublime
1383 307 1576 340 argumentum
1600 304 1657 338 jam
1680 304 1806 339 exposui'

1014 354 1184 389 Augustinus
1197 352 1246 388 (De
1258 353 1330 380 Trin.
1343 361 1388 384 xv,
1404 352 1437 379 17
1451 352 1522 386 seq.)
1541 359 1630 386 eoque
1649 351 1736 378 utitur
1749 356 1805 379 tum

1015 401 1182 427 Ratramnus
1197 400 1224 431 (ν
1238 407 1319 434 supra
1333 406 1364 431 ιι,
1380 398 1394 434 §
1409 398 1449 433 7),
1466 403 1524 425 tum
1540 397 1616 433 llugo
1632 397 1806 430 Etherianus,

1013 446 1060 482 qui
1077 446 1116 481 (Ι.
1134 454 1153 477 ι,
1166 453 1191 473 c.
1204 444 1249 478 Η,
1269 453 1296 480 p.
1316 444 1396 479 1208)
1408 444 1533 472 adductis
1549 443 1705 479 llieronymi
1717 444 1807 472 verbis

1015 493 1055 526 (in
1071 491 1138 527 psal.
1156 491 1231 527 xrv):
1253 501 1262 517 ‹
1278 491 1397 526 Spiritus
1411 495 1522 518 sanctus
1539 498 1591 517 nec
1601 489 1682 517 Pater
1697 495 1740 517 est
1756 498 1808 518 nec

1014 537 1110 570 Filius,
1123 537 1170 564 sed
1188 537 1309 568 dilectio,
1324 544 1405 572 quam
1425 536 1508 564 habet
1526 536 1606 563 Pater
1620 535 1647 563 in
1666 535 1765 563 Filium
1780 541 1807 564 et

1014 583 1101 611 Filius
1117 583 1144 610 in
1159 583 1277 614 Patrem,
1292 592 1302 608 ι
1322 582 1357 610 ita
1370 582 1564 617 prosequitur:
1581 592 1591 608 ι
1605 581 1742 615 Quoniam
1758 582 1808 618 igi-

1015 633 1060 657 tur
1085 629 1215 664 Spiritus.
1240 633 1271 655 ut
1286 633 1329 656 est
1351 635 1428 656 amor
1446 627 1545 660 Patris,
1571 628 1608 655 ita
1628 634 1656 655 et
1677 628 1749 660 Filii,
1778 633 1808 656 ut

1014 676 1137 712 procedit
1151 683 1185 703 ex
1210 674 1288 702 Patre
1301 695 1309 707 ,
1333 674 1458 710 procedit
1475 683 1509 702 ex
1527 674 1609 707 Filio,
1632 674 1807 702 manifestum

1014 722 1098 758 igitur
1112 725 1154 748 est
1168 729 1200 748 ex
1211 720 1303 752 dictis,
1317 720 1455 755 quodnon
1471 721 1619 747 exsistente
1628 719 1686 747 Filii
1704 720 1807 755 Spiritu

1013 777 1103 804 neque
1118 776 1151 795 ex
1167 768 1227 802 ipso
1245 767 1411 802 procedente
1435 767 1602 802 impossibile
1616 772 1659 795 est
1680 768 1807 795 eumdem

1013 814 1147 850 Spiritum
1165 812 1256 840 Patris
1269 819 1329 840 esse
1351 813 1394 840 vel
1417 820 1450 840 ex
1466 812 1546 840 Patre
1572 813 1731 847 procedere.
1749 822 1758 838 ι
1779 812 1808 840 ld

1014 860 1116 896 pariter
1130 859 1229 895 probat
1247 859 1326 887 Joan.
1343 859 1528 894 Argyropulus
1551 858 1602 890 (De
1623 867 1696 894 proc.
1711 859 1806 894 Spirit.

1015 907 1112 938 sancti,
1128 914 1154 933 c.
1170 906 1188 933 5
1202 912 1261 940 seq.
1279 904 1311 933 ϐ.
1328 904 1360 933 0.
1380 906 1400 936 Ι,
1421 905 1472 933 406
1488 905 1558 940 seq.)
1570 926 1578 938 ,
1596 905 1807 932 occidentalium

1015 959 1125 988 quoque
1137 952 1280 980 doctorum
1296 950 1440 987 principiis
1453 950 1587 982 imbutus,
1602 950 1630 977 in
1648 951 1808 978 nominibus

1015 999 1096 1033 λόγου
1110 1003 1138 1026 et
1151 998 1262 1033 ἀγάπης
1277 997 1417 1025 insistens.
1432 996 1464 1024 ll.
1480 996 1653 1031 lnzequalitas
1667 996 1808 1032 dignitatis

1016 1052 1195 1081 personarum
1208 1043 1272 1071 inde
1283 1043 1370 1078 repeti
1388 1042 1494 1077 nequit,
1503 1042 1577 1077 quod
1587 1050 1641 1069 una
1652 1047 1694 1070 est
1704 1042 1808 1078 absque

1017 1092 1168 1130 principio,
1192 1091 1277 1118 altera
1306 1098 1322 1117 a
1346 1090 1482 1126 principio
1506 1094 1589 1124 atque
1621 1089 1807 1124 principians,

1017 1140 1099 1168 tertia
1119 1147 1135 1166 a
1161 1137 1312 1174 principio,
1333 1143 1424 1171 neque
1455 1141 1548 1164 tamen
1576 1135 1754 1171 principians.
1779 1135 1808 1162 ld

1017 1186 1133 1215 Photius
1145 1184 1252 1217 statuit,
1265 1184 1330 1212 dum
1346 1183 1476 1219 supponit
1486 1183 1617 1218 Spiritum
1629 1190 1683 1210 non
1698 1189 1809 1210 servare

1016 1233 1177 1269 dignitatem
1196 1237 1285 1262 suam,
1306 1229 1330 1256 si
1349 1236 1404 1256 non
1423 1233 1466 1256 est
1489 1228 1548 1264 ipse
1569 1236 1677 1263 quoque
1693 1228 1810 1262 alicujus

1017 1277 1180 1314 principium
1192 1296 1199 1308 ,
1227 1273 1458 1310 quemadmodum
1473 1273 1568 1302 Filius.
1594 1273 1699 1301 Revera
1717 1276 1810 1308 posset

1017 1326 1094 1360 ipse,
1124 1322 1170 1357 qui
1191 1325 1231 1349 tot
1263 1321 1405 1348 hatreseon
1429 1319 1543 1347 Latinos
1572 1319 1690 1351 incusat,
1716 1319 1812 1346 Euno-

1017 1368 1157 1398 mianismi
1186 1365 1283 1402 argui,
1311 1365 1375 1393 dum
1411 1365 1454 1393 hic
1485 1369 1513 1393 et
1536 1365 1603 1392 alibi
1633 1373 1667 1392 ex
1696 1363 1811 1400 originis

1018 1416 1197 1445 relationibus
1229 1414 1358 1444 essentia:
1386 1412 1569 1447 aequalitatem
1603 1411 1672 1439 allici
1705 1415 1810 1438 censet.

1021 1473 1031 1490 t
1048 1463 1214 1498 .IEqualitas,
1226 1463 1266 1490 ait
1282 1461 1416 1493 Thomas,
1433 1458 1460 1486 in
1485 1458 1588 1486 divinis
1610 1463 1637 1486 et
1661 1457 1811 1486 similitudo

1017 1509 1168 1537 attenditur
1182 1507 1334 1536 secundum
1350 1505 1519 1538 essentialia,
1532 1512 1584 1532 nec
1598 1509 1689 1540 potest
1710 1511 1813 1532 secun-

1018 1557 1083 1584 dum
1111 1556 1260 1584 dictionem
1289 1553 1452 1582 relationum
1479 1552 1649 1587 inaequalitas
1669 1550 1745 1588 [279]
1769 1551 1814 1578 vel

1017 1601 1211 1630 dissimilitudo
1219 1601 1282 1628 dici.
1296 1600 1376 1628 Unde
1384 1599 1454 1634 Aug.
1466 1606 1490 1626 c.
1505 1596 1615 1625 Maxim.
1626 1606 1668 1630 Ill,
1681 1598 1714 1625 l8
1723 1597 1790 1625 dicit
1803 1605 1812 1624 ς

1018 1648 1138 1684 Originis
1162 1647 1278 1683 qumstio
1296 1650 1348 1678 est,
1368 1644 1441 1680 quod
1460 1644 1492 1670 de
1503 1645 1566 1679 [quo
1586 1644 1632 1676 sit,
1651 1644 1814 1679 arqualitatis

1018 1699 1123 1726 autem,
1139 1693 1226 1729 qualis
1241 1697 1289 1720 aut
1305 1696 1420 1728 quantus
1442 1690 1535 1718 sit.....
1554 1690 1631 1718 Sicut
1651 1692 1746 1719 eadem
1767 1699 1815 1719 es-

1020 1740 1119 1772 sentia,
1142 1748 1203 1775 quae
1223 1743 1266 1766 est
1289 1739 1316 1765 in
1341 1737 1422 1766 Patre
1444 1738 1605 1774 paternitas,
1629 1737 1657 1764 in
1679 1737 1748 1765 Filio
1773 1743 1816 1766 est

1020 1785 1125 1819 ﬂliatio,
1145 1786 1181 1812 ita
1203 1785 1297 1812 eadem
1312 1784 1440 1818 dignitas,
1457 1793 1517 1820 qua:
1529 1785 1555 1811 in
1573 1784 1652 1811 Patre
1667 1789 1709 1811 est
1723 1789 1816 1820 pater-

1020 1833 1103 1866 nitas,
1133 1832 1159 1859 in
1184 1831 1253 1859 Filio
1275 1836 1317 1859 est
1340 1831 1445 1859 ﬁliatio.
1466 1841 1476 1858 ι
1495 1831 1538 1867 (Q.
1559 1831 1605 1862 42,
1629 1839 1655 1859 a.
1679 1831 1696 1858 4
1724 1830 1757 1858 ad
1774 1830 1815 1865 2.)

1020 1878 1084 1908 Pari
1098 1879 1178 1907 modo
1189 1879 1222 1907 ad
1237 1884 1429 1915 argumentum
1439 1877 1505 1905 illud
1522 1887 1528 1904 ε
1541 1887 1550 1904 ‹
1565 1877 1650 1905 Filius
1659 1886 1714 1905 non
1729 1877 1816 1912 magis

1021 1926 1152 1953 convenit
1165 1934 1229 1954 cum
1251 1925 1342 1959 Patre,
1365 1934 1448 1961 quam
1472 1924 1593 1960 Spiritus
1617 1931 1747 1957 sanctus;
1767 1924 1816 1952 szd

1023 1971 1143 2007 Spiritus
1167 1976 1278 1999 sanctus
1293 1977 1321 2000 et
1342 1971 1423 1999 Pater
1442 1979 1497 1999 non
1524 1975 1589 1999 sunt
1604 1979 1689 1998 unum
1713 1970 1818 2006 princi-

1023 2019 1098 2054 pium
1134 2023 1260 2053 respeclu
1295 2018 1411 2055 alicujus
1439 2017 1540 2046 divinae
1574 2025 1718 2053 personze;
1751 2025 1818 2052 ergo

1024 2072 1114 2100 neque
1129 2065 1208 2093 Pater
1220 2070 1249 2092 ct
1267 2064 1362 2096 Filius.
1379 2074 1388 2091 ι
1402 2065 1438 2092 ita
1460 2066 1608 2102 respondet
1623 2073 1661 2101 tq.
1689 2065 1737 2097 56,
1756 2072 1783 2092 a.
1800 2064 1818 2091 4

1024 2112 1057 2139 ad
1075 2111 1124 2147 5):
1146 2121 1156 2137 ε
1179 2110 1221 2139 Ad
1239 2111 1352 2139 tertium
1374 2112 1540 2146 dicendum,
1569 2112 1642 2148 quod
1665 2112 1818 2140 secundum

1025 2159 1153 2186 relativus
1176 2159 1358 2194 proprietates
1390 2167 1444 2188 non
1475 2160 1626 2188 attenditur
1656 2160 1684 2188 in
1717 2159 1819 2187 divinis

1025 2205 1174 2233 similitudo
1182 2205 1434 2239 veldissimilitudo,
1442 2206 1490 2234 sed
1498 2206 1649 2234 secundum
1658 2206 1817 2233 essentiam.

177 2252 308 2285 processio
321 2251 425 2278 Amoris
437 2271 444 2284 ,
463 2251 615 2278 sccundutn
638 2258 721 2286 quam
744 2255 864 2278 amatum
882 2256 925 2279 est
941 2252 968 2280 in
987 2262 1008 2290 ι)
1027 2252 1105 2280 Unde
1120 2252 1191 2280 sicut
1206 2251 1285 2279 Pater
1301 2258 1356 2279 non
1369 2257 1412 2280 est
1426 2252 1540 2280 similior
1557 2252 1620 2285 sibi,
1643 2260 1726 2288 quam
1738 2252 1820 2286 Filio,

177 2302 298 2330 amante,
310 2298 382 2326 sicut
390 2306 437 2334 per
445 2297 653 2333 conceptionem
667 2296 743 2333 [278]
756 2297 831 2325 verbi
844 2306 888 2326 res
897 2299 971 2327 dicta

178 2343 222 2371 vel
247 2344 384 2372 intellecta
408 2349 450 2372 est
480 2344 508 2372 in
537 2342 717 2378 intelligente.
736 2343 816 2371 Unde
833 2349 861 2371 et
874 2350 974 2379 prteter

178 2388 383 2426 processionem
393 2390 474 2418 Verbi
485 2391 595 2420 ponitur
604 2388 656 2415 alia
665 2389 805 2424 processio
819 2390 846 2417 in
859 2390 972 2424 divitiis,

179 2445 240 2471 qua:
256 2441 300 2465 est
318 2438 449 2471 processio
468 2438 583 2466 Amoris.
602 2446 612 2463 ι
635 2435 740 2464 Exinde
767 2436 849 2464 etiam
876 2438 975 2473 probat

180 2483 217 2513 (τι.
235 2483 261 2518 5)
273 2485 301 2511 in
316 2485 416 2512 divinis
427 2492 482 2512 non
497 2485 590 2520 plures
601 2490 684 2518 quam
696 2482 764 2510 duas
784 2484 976 2519 processiones

179 2536 252 2561 esse,
272 2533 299 2557 et
315 2530 388 2564 (a.5.
403 2530 436 2558 ad
454 2531 479 2565 l)
495 2531 576 2558 docet
594 2539 603 2556 t
614 2528 688 2565 quod
706 2536 762 2556 non
781 2533 826 2557 est
846 2538 974 2558 necessa-

182 2576 254 2603 rium
271 2576 421 2611 procedere
443 2577 471 2604 in
495 2577 595 2606 divinis
613 2576 836 2614 processionibus
858 2577 885 2604 in
912 2577 976 2604 inli-

181 2622 281 2648 nitum.
293 2621 438 2650 Processio
447 2623 532 2656 enim,
544 2632 605 2659 quas
616 2630 663 2653 est
674 2624 709 2652 ad
722 2624 804 2655 intra,
819 2624 847 2651 in
864 2623 975 2650 intelle-

181 2668 263 2696 ctuali
274 2674 382 2701 natura,
395 2670 558 2697 terminatur
568 2671 593 2697 in
605 2671 780 2706 proccssione
791 2670 948 2698 voluntatis.
964 2680 973 2696 ι

182 2714 221 2742 Ex
239 2715 290 2742 hac
304 2715 411 2751 egregia
433 2716 558 2744 doctrina
579 2718 661 2744 etiam
683 2726 731 2752 per
746 2724 776 2744 sc
799 2717 977 2751 consequitur

183 2763 324 2797 processio
338 2763 454 2799 Spiritus
470 2764 557 2791 sancti
579 2771 612 2791 ex
639 2764 717 2797 Filio,
748 2771 811 2791 cum
837 2763 977 2798 processio

219 2830 277 2866 (79)
292 2832 324 2859 Et
337 2833 391 2870 hic
416 2833 506 2870 lectio
520 2838 648 2868 corrupta
678 2834 804 2867 videtur;
831 2834 976 2870 legendum

184 2865 312 2897 fortasse,
330 2869 363 2894 At
377 2876 441 2895 vero
454 2868 557 2894 emittit
573 2865 646 2895 cum.

221 2899 279 2936 (80)
290 2902 331 2929 (Lf.
346 2902 426 2938 Grcg.
446 2903 508 2930 Νυι.
524 2908 592 2930 orat.
607 2904 650 2936 3‘2,
666 2912 691 2939 p.
718 2905 778 2937 519,
794 2905 836 2932 c-J.
851 2904 911 2933 Bill.
927 2904 976 2932 Ba.

1026 2299 1064 2327 ita
1077 2307 1129 2327 nec
1141 2298 1226 2326 Filius
1237 2299 1352 2327 similior
1365 2298 1438 2326 Patri
1446 2307 1528 2335 quam
1542 2299 1661 2335 Spiritus
1669 2305 1791 2328 sanctus.
1806 2309 1817 2326 ι

1026 2344 1096 2381 Ergo
1111 2353 1165 2372 non
1182 2344 1282 2372 amittit
1297 2345 1415 2379 Spiritus
1432 2349 1543 2372 sanctus
1560 2353 1638 2372 suam
1658 2345 1820 2381 dignitatem

1025 2399 1059 2418 eo
1073 2390 1146 2426 quod
1167 2390 1240 2417 nulla
1254 2390 1289 2417 ab
1302 2399 1334 2418 eo
1347 2398 1463 2425 persona
1482 2391 1613 2426 procedat
1627 2396 1656 2419 et
1667 2391 1689 2419 si
1704 2390 1821 2418 Photius

1025 2438 1052 2465 id
1075 2436 1227 2468 contendit,
1256 2444 1319 2464 cum
1349 2437 1485 2465 Eunomio
1509 2438 1672 2466 'contendat
1700 2441 1821 2472 oportet,

1026 2484 1194 2520 ingenitum,
1213 2484 1347 2521 genitum,
1362 2491 1395 2511 ac
1418 2485 1570 2521 generatim
1593 2484 1624 2511 τδ
1644 2484 1733 2519 ἀρχήν
1749 2491 1822 2514 τινος

1026 2531 1096 2560 εἶναι
1112 2533 1198 2568 ipsam
1219 2531 1389 2560 constituere
1412 2539 1556 2564 naturam,
1570 2531 1644 2567 quod
1663 2540 1679 2558 a
1692 2531 1823 2558 Pan-ibus

1027 2580 1109 2608 toties
1129 2580 1343 2607 condemnatum
1368 2583 1412 2606 est
1435 2579 1502 2615 (80).
1531 2578 1577 2606 lll.
1610 2579 1689 2614 Apud
1709 2578 1822 2606 Latinos

1026 2626 1156 2661 quaslibet
1180 2632 1297 2660 persona
1318 2624 1353 2651 ab
1373 2625 1458 2653 altera
1487 2625 1608 2661 qualibet
1643 2624 1826 2653 relationibus

1027 2673 1213 2708 distinguitur.
1229 2671 1299 2699 adeo
1316 2677 1347 2699 ut
1358 2672 1431 2699 nulla
1444 2681 1514 2700 nova
1528 2673 1660 2700 relatione
1678 2680 1749 2707 opus
1763 2672 1800 2699 sit
1814 2681 1824 2706 ;

1028 2720 1116 2748 Latini
1131 2729 1183 2748 nec
1199 2721 1302 2756 plures,
1319 2729 1372 2750 nec
1384 2720 1528 2755 pauciores
1539 2720 1646 2755 σχέσεις
1660 2719 1824 2752 admittunt,

1028 2775 1110 2796 uuam
1126 2767 1222 2794 Patres
1238 2767 1335 2796 Graeci.
1349 2767 1427 2801 Quod
1439 2767 1461 2794 si
1476 2766 1565 2794 activa
1578 2766 1691 2802 spiratio
1710 2770 1738 2794 et
1755 2765 1826 2793 Filio

1029 2836 1118 2900 22.56.
1136 2836 1205 2865 Eun.
1225 2845 1244 2871 I,
1259 2837 1276 2866 5
1293 2845 1350 2873 seq.
1378 2836 1471 2872 Cyrill.
1496 2834 1580 2862 Thes.
1599 2841 1666 2862 xvul
1679 2855 1687 2868 ,
1710 2841 1738 2870 p.
1760 2833 1826 2867 186,
