1945 3088
112 136 161 168 595

464 133 514 165 DE
532 134 563 164 S.
589 133 686 164 SPIR.
709 133 961 168 MYSTAGOGIA.
979 150 1014 156 -—
1027 137 1404 170 ANIMADVERSIONES.

1688 139 1742 171 506

110 195 318 229 tribuitur,‘liac
334 196 390 230 ipsa
407 193 573 222 discernitur
593 188 678 218 Filius
693 199 708 218 a
723 191 826 228 Spiritu
839 201 900 224 tan-
912 200 936 228 Α
950 203 1014 224 nam
1038 203 1101 224 cum
1122 196 1204 224 Pater
1225 200 1253 224 et
1271 195 1357 224 Filius
1381 203 1412 224 se
1433 194 1550 225 invicem
1570 197 1691 226 habeam
1711 204 1742 225 ut

110 249 190 276 quam
206 242 328 276 opposita
345 239 487 270 relatione,
498 238 588 266 ethoc
603 238 723 272 ipsarum
735 239 899 270 relationum

110 294 195 314 nexus
209 294 241 315 ac
249 285 370 314 conditio
384 284 511 320 postulat.
528 282 585 310 lmo
601 282 765 311 Photianmn
781 291 899 322 systema

110 331 161 358 hac
186 332 213 358 in
242 336 319 366 parte
342 337 484 362 mancum,
515 327 720 364 imperfectum,
747 339 780 361 ac
805 330 899 360 debita

109 377 273 404 cohaerentia
296 376 457 404 destitutum
487 375 594 402 ostendi
619 382 719 412 potest.
747 376 824 411 Quod
855 379 899 406 his

109 423 238 458 subjectae
264 422 453 456 theologorum
484 423 731 450 demonstrationes
748 423 815 451 satis
838 425 898 452 evi-

108 469 206 496 denter
224 469 371 496 docebunt.

143 515 169 542 6.
190 513 215 541 J.
229 514 262 542 (ἱ.
280 514 424 543 Walcbius
448 522 482 543 ex
500 514 597 542 ordine
620 513 701 542 trium
718 523 898 551 personarum

107 560 238 588 divinitus
260 561 360 588 tradito
382 560 513 595 consequi
538 560 656 596 Spiritus
677 563 765 590 sancti
786 571 898 599 proces-

107 609 212 635 siouem
236 607 320 635 etiam
352 615 367 634 a
395 607 464 634 Filio
489 607 543 634 hoc
570 612 650 641 pacto
672 608 789 636 inculcat
813 608 897 645 (llisl.

105 659 222 681 controv.
240 661 265 681 c.
285 654 335 686 10,
349 653 362 689 §
376 653 404 683 2.
420 661 446 688 p.
465 653 527 686 167,
551 653 613 688 163)
627 663 634 680 :
650 654 726 691 [280]
751 665 760 681 ε
778 655 855 688 Quod
876 656 898 683 si

105 701 198 732 enim,
221 699 319 734 inquit,
347 699 466 734 Spiritus
488 701 614 734 procedit
639 709 654 728 a
681 701 775 729 Patre.
800 709 898 737 quem-

105 745 253 783 admodum
269 744 497 777 Christus,Joan.
515 747 615 780 “.26,
633 752 761 781 testatur,
771 747 899 783 idemque

104 792 194 819 Graeci
209 782 322 822 docent,
340 789 426 818 Filius
449 796 541 820 autem
562 793 633 820 inter
642 793 748 820 divinas
767 782 899 828 personas

106 837 257 865 secundum
278 837 368 864 locum
392 841 467 864 tenet
491 839 559 874 (81),
585 844 666 874 atque
692 839 814 874 ejusdem
834 847 897 867 cum

951 242 1064 278 gignens
1078 247 1106 270 et
1120 242 1238 278 genitus,
1251 246 1278 269 et
1291 242 1356 269 item
1370 241 1449 269 Pater
1459 247 1487 269 ct
1497 243 1617 278 Spiritus
1629 249 1742 272 saueius

952 292 982 316 ut
994 288 1110 316 emissor
1126 292 1155 315 et
1167 288 1295 321 emissus,
1311 293 1338 315 et
1351 292 1379 314 ut
1392 288 1507 316 donator
1518 295 1547 316 et
1557 289 1670 323 donum,
1685 290 1741 322 die.

950 343 1053 371 quaeso,
1076 335 1201 371 nunquid
1227 343 1282 362 non
1300 342 1425 370 magnam
1441 335 1568 369 injuriam
1583 336 1649 364 facis
1672 336 1750 371 Filio,

950 387 976 410 et
992 382 1106 417 Spiritui
1127 387 1229 414 sancto,
1253 381 1353 416 quibus
1375 380 1477 407 nullam
1501 382 1649 409 adinvicem
1670 383 1749 417 τρια-λ

951 428 1047 455 tionem
1064 427 1174 460 tribuis,
1182 426 1306 461 quinimo
1316 433 1395 461 quos,
1410 430 1439 453 ut
1451 426 1487 453 ita
1500 426 1626 460 dixerim,
1639 435 1654 455 a
1667 428 1743 456 socia

949 473 1134 509 processionis
1158 472 1353 500 communione
1388 471 1540 507 disjungis?
1569 472 1641 506 Quid
1668 474 1743 502 enim

949 524 1002 552 est,
1023 519 1095 554 quod
1120 518 1206 546 Filius
1228 519 1318 554 aliqua
1343 517 1433 545 media
1455 518 1586 546 relatione
1612 520 1744 555 respiciat

951 566 1083 601 Spiritum
1106 570 1232 593 sanctum
1251 572 1300 592 seu
1319 563 1442 599 Spiritus
1459 568 1574 594 sanctus
1592 564 1701 599 Filium,
1718 566 1743 594 si

949 613 1154 648 processiouem
1170 613 1249 640 istius
1263 613 1297 640 ab
1309 613 1353 641 illo
1366 614 1400 640 de
1416 613 1509 640 medio
1522 613 1664 640 amborum
1678 613 1744 641 abs-

950 659 1065 686 tuleris?
1082 668 1090 684 )
1103 659 1205 686 Eodem
1221 658 1359 694 pertinent
1367 662 1395 686 et
1404 658 1455 686 ista
1467 658 1588 694 llugonis
1600 658 1743 686 Etheriani

951 704 981 740 (Ι.
998 713 1026 738 ιι,
1038 713 1062 732 c.
1082 705 1107 737 5,
1125 712 1152 739 p.
1169 703 1249 739 1220)
1265 713 1272 731 :
1290 713 1299 729 ι
1314 704 1434 739 Spiritus
1459 712 1492 731 ex
1509 703 1590 732 Patre
1613 704 1752 739 prodieus,

949 755 997 778 aut
1009 751 1141 787 contingit
1156 750 1255 778 Filium
1273 755 1321 778 aut
1336 758 1392 779 non
1404 750 1554 786 contingit;
1571 751 1593 778 si
1608 758 1665 778 non
1677 758 1745 778 con-

951 796 1039 832 tingit,
1059 803 1116 823 non
1134 798 1176 822 est
1189 794 1292 830 aliquid
1313 796 1386 830 quod
1409 795 1559 830 conjungat
1582 801 1610 823 et
1635 795 1745 830 copulet

949 842 1018 870 Filio
1033 841 1175 877 Spiritum.
1189 850 1199 866 ›
1215 840 1333 868 Ρτπιεηι
1347 842 1483 876 ordinem,
1499 842 1545 877 qui
1557 847 1596 869 cst
1610 841 1637 869 in
1649 847 1752 875 sancta,

107 882 186 909 Patre
207 886 249 908 est
262 881 400 916 essenlim,
423 882 558 918 sequitur.
574 886 605 910 ut
624 883 764 918 processio
779 882 898 918 Spiritus
917 882 936 909 Β
950 888 1098 921 Τπ-ίηίωιε,
1132 887 1277 923 perspicue
1305 889 1405 916 asserit
1429 897 1462 918 ae
1492 889 1612 917 declarat
1640 888 1752 919 Beccus,

105 929 193 956 sancti
205 929 287 956 etiam
306 929 353 958 ﬁat.
367 939 382 958 a
401 929 480 957 Filio.
503 929 575 956 Sane
597 929 645 965 qui
665 929 718 957 hoc
732 934 844 966 negant,
869 930 898 957 in

106 975 241 1009 ejusmodi
253 984 283 1003 se
299 977 450 1012 conjiciunt
464 975 647 1009 diﬂicultatcs,
665 980 694 1003 ut
708 982 755 1004 aut
774 976 898 1004 ordinem

106 1020 135 1047 in
144 1021 287 1050 divinitate
298 1030 477 1058 personarum
488 1029 541 1049 una
551 1030 613 1049 cum
626 1024 742 1055 ratione,
751 1031 805 1058 qua
814 1023 899 1051 altera

107 1067 191 1095 refert
206 1076 235 1096 se
252 1069 285 1096 ad
302 1069 427 1102 alteram,
441 1068 535 1099 tollere
550 1075 598 1099 aut
613 1070 748 1097 allirmare
769 1070 898 1101 debeant,

107 1114 174 1140 istas
189 1122 239 1141 sua
260 1119 361 1142 natura
387 1114 458 1142 inter
483 1124 514 1144 se,
533 1116 636 1144 distare
652 1122 685 1142 ac
705 1119 811 1141 remoto
830 1113 900 1141 Filio

106 1172 168 1190 rum
198 1162 321 1196 ejusdem
342 1161 462 1189 essentia
487 1162 619 1198 Spiritum
643 1164 768 1188 sanctum
792 1168 808 1187 a
841 1160 900 1188 solo

106 1209 188 1237 Patre
199 1207 348 1243 procedere
360 1216 452 1243 posse.
471 1207 604 1236 Neutrum
618 1214 679 1235 esse
697 1207 900 1235 admittendum

104 1253 231 1290 quisquis
247 1253 387 1288 perspicit,
401 1254 448 1290 qui
462 1262 518 1282 rem
538 1261 572 1281 ex
587 1252 712 1282 veritate.
724 1259 780 1279 non
792 1259 825 1279 ex
840 1259 900 1287 per-

105 1310 186 1330 vvrsa
195 1300 324 1336 opinione
334 1308 367 1328 ac
375 1309 458 1336 prava
471 1301 611 1328 voluntate
621 1298 756 1331 aestimat;
771 1303 900 1334 recteque

106 1353 207 1384 praeter
220 1348 287 1375 alios
303 1346 381 1374 Joan.
396 1347 585 1374 Atfelmannus
607 1345 765 1382 (Syntagma
790 1346 898 1372 επεν-εει.

105 1395 254 1422 ucademic.
278 1403 305 1430 p.
321 1404 343 1428 ι,
362 1403 389 1429 p.
405 1393 469 1429 “6)
489 1392 577 1420 dicit:
597 1391 626 1419 Si
649 1390 768 1426 Spiritus
787 1395 900 1418 sanctus

105 1448 161 1467 non
173 1441 334 1476 procederet
343 1449 358 1468 a
370 1440 449 1472 Filio,
462 1440 552 1467 omnis
563 1439 643 1474 plane
652 1438 803 1475 personalis
813 1445 900 1465 nexus

105 1495 139 1514 ac
150 1487 246 1514 relatio
253 1487 325 1515 inter
332 1487 431 1514 Filium
439 1490 467 1514 et
475 1485 606 1520 Spiritum
614 1489 738 1513 sanctum
746 1485 899 1513 tolleretur.

105 1533 234 1568 Requirit
251 1541 317 1561 vero
334 1533 459 1560 absoluta
475 1531 619 1560 Trinitatis
629 1532 773 1568 perfectio,
791 1536 821 1559 ut
835 1539 899 1567 per-

103 1587 183 1607 sona:
194 1580 252 1607 suis
269 1579 481 1615 productionum
499 1577 670 1614 respectibus
678 1583 706 1606 ct
718 1577 898 1614 hypostaticis

105 1626 286 1654 relationibus
302 1625 341 1653 sic
355 1633 452 1653 omnes
466 1624 499 1652 ad
516 1632 547 1652 se
567 1630 678 1655 mutuo,
702 1624 824 1659 adeoque
839 1623 898 1651 sin-

104 1672 175 1707 gula:
192 1672 225 1699 ad
251 1672 372 1707 singulas
396 1671 452 1699 sint
468 1671 612 1703 devinctae,
631 1674 661 1698 ut
685 1669 766 1698 Pater
787 1669 899 1705 quidem

106 1716 242 1744 referatur
258 1717 427 1752 hypostatica
443 1717 574 1744 relatione
591 1716 626 1743 ad
649 1716 746 1743 Filium
769 1721 899 1751 tanquam

105 1764 139 1790 ad
154 1763 288 1798 genitum,
300 1764 386 1791 Filius
399 1763 433 1791 ad
448 1763 556 1790 Patrem
569 1767 600 1789 ut
614 1763 757 1797 progenies
773 1762 806 1789 ad
818 1770 899 1790 suum

104 1809 271 1844 genitorem,
281 1809 362 1836 Pater
372 1809 406 1836 ad
423 1807 556 1843 Spiritum
567 1813 692 1835 sanctum
706 1813 735 1835 ut
747 1808 855 1843 spirans
864 1808 898 1835 ad

104 1861 187 1881 suum
199 1854 376 1889 spiraculum,
395 1854 511 1889 Spiritus
522 1858 635 1881 sanctus
646 1854 709 1881 item
722 1854 757 1881 ad
774 1853 896 1888 Patrem,

102 1908 237 1939 tanquam
251 1909 331 1929 suum
351 1901 526 1936 spiratorem.
548 1899 721 1934 Relinquitur
741 1911 806 1939 ergo
824 1904 898 1932 inter

103 1951 194 1978 solum
209 1949 308 1977 Filium
320 1947 488 1983 etSpiritum
499 1952 625 1975 sanctum
637 1949 760 1984 quaedam
777 1950 897 1978 solitudo

104 2002 135 2025 et
161 1997 264 2030 hiatus,
289 1995 313 2023 si
335 1993 410 2022 nulla
434 1994 588 2029 personalis
604 1994 676 2022 inter
691 1995 738 2022 τοῦ
759 1996 848 2031 Λόγου
869 2001 898 2025 et

104 2042 223 2078 Spiritus
252 2040 340 2070 sancti
376 2039 537 2076 hypostasin
570 2040 751 2069 interveniret
788 2043 897 2070 relatio.

102 2088 191 2122 Quale
208 2088 347 2122 διάστημα
363 2087 421 2115 sive
441 2086 551 2123 qualem
575 2086 680 2114 hiatum
706 2088 829 2116 absoluta
853 2089 898 2116 illa

101 2143 138 2163 ac
149 2133 255 2161 inﬁnita
265 2132 408 2160 Trinitatis
422 2132 553 2168 perfectio
563 2134 639 2162 nullo
652 2134 733 2162 modo
743 2133 871 2161 admittit.
884 2143 894 2159 ι

103 2181 160 2208 Sed
175 2180 228 2208 ista
242 2179 299 2214 jam
321 2178 538 2208 laculentissime
557 2185 700 2208 versarant
722 2187 756 2208 ac
780 2180 896 2208 demon-

951 935 1000 971 (De
1024 943 1095 970 proc.
1117 934 1211 968 Spirit.
1230 939 1315 961 tanct.
1334 942 1359 962 e.
1381 936 1418 970 8;
1436 936 1468 964 G.
1484 935 1518 963 Ο.
1539 935 1560 969 Ι,
1580 935 1630 963 501
1655 934 1753 970 seq.);,

951 983 996 1010 hic
1011 990 1077 1010 vero
1091 983 1159 1010 ordo
1172 988 1202 1010 ut
1214 981 1399 1015 necessarius,
1413 986 1534 1010 aeternus
1549 986 1631 1017 atque
1645 981 1746 1009 intutu-

953 1028 1044 1056 tabilis
1054 1036 1087 1055 ex
1098 1029 1267 1065 contingenti
1282 1036 1314 1056 ac
1325 1027 1494 1063 temporaria
1508 1027 1640 1055 missione
1658 1026 1745 1062 repeti

950 1073 1056 1108 nequit,
1072 1081 1162 1108 neque
1176 1073 1352 1106 ex;essentia,
1361 1079 1422 1108 qua:
1438 1071 1533 1099 eadem
1546 1071 1574 1098 in
1584 1071 1672 1099 tribus
1683 1078 1746 1106 pcr-

951 1120 1026 1147 sonis
1051 1124 1109 1152 est;
1134 1120 1222 1147 solum
1244 1119 1327 1155 igitur
1347 1127 1380 1147 ex
1404 1118 1519 1153 originis
1544 1117 1678 1145 relatione
1698 1125 1746 1152 pe-

953 1165 1052 1193 tendus
1066 1164 1114 1197 (cf.
1131 1164 1226 1191 Petav.
1243 1164 1282 1190 De
1295 1163 1368 1190 Trin.
1383 1171 1433 1195 vn,
1449 1162 1476 1194 6,
1487 1170 1516 1189 n.
1534 1161 1560 1193 6,
1576 1161 1615 1195 7).
1627 1160 1746 1188 Uberius

951 1210 1071 1238 ostendit
1087 1210 1169 1245 hujus
1191 1209 1295 1237 ordinis
1309 1213 1436 1236 naturam
1456 1212 1485 1235 et
1501 1207 1657 1240 relationes,
1677 1214 1746 1240 quas

951 1258 995 1285 ille
1007 1257 1118 1292 flagitat,
1130 1256 1262 1291 Georgius
1277 1255 1478 1291 Trapezunttus
1491 1253 1542 1290 (De
1554 1261 1628 1288 prec.
1648 1251 1744 1287 Spirit.

950 1309 1036 1331 sanet.
1051 1303 1086 1330 ad
1102 1302 1182 1331 Joan.
1198 1302 1312 1330 Cuhocl.
1322 1301 1397 1330 6.0.
1413 1301 1434 1334 Ι,
1445 1301 1497 1329 470
1507 1299 1578 1336 seq.)
1591 1309 1598 1327 :
1613 1308 1622 1325 ι
1636 1297 1745 1326 Triadis

952 1350 1039 1386 ipsius
1055 1357 1167 1382 nomen,
1183 1348 1282 1384 inquit,
1299 1347 1423 1375 ordinem
1446 1347 1544 1383 signat,
1560 1352 1588 1373 et
1615 1344 1674 1372 ﬁeri
1693 1351 1744 1371 ne-

951 1397 1020 1432 quit,
1035 1400 1066 1424 ut
1082 1395 1163 1423 Trias
1182 1403 1247 1423 vere
1260 1399 1289 1423 et
1304 1402 1334 1421 re
1350 1394 1409 1429 ipsa
1428 1394 1546 1424 dicatur,
1559 1391 1612 1419 nisi
1633 1390 1746 1418 relatio-

952 1450 1014 1470 nem
1032 1441 1082 1469 tria
1104 1441 1150 1468 illa
1175 1440 1247 1468 inter
1269 1447 1299 1468 se
1323 1439 1460 1472 habeant;
1485 1445 1550 1465 nam
1569 1437 1591 1464 si
1611 1436 1666 1463 duo
1682 1435 1745 1471 quis

951 1488 1135 1524 supposuerit,
1153 1495 1214 1522 quae
1230 1485 1361 1513 relatione
1374 1486 1446 1512 inter
1461 1491 1490 1511 se
1507 1491 1563 1511 non
1578 1482 1744 1514 referantur,

951 1540 1033 1563 erunt
1046 1535 1102 1563 duo
1115 1534 1159 1561 illa
1174 1540 1286 1569 prorsus
1302 1537 1330 1559 et
1348 1539 1404 1559 non
1419 1531 1546 1559 dualitas.
1560 1529 1637 1562 Quod
1653 1528 1676 1556 si
1692 1527 1745 1556 tria

952 1585 1016 1609 sunt
1029 1589 1090 1616 qua!
1105 1583 1307 1614 supponuntur,
1325 1577 1347 1604 si
1358 1575 1575 1612 unumquodque
1589 1574 1623 1602 ad
1639 1573 1746 1607 reliqua

952 1629 1004 1656 tria
1020 1627 1179 1655 relationem
1197 1625 1319 1658 habebit,
1333 1625 1389 1653 erit
1402 1624 1490 1654 Trias,
1506 1621 1548 1649 sin
1563 1620 1664 1649 minus.
1680 1619 1744 1646 tria.

951 1673 1034 1709 Igitur
1047 1673 1070 1700 si
1081 1672 1162 1699 Pater
1172 1679 1236 1707 erga
1247 1670 1345 1698 Filium
1358 1674 1385 1698 et
1395 1676 1459 1705 erga
1471 1666 1605 1702 Spiritum
1619 1669 1745 1693 sanctum

951 1719 1112 1746 relationem
1127 1718 1210 1745 habet
1233 1717 1403 1748 naturalem,
1427 1722 1487 1742 eam
1508 1720 1569 1748 quae
1591 1710 1744 1739 secundum

950 1772 1062 1792 causam
1086 1769 1137 1796 est,
1155 1764 1239 1791 Filius
1253 1771 1318 1791 vero
1336 1771 1403 1789 erga
1425 1760 1543 1791 Patrem,
1569 1761 1640 1796 quod
1661 1769 1692 1786 ex
1710 1766 1758 1797 eo}

950 1814 1003 1842 est,
1018 1810 1066 1837 sed
1084 1810 1118 1837 ad
1137 1809 1270 1845 Spiritum
1292 1809 1407 1842 nullam,
1427 1813 1515 1841 neque
1537 1806 1657 1841 Spiritus
1680 1811 1745 1839 erga

951 1856 1061 1888 Filium,
1095 1859 1144 1883 aut
1171 1855 1288 1883 dualitas
1307 1855 1390 1883 fuerit
1413 1860 1460 1881 aut
1483 1859 1539 1881 tres
1562 1852 1616 1885 dii,
1640 1855 1668 1878 et
1687 1857 1744 1877 non

950 1901 1084 1935 Trinitas,
1097 1901 1180 1929 Deus.
1196 1901 1283 1934 Quam
1296 1900 1464 1936 impietatem
1477 1899 1571 1928 sedula
1586 1896 1744 1933 provisione

951 1947 1122 1976 declinantes
1147 1947 1274 1974 doctores
1302 1948 1406 1981 optime
1424 1945 1607 1975 alltrmarunt,
1623 1940 1700 1978 [282]
1716 1945 1745 1968 et

951 1993 1144 2023 communibus
1165 1992 1383 2020 Christianorum
1416 1990 1575 2019 notionihus
1611 1987 1744 2019 creditur,

951 2040 1059 2068 divinas
1073 2040 1234 2075 hypostases
1248 2039 1361 2066 alteram
1380 2038 1458 2066 alteri
1474 2036 1616 2064 adhzerere
1630 2042 1658 2064 et
1675 2043 1744 2064 con-

948 2085 1042 2123 jungi;
1059 2085 1132 2120 quod
1149 2085 1221 2120 apud
1235 2084 1345 2112 Graecos
1363 2085 1442 2120 plane
1457 2084 1630 2121 antiquatum
1644 2087 1696 2114 est,
1714 2086 1758 2113 ut.

947 2131 1006 2168 jam
1020 2135 1163 2159 versentur
1175 2130 1202 2158 in
1218 2130 1341 2166 periculo
1351 2151 1358 2162 ,
1375 2139 1410 2158 ne
1423 2130 1457 2158 de
1472 2129 1524 2158 ﬁde
1538 2131 1566 2158 in
1582 2132 1744 2159 Trinitatem

951 2178 1078 2206 decidant
1092 2177 1159 2213 (82).
1171 2176 1298 2205 Profecto
1313 2177 1341 2204 in
1354 2183 1501 2213 systemate
1516 2178 1651 2205 Photiano
1663 2177 1745 2204 Pater

102 2229 262 2254 straverant
275 2224 439 2252 vetustiores
456 2226 586 2262 theologi.
600 2225 736 2254 Praaclare
749 2226 897 2253 Anselmus
910 2230 936 2259 D
950 2225 1059 2260 quidem
1073 2223 1157 2251 habet
1169 2223 1327 2250 relationem
1342 2222 1376 2250 ad
1393 2222 1492 2251 Filium
1508 2227 1535 2251 et
1555 2223 1590 2250 ad
1609 2222 1743 2258 Spiritum

103 2269 335 2306 liavelbergensis
352 2270 438 2301 cuiso.
461 2270 521 2305 (lib.
543 2279 563 2298 u
586 2270 659 2298 Dial.
676 2279 701 2299 c.
721 2270 765 2302 ΙΙ,
787 2279 816 2306 p.
833 2270 894 2303 179,

102 2316 151 2344 ed.
165 2316 256 2348 Paris,
273 2316 375 2350 1725):
394 2323 406 2340 ‹
421 2315 489 2343 Cum
510 2316 569 2343 haec
585 2315 653 2343 dicis
672 2315 816 2351 (Spiritum
830 2324 896 2343 san-

101 2369 179 2392 ctum
187 2372 242 2391 non
254 2365 403 2400 procedere
413 2372 429 2391 a
440 2362 610 2399 Filio),[28n
618 2364 763 2391 maximam
775 2364 895 2398 utrique,

103 2410 175 2439 Filio
202 2410 306 2438 scilicet
322 2410 348 2438 ei
374 2409 489 2445 Spiritui
511 2414 627 2443 sancto,
656 2409 785 2445 injuriam
810 2409 894 2444 lacis;

141 2518 199 2552 (8i)
216 2516 275 2545 Huc
294 2523 419 2552 spectant
438 2518 516 2553 plura
542 2517 705 2553 testimonia,
722 2517 795 2553 apud
813 2517 894 2546 Allat.

102 2553 182 2581 Vind.
201 2561 259 2588 ryn.
281 2553 378 2587 Eplies.
399 2561 424 2580 c.
439 2552 484 2584 67,
500 2562 527 2588 p.
544 2553 593 2580 501
619 2561 676 2588 seq.
690 2552 732 2581 Cf.
748 2552 833 2581 (ἔντεα.
850 2562 895 2581 or-

102 2592 177 2616 thod.
191 2587 222 2620 l,’
231 2588 294 2620 474,
307 2588 377 2621 47ἴὶ;
389 2588 423 2621 ΙΙ,
436 2587 568 2616 725-728.

140 2624 196 2658 (8‘2)
209 2624 239 2651 L.
256 2631 281 2651 c.
296 2632 324 2650 η.
341 2623 405 2659 54).
418 2624 471 2650 472
489 2633 495 2651 :
519 2623 592 2658 Πρὸς
618 2623 725 2655 τούτοις
738 2624 785 2651 καὶ
800 2623 832 2650 τὺ
846 2624 896 2659 τῆς

100 2660 218 2695 Τριάδος
229 2659 316 2695 hanc.
327 2658 404 2695 τᾴξιν
418 2659 494 2693 δηλοῖ
506 2667 514 2675 ·
535 2659 584 2695 uel.
598 2659 728 2695 ἀδύνᾳτον
743 2659 839 2695 cpidae
852 2659 896 2686 λέ-

101 2693 164 2728 γέιν
188 2693 297 2729 ἀληθῶς
313 2694 363 2730 καὶ
379 2694 628 2730 νπραγματικῶςξι
646 2694 682 2729 μὴ
702 2693 798 2730 ,σχέσιν
826 2695 895 2730 πρὸς

101 2729 206 2764 ἄλληλα
218 2730 274 2765 ἔχει
289 2729 324 2756 τὰ
338 2729 452 2765 τρίαέξῖ
465 2737 507 2765 τις
519 2729 572 2763 γὰρ
586 2729 633 2765 δύο
652 2729 713 2765 τινᾲ
727 2729 895 2765 ὑποθείημὴ

102 2765 197 2801 σχέσιν
216 2764 313 2826 ἐἘοντα
325 2764 394 2800 πρὸς
406 2764 509 2799 sima
527 2764 634 2791 οἱανοῦν
649 2784 657 2797 ,
682 2764 729 2791 δύο
743 2785 750 2796 ,
775 2765 807 2791 οὺ
829 2764 895 2796 tua:

102 2801 190 2826 ἔσται·
205 2801 230 2826 ει
254 2801 268 2826 ὲ
281 2800 344 2826 τοία
361 2799 403 2826 εἴτι
418 2800 452 2826 τὰ
469 2799 647 2826 ὑποκείμενα.
666 2801 690 2826 ει
706 2800 756 2826 μὲν
780 2800 895 2826 ἕκαστον

100 2799 190 2827 ἐάσαι·
205 2799 268 2827 εἰδὲ
281 2799 404 2835 τρία⁷εἵη
418 2800 452 2826 τὰ
469 2799 647 2834 ὑποκείμενα,
666 2801 690 2826 ει
706 2800 756 2834 μὲν
780 2800 895 2827 ἕκαστον

102 2835 173 2871 προς
187 2835 221 2862 τὰ
233 2835 316 2862 λοιπὰ
327 2835 373 2862 δύο
384 2835 476 2871 σχέσιν
489 2835 558 2871 ἔχει,
570 2835 652 2870 τριὰς
663 2835 751 2871 ἕσσαι,
764 2837 788 2862 εξ
802 2835 831 2862 δὲ
844 2836 894 2870 μὴ,

99 2870 177 2907 τρία.
195 2871 226 2897 El.
245 2871 298 2906 ἄρα
323 2870 380 2906 ἔχει
396 2870 519 2907 δυστὴρ
534 2870 603 2906 πρὸς
631 2871 677 2898 τὸν
703 2870 766 2898 Υἱὸν
789 2871 837 2899 καὶ
863 2870 895 2897 τὸ

948 2275 1084 2300 sanctum.
1098 2270 1183 2297 Filius
1197 2273 1225 2296 et
1237 2269 1359 2307 Spiritus
1375 2274 1488 2298 sanctus
1509 2268 1668 2296 relationem
1691 2269 1744 2296 ha-

948 2317 1015 2345 bent
1027 2317 1062 2343 ad
1086 2315 1206 2348 Patrem,
1233 2316 1280 2343 sed
1305 2315 1408 2343 nullam
1433 2315 1468 2342 ad
1491 2314 1622 2349 Spiritum
1646 2313 1742 2346 Filius,

947 2362 1050 2390 nullam
1060 2361 1095 2389 ad
1113 2360 1211 2389 Filium
1225 2361 1345 2397 Spiritus
1360 2361 1521 2389 relationem
1545 2359 1640 2393 habet;
1665 2359 1743 2387 deest

947 2408 1060 2436 omnino
1087 2412 1199 2435 mutuus
1215 2415 1301 2435 nexus
1317 2407 1390 2436 inter
1403 2407 1471 2434 duas
1487 2409 1640 2441 postremas
1653 2405 1742 2441 hypo-

946 2517 1060 2552 Πνεῦμα
1072 2516 1121 2552 τὴν
1133 2514 1193 2552 καῖε*
1209 2514 1299 2552 atria);
1322 2514 1442 2552 φσσικῂηί
1457 2514 1567 2552 exeam,
1581 2513 1596 2540 ὁ
1622 2513 1652 2552 ob
1669 2512 1743 2552 ΔΥἱὸς

947 2548 1078 2589 πρδς’μὲν
1092 2548 1138 2578 -ξὺν
1156 2549 1266 2584 Πατέρα
1280 2548 1338 2584 ἔχει
1353 2550 1394 2576 ὅτι
1413 2548 1442 2582 ἐξ
1467 2548 1561 2590 abeat},
1584 2549 1652 2584 πρὸς
1667 2548 1695 2575 δὲ
1711 2549 1742 2575 τὸ

947 2587 1060 2616 Πνεῦμα
1082 2586 1209 2616 οὐδεμίαν
1234 2584 1295 2612 οὔτε
1328 2585 1381 2616 μὴν
1409 2585 1440 2611 τὺ
1455 2585 1568 2616 ΙΙνευμα
1602 2584 1671 2616 πρὸς
1695 2584 1743 2610 τὸν

947 2585 1060 2623 [Iustitia
1082 2586 1209 2620 οὐδεμίαν
1234 2585 1295 2612 οὔτε
1328 2585 1381 2620 μὴν
1409 2585 1440 2611 τὸ
1455 2585 1568 2646 Πνεῦΰα
1602 2585 1671 2624 πρὸς
1695 2585 1742 2624 τον

947 2624 1026 2661 Υἱὸν,
1040 2623 1056 2658 ἢ
1071 2622 1153 2661 ’,δυὰς
1172 2620 1248 2661 ἑστίῃ
1310 2622 1393 2661 cpiti
1406 2620 1514 2661 locvta}.
1536 2620 1663 2661 ,εοῌφευ
1691 2627 1742 2661 της

945 2655 1060 2689 ἁτοπίαξ
1071 2658 1090 2691 !)
1108 2657 1155 2683 καὶ
1166 2656 1196 2681 οὐ
1215 2655 1301 2691 Τριὰς
1317 2655 1470 2691 ὸγΘεός-νῆν
1484 2655 1517 2691 δὴ
1531 2655 1660 2682 ἀσέϐειαν
1675 2655 1742 2687 φεύ·

946 2702 1025 2731 γουσι
1039 2690 1384 2731 ξοίζὶ-διδατκάὶεοιςικαλῷς
1405 2690 1527 2731 λέγεταξ,
1543 2691 1592 2716 καὶ
1605 2691 1666 2731 τίείς
1681 2697 1742 2731 κρι-

945 2723 1005 2760 θαῖς
1017 2728 1071 2755 τῶν
1085 2723 1261 2762 Χριστιανῶν
1282 2725 1399 2758 ὲννοιαις
1424 2723 1582 2752 πιστεύεται
1596 2745 1604 2757 ,
1630 2723 1742 2759 Exadius

946 2764 1068 2792 ἀλλήλων
1080 2763 1130 2792 τὰς
1143 2761 1219 2792 θείας
1233 2761 1408 2792 ὑποστάσεις·
1423 2761 1437 2787 ὂ
1451 2762 1507 2792 τοῖς
1521 2760 1648 2792 Γραικοῖς
1663 2759 1743 2786 οὐδα-

946 2764 1068 2800 ἀλλήὶων
1080 2763 1130 2793 τὰς
1143 2762 1219 2792 θείας
1233 2762 1408 2792 ὑποστάσεις·
1423 2762 1437 2787 ὂ
1451 2762 1507 2793 τοῖς
1521 2762 1652 2799 Γραικοῖξ
1663 2762 1742 2786 οὐδα-

947 2799 1006 2834 μῶς
1034 2798 1152 2835 σώζεται
1167 2817 1176 2829 ,
1201 2795 1282 2835 ᾣστε.
1302 2795 1470 2835 κινδυνειξειν
1495 2795 1596 2835 «absab;
1622 2802 1685 2835 της.
1700 2795 1742 2835 ei;

946 2829 1050 2870 Τριάδα
1063 2829 1373 2870 πνίσῖεῳς-ἀτξοτεί-πῃξγ.
1395 2831 1486 2870 (ἰτηει
1499 2831 1645 2859 Constant.
1661 2829 1740 2859 Meli-

947 2866 1003 2897 tc'n.
1024 2877 1042 2903 ι,
1062 2877 1087 2897 c.
1098 2869 1145 2897 55.
1157 2867 1201 2904 (ὓ.
1218 2866 1250 2895 Ο.
1267 2867 1300 2901 ll,
1313 2866 1366 2895 724
1383 2867 1454 2902 seq.)
