1945 3088
201 165 252 200 511

773 163 906 195 ΡΗΟΤΙΙ
926 162 1182 194 ΡΑΤΒΙᾹΒΕΗῶ
1204 162 1259 194 CP.

1787 158 1845 193 512

199 227 215 262 §
230 226 274 262 l7)
291 235 298 253 :
318 235 328 252 ‹
351 226 418 253 Nam
430 232 552 260 persona:
567 224 627 252 duae
642 231 690 252 sua
703 223 818 260 singulae
830 223 996 259 proprietate
1009 223 1035 253 Α
1047 222 1118 251 illos.
1140 222 1204 257 quia
1226 221 1324 249 Filium
1344 220 1436 248 omnia
1453 220 1543 248 Patris
1556 219 1742 256 possidentem
1756 227 1770 246 a
1785 219 1843 254 spi-

200 268 357 297 eonstitutze
378 273 452 302 sunt,
474 276 536 304 qua:
559 274 624 296 sunt
641 269 657 304 ἡ
674 268 814 304 πατρότης
829 269 877 295 καὶ
890 268 993 304 υἰότης,

200 315 300 350 quibus
315 315 419 350 integre
433 319 461 342 et
477 314 594 343 invicem
606 314 740 342 distinctae
753 315 899 350 hypotases
924 315 996 342 exsi-

201 367 288 389 stunt.
300 361 345 388 llis
360 362 415 397 jam
428 362 585 389 constitutis
600 362 652 389 alia
665 369 726 396 qua:
741 366 783 389 est
798 361 918 396 spirandi
932 369 995 396 pro-

201 406 304 441 prietas
326 406 442 437 accedit,
470 414 557 441 eaque
584 406 705 434 divinam
726 406 884 437 essentiam,
908 411 937 432 ut
953 410 995 432 est

202 452 232 478 in
245 451 325 479 Patre
339 460 371 479 ac
387 451 465 483 Filio,
481 451 538 479 sive
552 456 582 478 ut
600 452 628 478 in
646 451 726 479 Patre
740 456 767 478 et
784 459 799 478 a
812 451 891 478 Patre
911 456 952 478 est
968 451 995 478 in

201 497 287 529 Filio.
303 498 470 533 consequitur
485 505 517 525 ac
532 497 680 525 modiﬁcat.
693 497 732 524 ita
746 497 786 529 fit,
804 501 835 523 ut
849 504 933 523 unum
951 497 996 524 fiat

201 552 236 572 ex
258 544 392 571 ambobus
417 544 602 579 principium,
625 551 752 579 unusque
776 543 914 578 spirator,
941 551 996 570 non

202 595 294 618 tamen
317 598 370 617 una
393 597 528 625 persona;
545 590 568 617 si
587 583 732 625 quidem?)
750 589 871 625 προῦολὴ
884 597 940 616 non
955 592 997 616 est

200 637 354 674 perSOnalis
366 637 528 672 proprietas,
542 636 600 664 sive
613 636 643 663 τὸ
657 636 723 663 ῐδιον
738 636 931 667 ὑποστατικὺν,
945 636 997 663 hoc

202 689 263 718 est,
288 691 433 719 personam
459 683 641 711 constituens.
662 692 671 709 9
696 683 872 715 Gennadius,
893 682 920 709 in
944 682 998 709 Ea:—

202 731 280 766 poail.
304 739 376 757 conc.
401 729 477 756 Flor.
503 738 530 765 p.
564 738 583 761 ι,
609 733 677 757 sect.
701 729 744 761 lO,
760 729 812 756 hoc
827 733 996 764 postremum

202 776 303 803 merito
324 776 444 803 inculcat
469 785 476 803 :
506 785 515 802 ι
539 775 568 802 Si
586 775 786 810 hypostaticum
803 783 929 810 persona:
946 774 999 801 Pa-

203 822 253 849 tris
279 821 448 857 producendi
474 826 565 849 actum
585 829 760 857 poneremus,
780 827 845 849 tunc
858 822 952 857 utique
972 822 998 849 id

205 868 404 897 inconveniens
427 874 599 905 sequeretur,
623 878 741 905 vereque
753 875 826 898 esset
845 870 928 898 Filius
944 878 997 897 una

206 924 268 943 cum
294 916 372 944 Patre
394 924 526 952 persona,
542 917 727 945 constitutiva:
743 917 919 952 proprietatis
934 924 997 944 cum

205 969 239 989 eo
255 962 472 990 communicans.
487 963 541 990 Sed
556 963 618 997 quia
631 971 755 998 persona:
766 963 853 991 Patris
864 963 999 991 constitu-

207 1009 262 1036 tiva
292 1009 443 1044 proprietas
471 1009 621 1044 paternitas
645 1015 673 1037 et
697 1009 837 1045 generatio
860 1010 933 1037 dicta
958 1014 1001 1038 est

206 1063 279 1088 esse,
302 1055 376 1092 [289]
406 1056 558 1091 producere
580 1063 645 1083 vero
666 1057 821 1091 proprietas
840 1057 899 1084 sive
912 1056 998 1089 notio,

207 1108 270 1135 qua:
295 1101 418 1135 sequitur
440 1109 580 1136 personant
607 1102 778 1128 constitutam
803 1101 908 1136 ipsius,
940 1109 1001 1137 quas

208 1147 360 1174 necessitas
372 1152 424 1179 est,
440 1155 504 1174 eum
519 1148 565 1182 qui
584 1155 646 1175 cum
665 1147 710 1175 illo
726 1155 901 1175 communem
919 1148 1001 1175 habet

208 1201 268 1221 eam
292 1194 496 1228 proprietatem,
521 1202 581 1229 qua:
601 1202 727 1229 personae
746 1195 807 1230 ejus
821 1194 1001 1221 constitutiva

209 1247 263 1267 non
278 1244 333 1272 est,
351 1248 431 1267 unam
448 1248 509 1268 esse
523 1249 585 1268 cum
606 1248 639 1268 eo
655 1241 823 1276 personam?
842 1239 909 1267 Nam
922 1240 1001 1268 sicuti

208 1286 414 1314 communicaris
438 1294 502 1314 cum
520 1287 600 1314 Patre
624 1287 720 1320 Filius,
740 1287 845 1314 scilicet
869 1286 1001 1321 Spiritum

208 1332 268 1367 ejus
288 1340 358 1365 esse,
375 1332 606 1367 quemadmodum
623 1337 651 1360 et
670 1332 767 1363 Patris,
783 1337 811 1359 et
827 1332 897 1360 mitti
910 1333 943 1359 ab
958 1340 1000 1365 eo,

209 1378 439 1412 quemadmodum
462 1383 490 1405 et
503 1385 518 1405 a
532 1378 622 1410 Patre,
640 1383 730 1405 tamen
747 1385 803 1405 non
820 1385 882 1404 cum
895 1385 928 1404 eo
942 1385 1003 1412 per-

210 1432 292 1452 sonas
317 1426 511 1457 communicat,
538 1425 602 1459 quia
629 1423 762 1459 Spiritum
784 1423 837 1451 dici
857 1424 945 1451 Patris
960 1423 1004 1451 vel

210 1470 245 1497 ah
260 1477 293 1498 eo
309 1470 380 1497 mitti
392 1478 445 1497 non
456 1475 498 1497 est
511 1475 629 1505 paternae
643 1478 766 1505 personae
777 1470 1001 1503 constitutivum;

211 1515 252 1543 sic
268 1523 357 1551 neque
371 1516 417 1551 qui
433 1515 642 1551 productionem
658 1524 833 1543 communem
847 1524 910 1548 eum
925 1516 1004 1544 Patre

1045 269 1151 296 ratione
1165 268 1325 300 excludunt,
1337 267 1396 294 Filii
1412 266 1591 294 coeflieieutia
1605 266 1694 293 Patris
1708 266 1842 293 honorem

1045 315 1133 342 minui
1149 319 1294 341 autumant
1308 317 1336 341 et
1349 313 1430 341 anxie
1448 313 1531 340 nimis
1545 313 1634 340 Patris
1645 312 1843 348 pratrogativas

1045 361 1197 392 inculcant,
1214 360 1360 387 Arianismi
1375 367 1501 395 arguere.
1517 359 1577 392 Quo
1593 358 1760 386 Ratramnns
1775 358 1804 393 (l.
1820 367 1841 391 ι,

1046 414 1071 434 c.
1088 407 1116 439 5,
1130 406 1239 441 ι).229;
1254 407 1273 433 l.
1290 413 1332 438 Ill,
1354 414 1379 434 c.
1394 406 1420 437 6,
1439 413 1465 440 p.
1481 405 1545 440 298)
1559 414 1566 438 ;
1582 404 1679 431 Petrus
1695 403 1841 431 Mediolan.

1047 453 1091 488 (ad
1114 452 1180 487 imp.
1192 452 1270 479 Alex.
1289 452 1321 479 (ἑ.
1337 451 1368 479 0.
1387 451 1406 484 I,
1420 451 1473 479 580
1488 450 1558 486 seq.)
1572 459 1579 483 ;
1596 450 1701 477 Beccus
1733 449 1771 482 (in
1786 449 1842 476 Te-

1046 505 1127 531 stam,
1144 499 1182 526 ib.
1198 507 1226 534 p.
1243 498 1305 531 577)
1320 498 1421 533 aliique
1437 503 1576 533 spectasse
1593 497 1730 524 videntur.
1747 496 1844 530 Neque

1045 551 1185 581 postremo
1212 545 1237 572 id
1260 545 1410 572 advertisse
1435 544 1553 580 amplius
1574 551 1644 579 opus
1669 547 1721 575 est,
1737 542 1842 569 nullam

1047 593 1111 620 hinc
1141 592 1303 619 divisionem
1327 591 1597 626 discerptioncmque
1621 590 1721 624 sequi,
1751 596 1845 624 neque

1047 645 1132 665 unum
1156 636 1244 664 Patris
1263 637 1363 664 idioma
1379 636 1430 671 ipsi
1446 635 1579 670 integrum
1596 633 1711 663 servari.
1724 633 1842 661 alterum

1047 692 1112 711 vero
1128 683 1244 716 destrui,
1268 691 1329 718 quas
1346 691 1379 709 ex
1396 682 1476 710 dictis
1488 682 1544 717 jam
1557 681 1624 708 satis
1637 681 1752 707 refutata
1764 684 1842 708 sunt.

1081 731 1109 757 9.
1130 730 1249 757 Rursum
1265 729 1400 757 declamat
1415 728 1530 756 Photius
1543 727 1614 762 (cap.
1627 727 1657 754 ll
1676 736 1683 754 :
1700 736 1709 753 ι
1724 726 1845 754 Praeter-

1048 785 1080 804 ea
1101 776 1123 803 si
1148 776 1202 804 duo
1222 775 1356 811 principia
1378 775 1406 802 in
1431 774 1588 802 thearchica
1609 778 1636 801 et
1659 780 1845 808 super-essm-

1050 823 1105 850 tiali
1126 821 1262 849 Triuitate
1279 821 1497 856 conspiciuntur,
1517 820 1562 848 ubi
1571 820 1624 848 erit
1638 820 1747 847 tandem
1761 819 1845 847 toties

1049 870 1192 897 decantata
1213 870 1324 904 Deoque
1347 868 1427 904 digna
1447 867 1613 895 mouarehize
1627 867 1687 895 vis?
1702 867 1846 900 Quomodo

1051 926 1104 945 non
1123 916 1294 953 polytheisnti
1310 916 1435 951 impietas
1447 923 1521 943 nunc
1535 916 1669 950 irrumpet
1679 914 1691 941 ?
1701 913 1849 947 Quomodo

1050 972 1106 991 non
1130 964 1180 991 sub
1195 962 1397 991 Christianismi
1409 962 1500 997 specie
1513 961 1616 989 ethnici
1629 960 1731 988 erroris
1745 967 1846 995 Super-

1051 1011 1126 1038 stitio
1140 1011 1174 1038 ab
1191 1011 1223 1037 iis
1234 1010 1279 1045 qui
1298 1009 1362 1037 talia
1373 1009 1477 1036 audent
1491 1008 1583 1036 dicere
1603 1007 1813 1036 introducetur?
1832 1016 1842 1032 ι

1052 1057 1106 1084 Sed
1126 1065 1245 1092 quonam
1269 1061 1348 1092 pacto
1370 1056 1530 1083 monarchia
1550 1055 1702 1082 destruitur
1723 1060 1750 1081 et
1763 1053 1847 1081 indu-

1051 1104 1123 1131 citur
1143 1102 1363 1138 polytheismus?
1380 1112 1388 1128 I
1409 1103 1467 1129 Duo
1480 1101 1616 1137 principia
1631 1101 1811 1128 inducuntur.
1831 1109 1842 1126 ι

1053 1150 1106 1178 Sed
1122 1150 1172 1177 hoc
1186 1150 1358 1186 probandum
1373 1149 1472 1176 Photio
1482 1152 1551 1181 erat,
1569 1156 1624 1175 non
1635 1147 1845 1180 assumendum,

1053 1202 1083 1224 ut
1097 1197 1194 1224 merito
1210 1197 1358 1232 respondet
1372 1196 1476 1224 Beccus
1489 1195 1545 1232 (ον.
1561 1197 1593 1222 de
1603 1203 1649 1222 un.
1665 1202 1689 1222 c.
1703 1194 1752 1228 58;
1767 1193 1798 1222 G.
1811 1193 1845 1222 0.

1053 1243 1074 1275 l,
1099 1244 1160 1273 l58.
1183 1243 1266 1278 159);
1286 1243 1341 1270 imo
1354 1243 1523 1270 contrarium
1537 1250 1620 1277 supra
1635 1241 1781 1277 probatum
1801 1244 1846 1268 est

1055 1290 1111 1325 (Ill,
1138 1290 1176 1326 ξι
1194 1290 1276 1325 seq.).
1295 1299 1304 1316 ι
1329 1289 1441 1317 Etiamsi
1459 1289 1543 1322 enim,
1561 1289 1600 1316 ait
1615 1288 1758 1316 Bessarion
1777 1287 1846 1323 (9i),

1053 1336 1134 1364 Pater
1156 1340 1184 1363 et
1196 1336 1282 1363 Filius
1296 1343 1351 1363 non
1369 1343 1452 1362 unum
1470 1335 1525 1362 sint
1540 1335 1715 1370 principium,
1727 1343 1778 1370 qua
1792 1333 1847 1360 Pa-

1054 1387 1096 1410 ter
1114 1387 1141 1410 et
1154 1382 1250 1414 Filius,
1269 1386 1359 1410 tamen
1375 1390 1459 1409 unum
1476 1386 1541 1409 sunt
1554 1382 1580 1408 in
1593 1381 1731 1417 principio
1741 1378 1846 1415 εἰδικῷ,

1053 1428 1126 1462 quod
1147 1433 1188 1456 est
1204 1428 1295 1455 divina
1308 1427 1437 1460 essentia,
1454 1427 1605 1455 secundum
1622 1435 1703 1462 quam
1720 1433 1802 1453 unam
1818 1429 1849 1452 et

1053 1474 1177 1501 eamdem
1195 1482 1311 1501 numero
1328 1474 1355 1500 in
1374 1474 1508 1501 ambobus
1518 1474 1696 1501 exsisteutem
1715 1471 1849 1507 Spiritum

1055 1519 1229 1554 producunt;
1258 1518 1332 1555 [2911
1359 1523 1388 1547 et
1414 1519 1467 1547 hoc
1495 1518 1593 1546 sufﬁcit
1622 1518 1656 1545 ad
1684 1518 1747 1550 hoc,
1774 1517 1849 1552 quod

212 1562 304 1594 habet,
319 1562 346 1590 in
367 1571 448 1590 unam
461 1570 607 1598 personam
621 1562 808 1598 conjungitur,
822 1564 885 1598 quia
900 1563 1002 1598 produ-
1016 1581 1038 1610 C
1056 1574 1140 1593 unum
1156 1566 1191 1593 sit
1206 1565 1370 1601 principium
1391 1565 1547 1592 Divinitatis
1561 1573 1568 1597 ;
1584 1565 1655 1592 sicut
1666 1564 1749 1591 etiam
1763 1571 1850 1590 unum

211 1618 275 1638 cere
286 1617 340 1637 non
353 1614 396 1637 est
412 1614 531 1645 paterna:
546 1617 671 1644 persona
680 1608 901 1636 constitutivum.
921 1608 1000 1641 Quod

212 1657 236 1684 si
249 1656 348 1684 mirum
370 1660 412 1684 est
427 1656 496 1684 duas
514 1663 645 1691 personas
660 1663 720 1683 esse
736 1663 820 1682 unum
839 1655 1005 1691 principium

211 1708 240 1732 et
260 1711 314 1730 non
328 1703 455 1738 conjungi
468 1702 632 1739 (confundi),
646 1702 731 1738 magis
743 1702 841 1730 mirum
859 1702 921 1733 erit,
934 1702 1006 1736 quod

214 1756 270 1778 tres
286 1757 410 1785 personae
423 1750 474 1776 sint
492 1758 575 1776 unum
589 1749 753 1784 principium
771 1757 823 1777 nec
834 1749 1006 1784 conjungan-

214 1801 258 1823 tur
276 1796 513 1832 (confundantur).
539 1805 548 1822 ι
575 1795 732 1829 Bessarion,
759 1795 842 1831 epist.
870 1795 904 1822 ad
928 1795 1006 1822 Alex.

214 1843 293 1870 Lasc.
318 1851 343 1871 c.
367 1843 394 1870 8.
417 1842 510 1878 (Iiard.
536 1842 582 1875 lx,
605 1842 684 1877 1070)
709 1851 716 1868 :
742 1852 751 1868 ‹
777 1842 855 1874 Quod
869 1841 891 1868 si
909 1849 1008 1876 opera-

215 1889 318 1916 tionem
348 1889 490 1924 spirandi,
526 1889 634 1924 inquit,
654 1888 860 1916 constitutivam
883 1896 1009 1924 persona:

215 1941 337 1972 pateram
357 1943 532 1971 poneremus,
556 1940 622 1963 tunc
635 1939 799 1970 sequeretur
811 1935 863 1962 hoc
881 1935 1009 1961 inconve-

216 1982 341 2010 niens....
368 1981 474 2009 Ponere
490 1986 582 2009 autem
601 1981 752 2017 potentiam
769 1981 892 2016 spirandi
906 1980 1010 2008 consti-

219 2029 332 2056 tutivam
361 2035 422 2055 esse
450 2035 576 2062 personae
599 2027 699 2060 Patris,
725 2035 759 2055 ex
780 2034 815 2054 ex
838 2027 897 2054 solo
928 2026 1010 2054 Patre

217 2072 350 2108 Spiritum
378 2072 536 2107 procedere,
563 2080 646 2099 unum
668 2077 692 2099 et
709 2072 779 2099 idem
794 2077 845 2098 est.
861 2071 951 2104 Quare
964 2070 1010 2105 qui

218 2119 272 2146 hoc
296 2118 373 2151 dicit,
396 2119 460 2153 petit
478 2118 649 2153 principium.
677 2127 687 2143 ι
714 2117 782 2151 Qua:
806 2117 831 2145 J.
857 2117 961 2144 Beccus
982 2117 1010 2143 in

219 2166 290 2193 hanc
314 2173 372 2193 rem
388 2165 547 2200 respondet,
572 2172 604 2192 ea
630 2164 722 2200 potius
736 2163 763 2191 in
777 2163 946 2199 posteriores
962 2162 1012 2190 La-

219 2211 391 2240 tinomachos
419 2211 571 2246 quadrant,
594 2211 760 2246 quibuscum
786 2209 831 2238 ille
861 2209 1011 2245 pugnabat.

1057 1612 1220 1648 principium
1247 1612 1394 1640 creationis
1423 1612 1555 1644 Trinitas,
1576 1611 1640 1638 licet
1657 1611 1778 1638 Trinitas
1800 1610 1848 1644 sit,

1057 1663 1169 1694 propter
1198 1666 1279 1686 unam
1307 1663 1335 1685 et
1360 1658 1486 1685 eamdem
1512 1658 1593 1684 trium
1623 1657 1804 1684 voluntatem.
1839 1665 1848 1682 ο

1058 1705 1160 1732 Eodem
1171 1705 1243 1740 jure,
1258 1706 1297 1732 ait
1315 1705 1380 1731 alibi
1396 1705 1450 1739 (ep.
1468 1703 1502 1730 ad
1516 1704 1591 1731 Alex.
1605 1702 1684 1731 Lusc.
1703 1703 1787 1730 ilard.
1804 1701 1851 1734 l.\’,

1058 1751 1138 1783 1071)
1156 1751 1285 1786 praefatus
1302 1750 1459 1782 cardiu-alis,
1479 1758 1534 1785 quo
1555 1750 1671 1785 gentiles
1688 1749 1752 1776 olim
1769 1748 1851 1776 Chri-

1058 1797 1162 1824 stianos
1183 1801 1359 1828 accusarunt,
1382 1796 1454 1831 quod
1476 1800 1532 1822 tres
1558 1798 1682 1822 statuant
1700 1794 1777 1825 deos,
1802 1794 1853 1821 tria

1059 1844 1202 1880 principia,
1227 1844 1292 1871 dum
1314 1843 1456 1878 aequaliter
1475 1841 1550 1868 Patri
1568 1845 1596 1868 et
1611 1841 1680 1868 Filio
1700 1845 1726 1868 et
1737 1839 1853 1875 Spiritui

1059 1897 1154 1918 sancto
1177 1891 1301 1917 tribuunt
1321 1897 1412 1916 rerqu
1432 1888 1601 1916 creationem
1621 1895 1653 1914 ac
1675 1886 1854 1922 gubernatio-

1059 1946 1134 1970 nem,
1152 1938 1196 1965 hic
1209 1937 1296 1965 Graeci
1313 1939 1446 1963 accusant
1461 1935 1590 1967 Latinos;
1607 1938 1635 1962 et
1649 1934 1745 1962 eodem
1760 1933 1853 1966 modo,

1059 1993 1115 2020 quo
1148 1984 1197 2013 SS.
1225 1984 1318 2022 Patres
1342 1983 1403 2010 illos
1425 1982 1550 2009 ethnicos
1567 1981 1724 2008 refutarunt
1741 1988 1854 2009 monar-

1060 2033 1130 2060 chia:
1150 2033 1247 2067 dogma
1265 2035 1447 2066 exponentes,
1463 2030 1560 2057 eodem
1575 2034 1604 2057 et
1619 2029 1647 2056 hi
1661 2029 1855 2056 criminatores

1062 2079 1234 2110 refelluntur,
1249 2077 1378 2112 quoniam
1400 2077 1432 2104 ad
1448 2077 1557 2104 Patrem
1571 2075 1663 2104 omnia
1684 2075 1855 2108 referuntur,

1062 2125 1096 2152 ab
1114 2132 1148 2152 eo
1158 2123 1290 2160 quidquid
1307 2123 1400 2154 habet,
1415 2123 1500 2150 habet
1512 2122 1608 2155 Filius,
1625 2126 1653 2149 et
1668 2129 1722 2148 una
1746 2121 1857 2149 eadem-

1062 2179 1114 2206 que
1128 2170 1155 2197 in
1167 2169 1295 2204 spirando
1311 2172 1352 2196 est
1364 2169 1434 2196 actio
1447 2168 1536 2196 Patris
1547 2173 1629 2202 atque
1644 2166 1716 2195 Filii.

1100 2218 1143 2245 l9.
1173 2216 1229 2244 Nec
1253 2217 1345 2243 minus
1366 2215 1498 2243 fallaciter
1524 2215 1703 2242 ratiocinator
1729 2213 1856 2248 Photius,

219 2266 300 2294 quam
318 2258 344 2285 in
363 2258 452 2293 ipsum
473 2257 600 2285 Photium
615 2256 683 2293 (90).
698 2256 812 2283 Demum
827 2256 924 2283 eodem
936 2256 1005 2291 jure,

1064 2274 1089 2293 c.
1114 2265 1148 2292 12
1169 2273 1175 2292 :
1200 2263 1228 2291 Si
1250 2264 1304 2291 duo
1317 2264 1343 2290 in
1361 2262 1494 2290 Trinitale
1509 2262 1643 2297 principia
1661 2261 1857 2295 admittuntur,

220 2303 296 2341 [290]
312 2312 366 2339 quo
381 2304 466 2332 Graeci
485 2302 611 2331 Photiani
625 2303 745 2334 Latinos,
759 2302 822 2338 quia
835 2309 1009 2330 conmmnem

219 2351 324 2379 faciunt
345 2351 418 2379 Patri
442 2351 564 2388 Filioque
579 2350 759 2386 spirationem
774 2350 902 2382 activam,
916 2347 1013 2376 Sabel-

220 2397 340 2426 iianismi
360 2398 499 2431 incusant,
522 2397 630 2431 eodem,
655 2397 711 2424 imo
730 2396 827 2431 majori
849 2400 964 2431 possunt
986 2393 1014 2421 hi

258 2489 314 2523 (90)
325 2488 459 2517 Nimirum
471 2488 532 2524 (ον.
547 2489 578 2516 de
589 2497 634 2516 un.
648 2496 673 2516 c.
687 2489 721 2515 56
733 2497 740 2521 ;
754 2487 785 2516 ϐ.
801 2486 833 2515 0.
852 2486 1013 2524 [,15§7l58)

222 2524 289 2553 illud
303 2521 397 2560 urget;
411 2524 448 2551 Τὸ
471 2521 671 2560 ἐκπορεύεσθαι
697 2524 899 2560 si_gnificat_re_ex
916 2521 1014 2560 Photio

221 2561 272 2595 τὴν
284 2562 317 2586 ὲκ
333 2557 405 2591 ,Θεοῦ
427 2557 549 2595 (postth
571 2560 618 2587 καὶ
644 2558 762 2595 οὺσιῴὅη
779 2558 827 2584 τοῦ
856 2557 1016 2595 iii/stipato;

223 2593 351 2631 ὕιὲαρξιν,
369 2593 652 2631 hancrvero'ﬁnapﬁw
664 2614 672 2626 ,
690 2594 833 2631 etiamper
844 2593 926 2620 verba
946 2601 1015 2627 προ-

223 2628 307 2662 ῖέναὶ,
319 2630 494 2667 προχεῖσθαι,
510 2628 695 2667 προέρχεσῂι
709 2628 920 2667 exprimiLquat
933 2635 1016 2667 voca_—

223 2667 286 2695 bula
298 2675 331 2694 ex
342 2664 480 2694 sententia
495 2664 623 2693 Ecclesiae
652 2665 753 2693 Graecae
779 2666 811 2691 ὲκ
836 2664 942 2698 [la-cpe;
968 2664 1016 2690 καὶ

223 2701 291 2730 Υἱοῦ
316 2703 363 2729 ἐπὶ
378 2702 426 2728 τοῦ
443 2701 529 2728 ἁπλοῦ
546 2700 703 2736 lli/stipato;
731 2699 858 2734 λέγεσθαι
869 2735 875 2736 7
889 2703 1014 2736 constet;

223 2746 314 2773 neque
330 2743 422 2765 tamen
438 2734 718 2773 quemquamputare
728 2757 736 2768 ,
755 2735 827 2773 inde»
835 2735 881 2773 vel
896 2734 1016 2773 Spiritus

224 2769 428 2808 simplicitatem
447 2769 551 2800 destrui
573 2769 794 2808 νειξσμνᾳλοιφὴν
811 2769 943 2808 Patris__et_
957 2769 1016 2808 Filii

224 2805 370 2836 insinuari.
389 2807 467 2836 Unde
481 2807 590 2843 arguit:
607 2806 653 2843 Vel
673 2807 739 2843 drum
758 2805 1017 2843 simplesﬁpiritus

225 2850 259 2869 ex
272 2844 355 2871 Patro
364 2848 392 2871 et
402 2844 469 2870 Filio
480 2839 579 2871 dicitur
591 2842 625 2869 ab
635 2841 752 2868 Ecclesia
763 2839 897 2876 profundi.
908 2839 1017 2876 Patrem

226 2882 254 2904 et
265 2877 360 2905 Filium
384 2879 412 2905 in
429 2886 510 2905 unum
531 2878 608 2904 dices
626 2877 751 2904 contrahi
770 2875 927 2911 personant.
942 2875 1017 2910 quod

227 2913 364 2940 communi
376 2919 508 2948 repugnat
521 2913 613 2941 sensui
625 2921 632 2945 ;
646 2912 688 2940 vel
701 2912 722 2940 si
736 2913 785 2940 hoc
798 2919 852 2939 non
864 2911 915 2941 vis.
927 2919 1016 2945 neque

1065 2311 1146 2339 etiam
1166 2310 1276 2338 tertium
1296 2309 1495 2336 admittendum
1512 2312 1567 2339 est.
1590 2316 1653 2335 cum
1676 2308 1779 2335 trinum
1797 2315 1858 2334 Ina-

1064 2358 1106 2393 gis
1127 2357 1217 2384 locum
1235 2356 1335 2383 habeat
1350 2355 1376 2382 in
1392 2355 1526 2382 Trinitate
1539 2363 1621 2390 quam
1638 2355 1768 2381 dualitas.
1802 2353 1858 2381 Rc-

1066 2402 1197 2438 sponderi
1222 2405 1314 2437 potest
1330 2401 1430 2437 primo,
1451 2401 1520 2429 falso
1534 2401 1661 2437 supponi,
1678 2401 1733 2428 duo
1751 2401 1858 2428 admitti

1067 2481 1234 2509 contendere
1250 2485 1336 2516 potes,
1349 2480 1460 2515 quando
1477 2479 1592 2507 Romani
1609 2478 1858 2516 dicuﬁntSpiritnnt

1066 2525 1100 2545 ex
1115 2518 1194 2544 Patre
1206 2515 1330 2551 Filioque
1351 2519 1505 2551 procedgre,
1529 2520 1586 2542 tum
1612 2515 1803 2542 confusionem
1832 2518 1862 2542 et.

1067 2549 1292 2581 contractionem
1301 2549 1387 2578 Patris
1403 2557 1429 2578 et
1440 2549 1499 2577 Filii
1514 2551 1662 2578 introduci.

1104 2591 1160 2620 t9!)
1174 2588 1317 2615 Bessarion
1331 2595 1356 2613 (ι.
1376 2587 1408 2613 l9
1422 2591 1516 2614 contra
1533 2585 1615 2613 Marci
1637 2585 1740 2621 Ephes.
1763 2585 1859 2620 syllog.

1067 2625 1111 2654 56.
1131 2623 1209 2658 (Cod.
1225 2622 1298 2650 Mou.
1325 2622 1359 2649 27
1376 2622 1396 2649 l'.
1411 2621 1475 2653 252,
1505 2622 1569 2658 25ζι)
1583 2630 1597 2658 :_
1615 2622 1646 2658 Ei
1671 2623 1727 2656 γὰρ
1748 2621 1862 2658 καὶμὴ

1068 2652 1123 2687 ἐὶεν
1133 2652 1169 2686 ’ἓν
1183 2659 1270 2686 αἴτιον
1284 2659 1298 2684 ὁ
1313 2658 1409 2693 Πατὴρ
1423 2657 1471 2684 καὶ
1481 2658 1495 2683 ὁ
1507 2652 1599 2693 Υἱὸςῇ
1614 2652 1861 2693 Πατῆράᾳὶ-Υέὃςξ

1068 2695 1128 2723 ἀλλ’
1152 2694 1221 2721 εἰσὶν
1245 2693 1274 2720 ἓν
1289 2695 1323 2729 τῇ
1339 2691 1426 2728 εἱδίᾷιῇ
1441 2693 1523 2728 ἀρχῇ,
1539 2691 1600 2729 ἥτιξ
1617 2693 1691 2729 ὲρτῒςι
1741 2691 1802 2729 ὒξία
1817 2691 1863 2729 0'53-

1069 2733 1123 2762 a’a,
1139 2729 1200 2758 καθ’
1216 2729 1250 2764 ἣν
1265 2726 1329 2764 μίάὺ
1345 2729 1393 2755 καὶ
1407 2726 1556 2763 {metuam
1576 2726 1685 2764 apte)“;
1702 2728 1737 2764 γὲν
1760 2726 1863 2764 dum}:

1068 2761 1152 2794 οὖσάν
1165 2766 1196 2791 τὸ
1216 2761 1331 2798 Ιίνέῦμγα
1345 2761 1497 2798 προάγουσι
1513 2771 1520 2778 ο
1532 2761 1585 2789 ’καὶ
1597 2761 1675 2789 ’τοῦτ’
1696 2763 1776 2797 ἀρκεῖ
1794 2761 1863 2798 πρὸς

1069 2804 1099 2830 τὸ
1115 2802 1180 2836 μίαν
1195 2799 1282 2836 ἀρχὴν
1294 2797 1505 2836 ὲῖναινθερτητρς
1520 2807 1530 2836 -_
1548 2797 1644 2836 ὄις-περ
1658 2798 1705 2836 ita)
1721 2798 1772 2836 pta.
1791 2797 1863 2836 ἀρχὴ

1069 2832 1186 2868 attici-1m;
1209 2832 1349 2871 ἧ”⁷ἰ“ριὰ;,
1363 2832 1554 2871 καίςοίᾼᾝριὶις
1567 2832 1646 2866 οὖσα,
1661 2833 1705 2860 διὰ
1723 2832 1772 2868 τὴν
1797 2832 1863 2867 μίαν

1070 2874 1117 2901 καὶ
1131 2873 1180 2908 τὴν
1195 2869 1281 2906 αὑτὴ-ἑ
1294 2871 1348 2898 τῶν
1359 2870 1443 2906 τριῶν
1454 2869 1575 2904 θέλησιν.
