1945 3088
116 113 162 146 513

111 169 236 206 principia
264 168 372 197 diversa
391 176 407 196 a
425 167 547 202 Latinis;
563 169 694 202 secundo,
709 169 812 197 nullam
829 177 890 198 esse
903 172 929 202 Α

110 217 248 249 rationem,
273 223 322 242 cur
347 220 402 242 tres
422 223 545 250 personae
560 216 756 252 principiantes
773 217 807 244 ad
821 217 892 245 intra

109 267 270 294 statuantur,
296 262 351 289 imo
375 262 480 289 admitti
502 270 548 290 eas
570 271 626 290 non
646 271 737 298 posse.
751 271 814 292 esse
828 272 894 292 vero

110 309 250 340 rationem,
274 316 324 336 cur
337 309 444 336 duabus
464 310 589 345 personis
603 311 730 346 principii
748 311 817 339 ratio
831 312 894 339 vin-

109 355 227 388 dicetur,
253 355 317 383 licet
341 363 395 382 non
425 360 456 383 ut
483 364 607 392 persona;
624 357 760 386 distinctae
782 357 809 385 in
830 366 893 394 pro-

109 403 229 430 cessione
254 402 446 437 concipiantur
470 401 516 438 (cf.
543 411 624 439 supra
649 404 696 437 lll,
721 403 790 440 ἑὰ).
814 404 892 438 Quod

108 450 139 477 ad
163 449 298 484 posterius
316 449 423 481 attinet.
440 449 466 477 id
481 451 523 478 vel
534 450 592 486 ipsa
609 450 695 478 Patris
708 451 828 479 ostendit
845 460 894 487 ap-

108 497 222 532 pellatio,
244 504 298 531 qua
316 496 412 533 πρώτη
431 497 504 524 αἰτία
519 498 566 524 καὶ
578 497 648 533 ἁρχὴ
666 500 893 534 προκαταρκτικὴ

107 548 286 578 nuncupatur,
305 543 434 570 nimirum
457 547 487 570 ut
506 544 557 572 hac
570 545 749 580 praerogativa
764 552 894 572 secerna-

107 594 148 617 tur
171 590 204 617 ab
225 589 280 622 illa,
303 597 363 624 quae
382 594 424 617 est
443 589 516 626 ἀρχὴ
532 589 560 623 ἐξ
576 590 664 626 ἀρχῆς
683 599 798 626 quamque
811 591 893 619 etiam

107 635 174 671 ἀρχὴ
202 635 362 670 simpliciter
392 636 492 663 dicitur
517 637 590 672 (vide
616 637 686 665 infra
720 637 801 673 Greg.
827 637 892 665 Naz.

105 681 190 718 5%);
216 681 292 716 prius
319 691 383 709 vero
399 691 453 709 non
469 684 559 711 minus
574 692 606 711 ex
623 684 702 712 dictis
717 689 802 720 patet.
821 685 894 713 Scite

106 730 214 754 sanctus
234 726 352 754 Thomas
375 727 413 763 (q.
439 728 485 759 '50,
511 733 562 756 art.
578 729 595 755 2
608 730 642 756 ad
657 729 683 763 4)
698 739 704 756 :
726 739 735 755 ι
753 729 895 765 Oppositio

106 772 240 800 relationis
261 781 315 799 non
334 773 477 808 permittit,
497 778 528 801 ut
551 782 612 802 cum
628 775 761 802 relatione
775 776 894 810 Spiritus

106 818 187 846 sancti
205 819 239 845 sit
258 819 352 846 relatio
363 819 489 854 principii
506 825 632 856 respectu
643 821 743 849 divinae
757 829 892 857 personae,

106 865 165 901 quia
182 866 237 900 ipse
257 866 373 900 procedit
391 866 424 893 ab
443 867 504 893 aliis
528 855 657 902 par-sonis,
682 877 740 903 quw
756 855 782 895 in
800 868 894 896 divinis
911 855 931 882 Β

106 920 156 939 esse
177 916 292 946 possunt.
313 921 322 937 1
338 911 432 947 Neque
449 914 634 949 congruentiae
650 916 721 942 ratio
735 915 798 943 inde
809 915 894 950 petita

103 959 188 994 juvat,
210 958 282 993 quod
304 958 334 985 τὸ
355 959 493 994 τριαδικὸν
521 961 607 996 magis
629 961 719 989 locum
745 961 844 989 habeat
866 962 893 989 in

105 1004 245 1037 Trinitate,
258 1012 339 1038 quam
352 1005 383 1032 τὸ
399 1005 534 1037 suum.
552 1008 693 1035 ternarius
707 1008 794 1044 magis
811 1016 894 1043 quam

107 1051 236 1080 binarius.
263 1050 359 1079 Nonne
383 1056 410 1079 et
431 1060 446 1080 a
465 1053 607 1081 Photianis
627 1054 658 1080 τὸ
677 1053 752 1090 [29ίὶ]
767 1054 895 1082 δυαδικὲν

104 1098 266 1130 admittitur,
285 1098 349 1124 dum
372 1099 482 1130 docent,
499 1100 527 1126 in
545 1099 678 1127 Trinitate
692 1108 753 1127 esse
765 1100 795 1126 τὸ
810 1101 896 1136 ἀναρ-

105 1154 151 1181 χον
169 1147 215 1173 καὶ
233 1146 268 1173 τὰ
292 1146 326 1179 ἐξ.
342 1146 440 1181 ἀρχῆς,
463 1146 532 1173 duas
548 1153 681 1180 personas
693 1153 755 1173 esse
770 1146 893 1179 αῑτιατὰ,

105 1191 241 1226 duplicem
255 1199 316 1219 esse
331 1191 455 1226 πρόοδον,
475 1192 681 1227 generationem
697 1197 726 1219 et
741 1193 895 1227 processio-

104 1238 186 1264 nem?
202 1237 280 1265 Nulla
297 1238 397 1265 exhinc
417 1238 541 1272 sequitur
553 1238 682 1265 dissectio
699 1245 731 1265 ac
747 1238 845 1265 divisio
866 1239 894 1266 in

105 1282 249 1316 Trinitate,
270 1291 360 1319 neque
380 1283 468 1311 Patris
485 1284 665 1319 praerogativa
677 1284 825 1319 quidquam
841 1284 894 1311 mi-

104 1329 208 1360 nuitur.
229 1334 257 1357 et
279 1337 312 1356 ex
334 1330 415 1357 dictis
440 1334 526 1365 patet.
549 1329 732 1363 Quamobrem
751 1338 805 1357 non
823 1335 893 1364 erat,

103 1383 154 1402 cur
167 1375 288 1403 ll’hotins
309 1384 317 1402 :
335 1385 344 1401 ‹
366 1375 583 1403 Christianorum
607 1376 719 1403 auribus
736 1376 895 1404 intolerabi—

105 1422 152 1454 lia,
179 1421 346 1448 iracundiam
362 1430 438 1457 aeque
461 1430 492 1449 ac
517 1422 620 1450 luctum
632 1422 780 1450 excitantia
794 1433 803 1449 ι
821 1424 893 1459 (cap.

105 1468 161 1501 15)⁷
177 1475 237 1502 quae
254 1467 411 1495 Latinorum
425 1468 557 1495 doctrinae
576 1468 746 1496 consectaria
764 1468 850 1504 logice
864 1476 895 1496 ac

104 1522 169 1541 vere
187 1514 341 1542 necessaria
364 1519 438 1547 sunt,
454 1515 623 1548 traduceret;
637 1515 743 1542 nullum
760 1523 794 1543 ex
807 1515 896 1543 allatis

103 1559 230 1587 absurdis
250 1559 377 1587 Ecclesia:
396 1560 573 1588 occidentalis
588 1560 686 1596 dogma
697 1561 771 1588 ferit.

142 1605 185 1632 ll.
210 1605 275 1632 Post
295 1606 346 1632 alia
369 1607 423 1633 duo
445 1611 603 1642 argumenta
618 1607 674 1641 jam
689 1608 818 1642 superius
834 1615 897 1642 per-

103 1658 189 1686 pensa
205 1651 261 1684 (lll,
278 1651 304 1687 §§
316 1652 343 1684 1,
357 1653 373 1679 8
385 1653 468 1688 seq),
486 1653 522 1680 ita
536 1652 650 1680 l’hotius
665 1657 726 1688 (cap
741 1653 785 1687 16)
800 1661 897 1688 prose-

104 1697 198 1732 quitur
222 1706 229 1724 :
251 1707 260 1722 l
285 1697 378 1733 Neque
397 1699 448 1726 hoc
467 1699 699 1734 prtetereundtnn,
723 1700 795 1733 quod
811 1701 897 1734 ipsam

103 1750 250 1778 personam
268 1744 355 1771 Patris
372 1745 398 1771 in
415 1745 482 1772 duas
498 1745 580 1780 impia
596 1746 640 1773 illa
657 1746 782 1774 doctrina
801 1747 899 1774 dividit

102 1789 148 1816 vel
180 1790 291 1817 omnino
318 1790 379 1817 Filii
408 1799 552 1825 personam
584 1792 612 1819 in
642 1797 746 1828 partem
774 1798 898 1827 paternzr

103 1835 285 1870 liypostaseos
305 1842 473 1871 assumptam
499 1838 632 1865 decernit.
664 1848 674 1864 1
702 1838 784 1873 quue
810 1847 843 1866 ex
865 1847 898 1867 eo

102 1882 281 1918 potissimum
309 1883 415 1917 probat.
434 1884 507 1918 quod
532 1893 541 1910 ε
564 1884 645 1911 Pater
667 1893 721 1912 non
737 1885 843 1913 ratione
855 1894 900 1913 es-

101 1929 215 1963 sentite,
238 1930 285 1957 sed
310 1931 417 1958 ratione
439 1940 563 1967 personae
583 1933 618 1960 sit
631 1940 713 1960 causa
728 1941 825 1960 eorum
837 1941 899 1968 qua:

101 1984 138 2004 ex
157 1976 227 2011 ipso,
250 1985 259 2002 1
276 1977 349 2012 quod
371 1977 488 2011 axioma,
506 1983 587 2013 prout
603 1979 648 2006 hic
664 1979 786 2014 ponitur.
799 1980 898 2008 falsum

99 2031 167 2051 esse
182 2025 402 2057 demonstratum
424 2029 466 2052 est
491 2025 550 2061 (lll,
573 2025 655 2062 §H).
672 2025 731 2054 Non
748 2027 899 2063 incongrue

101 2074 201 2097 contra
223 2069 366 2098 Nicolaum
388 2071 595 2099 lllethonensein
613 2073 713 2100 similia
727 2073 898 2102 etl‘utientem

101 2116 143 2144 ita
162 2116 273 2144 disserit
290 2117 368 2153 llugo
385 2117 552 2147 Etherianus
569 2118 598 2153 (l.
615 2127 644 2151 n,
661 2127 687 2146 c.
699 2119 728 2152 4,
747 2127 774 2154 p.
792 2119 873 2153 1218)
890 2129 897 2148 :

105 2171 115 2187 ι
137 2161 311 2190 Manifestum
336 2164 409 2198 quod
435 2163 521 2191 Filius
542 2164 630 2192 Patris
648 2173 793 2200 personam
808 2170 838 2194 ut
850 2174 898 2202 pa~

447 113 496 143 DE
513 113 543 143 S.
565 113 662 145 SPIR.
682 111 935 143 MYSTAGOGIA.

961 125 983 130 -
998 112 1048 143 AN
1051 112 1374 145 IMADVERSIONES.
1683 117 1736 151 514

941 170 1035 197 eadem
1062 171 1168 198 ratione
1191 176 1229 198 est
1251 180 1333 199 causa
1348 171 1409 206 filii,
1425 180 1477 207 qua
1490 181 1586 209 parens
1600 175 1737 211 utriusque

945 226 1027 244 causa
1043 217 1157 250 exsistit,
1175 217 1289 246 minime
1304 218 1362 253 ipsa
1375 218 1402 245 in
1421 223 1542 255 paternae
1557 221 1738 256 compositio-

942 270 1006 290 nem
1023 271 1146 299 personae
1158 263 1286 299 adigitur.
1305 274 1315 291 ›
1333 263 1431 293 Photio
1444 273 1510 293 vero
1524 267 1561 294 ita
1573 266 1691 304 llugo(l.
1704 277 1737 300 u.

943 318 967 338 c.
980 310 1022 342 18,
1033 310 1153 345 p.1‘2'55)
1164 311 1282 338 breviter
1296 312 1442 347 respondet
1458 321 1465 339 :
1482 312 1557 350 [293]
1575 313 1682 343 «Vanus
1695 321 1738 343 est

942 363 1034 384 sermo
1054 362 1082 384 et
1096 356 1231 389 inefﬁcax,
1249 357 1294 392 qui
1313 362 1427 394 propter
1440 366 1551 387 causam
1572 365 1600 388 et
1614 362 1736 389 causati-

942 409 1007 428 vum
1030 409 1175 437 personam
1198 403 1287 430 Patris
1302 403 1329 430 in
1348 404 1403 431 duo
1416 404 1514 432 dividit
1530 410 1577 433 aut
1593 406 1654 434 Filii
1672 415 1738 442 per-

943 456 1038 476 sonam
1059 449 1148 477 Palris
1175 457 1301 484 personae
1323 456 1434 477 causam
1452 450 1482 486 (l.
1497 452 1614 486 partem)
1632 453 1738 480 consti-

944 495 1006 523 tuit.
1041 495 1128 523 Causa
1156 495 1219 531 (ed.
1244 497 1371 531 causam)
1400 497 1474 524 enim
1508 501 1536 524 et
1566 498 1738 526 causativum

944 541 1072 569 nesciunt
1093 548 1239 576 personam
1255 541 1388 573 dividere,
1402 549 1493 576 neque
1507 542 1534 569 in
1549 542 1738 570 inferioribus.

943 586 1003 614 Non
1018 595 1083 623 ergo
1096 595 1179 614 causa
1192 588 1329 615 exsistens
1341 595 1404 615 cum
1418 587 1498 615 Patre
1510 587 1630 623 Spiritus
1641 590 1740 618 dividit

945 633 1051 670 (Filius)
1069 638 1210 669 paternam
1228 641 1385 669 personam.
1407 643 1417 660 ι
1436 634 1571 662 Praeterea
1585 635 1661 662 card.
1675 635 1741 663 Bes-

944 679 1047 713 sarion,
1066 687 1109 714 ep.
1126 680 1161 706 ad
1177 679 1255 706 Alex.
1270 678 1382 706 Laarar.
1396 687 1420 708 c.
1436 680 1450 707 7
1466 680 1497 715 (l.
1511 688 1537 707 c.
1553 688 1580 715 p.
1594 680 1673 717 1065)
1687 681 1741 709 hoc

943 729 1024 759 pacto
1051 730 1245 760 argumentum
1270 725 1298 752 in
1325 725 1474 753 Photianos
1498 731 1661 762 retorquet:
1683 737 1692 753 ι
1710 727 1740 755 Si

944 772 1084 807 generatio
1105 777 1134 800 et
1153 772 1267 808 spiratio
1292 772 1329 799 ita
1354 778 1448 799 essent
1475 773 1593 808 propria:
1615 782 1740 809 personae

946 824 1068 853 paternae
1086 839 1093 852 ,
1127 823 1158 846 ut
1182 823 1299 854 utraque
1322 827 1372 854 per
1407 826 1436 846 se
1466 820 1646 848 constitueret
1681 821 1742 856 eius

946 872 1107 900 personam,
1132 866 1348 900 uniuscujusque
1378 873 1444 894 vero
1466 866 1636 900 operationis
1665 867 1742 903 prin-

947 910 1045 946 cipium
1065 916 1106 939 est
1126 913 1223 947 forma,
1248 913 1310 940 dna:
1327 913 1420 941 forma:
1441 914 1502 949 (per
1525 913 1641 941 fortnam
1659 914 1742 942 intel-

946 956 1056 992 ligimus
1080 957 1247 992 principium
1271 958 1369 985 harum
1396 958 1512 986 duarum
1536 959 1741 994 operationum)

946 1007 1040 1030 essent
1063 1003 1207 1038 principia.
1237 1002 1291 1030 Sed
1319 1011 1492 1038 unaquaeque
1516 1003 1616 1038 forma,
1642 1005 1669 1032 id
1686 1010 1740 1037 est,

946 1049 1160 1084 unumquodque
1201 1049 1366 1085 principium
1406 1051 1577 1085 operationis
1607 1053 1741 1079 constitu-

946 1094 1010 1122 tivze
1031 1103 1092 1122 cum
1108 1095 1152 1122 illa
1167 1096 1327 1131 operatione
1344 1096 1462 1131 aliquam
1476 1104 1622 1131 personam
1637 1098 1742 1125 consti-

948 1141 1009 1174 tuit,
1027 1141 1100 1169 sicut
1122 1142 1251 1174 essentia,
1268 1150 1329 1177 qua
1343 1147 1386 1170 est
1401 1142 1569 1178 principium
1585 1143 1743 1178 generatio-

948 1186 991 1214 nis
1016 1187 1123 1220 activae,
1151 1195 1214 1214 cum
1234 1187 1292 1222 ipsa
1319 1187 1494 1223 generatione
1514 1187 1623 1216 Patrem
1639 1189 1743 1216 consti-

949 1233 1020 1266 tuit;
1040 1238 1068 1261 et
1089 1233 1128 1262 sic
1153 1233 1236 1261 Pater
1261 1238 1345 1261 essent
1361 1235 1420 1261 dum
1435 1242 1563 1269 persomz.
1581 1234 1638 1262 lloc
1650 1240 1742 1263 autem

949 1279 1145 1308 inconveniens
1157 1285 1210 1308 est.
1230 1290 1239 1308 ι

986 1327 1028 1355 l2.
1068 1327 1150 1355 Docet
1165 1327 1279 1356 Pliotins
1294 1329 1365 1364 (cap.
1383 1328 1428 1363 17)
1443 1333 1471 1356 et
1481 1329 1528 1364 qui
1543 1337 1606 1356 cum
1618 1336 1742 1364 sequun-

947 1375 1002 1406 tur,
1019 1377 1049 1400 ut
1067 1373 1195 1401 Nicolaus
1217 1373 1406 1402 Methonensis
1419 1375 1455 1410 (c.
1472 1375 1518 1410 24)
1537 1383 1544 1402 :
1564 1373 1652 1402 Omne
1670 1375 1744 1410 quod

947 1419 1088 1454 proprium
1115 1420 1197 1447 unius
1220 1425 1272 1453 est,
1301 1421 1375 1456 quod
1390 1421 1557 1456 .translatum
1581 1421 1615 1448 de
1635 1421 1745 1448 duobus

947 1465 1008 1492 aliis
1023 1466 1133 1498 dicitur,
1155 1467 1177 1493 si
1198 1467 1232 1494 de
1254 1472 1370 1503 utroque
1387 1468 1446 1503 pari
1469 1467 1551 1495 modo
1575 1467 1744 1498 verilicatur,

949 1513 1194 1541 consubstantiales
1204 1522 1251 1542 eos
1261 1514 1398 1547 ostendit;
1410 1513 1432 1541 si
1443 1521 1507 1541 vero
1519 1513 1552 1541 de
1560 1521 1616 1540 uno
1626 1517 1744 1545 tantum.

950 1567 1004 1587 non
1026 1565 1118 1588 autem
1140 1560 1174 1588 de
1199 1561 1286 1588 altero
1307 1568 1403 1588 verum
1423 1561 1486 1592 erit,
1504 1559 1618 1587 diversae
1637 1564 1746 1587 natura:

949 1615 997 1634 eos
1013 1615 1073 1634 esse
1088 1607 1254 1635 manifestat.
1277 1607 1355 1640 Quod
1373 1607 1506 1634 continuo
1526 1606 1659 1641 exemplis
1681 1606 1743 1633 illu-

949 1657 1036 1680 strare
1051 1654 1179 1685 student;
1203 1653 1306 1680 risibile
1327 1662 1353 1680 v.
1372 1661 1413 1689 gr.
1430 1653 1464 1680 de
1484 1653 1605 1684 homine,
1630 1660 1684 1680 non
1709 1652 1743 1679 de

949 1700 1057 1735 angelo,
1073 1700 1106 1727 de
1118 1700 1230 1728 Socrate
1244 1709 1275 1728 ac
1285 1700 1408 1731 Platone,
1418 1708 1474 1727 non
1492 1709 1557 1728 vero
1572 1701 1606 1728 de
1622 1700 1743 1728 Socratis

950 1747 1068 1782 imagine
1084 1748 1226 1782 praedicari
1241 1751 1341 1783 potest.
1356 1747 1402 1774 Sic
1417 1747 1499 1782 igitur
1512 1747 1583 1782 quod
1600 1746 1742 1781 proprium

949 1799 991 1821 est
1020 1793 1118 1825 Patris.
1143 1794 1179 1821 ita
1205 1799 1333 1830 arguunt,
1357 1794 1487 1822 videlicet
1514 1794 1627 1828 spiratio
1643 1793 1740 1826 activa,

949 1839 1013 1867 dum
1031 1841 1137 1868 duabus
1160 1841 1266 1868 caneris
1282 1841 1407 1875 personis
1425 1839 1613 1867 transferendo
1629 1839 1742 1874 adaptao

951 1892 1004 1918 tur.
1018 1892 1098 1921 atque
1113 1887 1147 1914 de
1155 1887 1224 1914 Filio
1232 1888 1341 1921 quidem
1354 1894 1417 1914 vere
1430 1886 1569 1922 praadicari
1582 1885 1741 1917 affirmatur,

950 1941 1005 1961 non
1021 1939 1112 1961 autem
1125 1934 1159 1960 de
1182 1933 1285 1968 Spiritu
1306 1938 1420 1967 sancto,
1444 1933 1560 1960 diversas
1582 1932 1743 1960 substantia;

950 1987 1011 2007 esse
1032 1979 1129 2006 Filium
1145 1988 1177 2007 ac
1193 1980 1324 2014 Spiritum
1342 1979 1455 2009 omnino
1471 1978 1621 2006 convincit.
1641 1977 1742 2006 Verum

950 2026 1039 2053 inanis
1055 2030 1097 2053 est
1113 2033 1157 2053 res
1172 2025 1316 2056 universa;
1335 2033 1389 2052 non
1407 2024 1494 2052 solum
1506 2024 1569 2059 quia
1588 2024 1744 2058 proprieta-

950 2075 1019 2102 tum,
1031 2079 1092 2106 qua:
1102 2071 1135 2098 ad
1149 2079 1232 2098 unum
1242 2070 1345 2106 κυρίως
1361 2074 1487 2105 spectant
1501 2070 1617 2104 aliisque
1633 2077 1743 2096 accom-

950 2118 1053 2146 modari
1078 2122 1203 2153 possunt,
1232 2117 1307 2145 varia
1337 2121 1403 2144 sunt
1432 2124 1531 2152 genera
1567 2123 1618 2143 nec
1645 2123 1743 2142 omnes

951 2163 1099 2191 illationem
1121 2163 1154 2191 ad
1179 2163 1349 2190 identitatcm
1366 2162 1409 2189 vel
1428 2162 1614 2190 diversitatem
1637 2165 1742 2188 natum

101 2208 221 2235 tientem
246 2208 385 2235 defectum
409 2209 527 2243 aliquem
555 2217 610 2237 non
635 2211 781 2246 adimplet;
808 2219 898 2246 neque
911 2205 938 2236 D
952 2209 1199 2246 permitttunt(9‘z).
1214 2209 1261 2236 sed
1281 2209 1367 2236 multo
1382 2209 1469 2244 magis
1481 2208 1544 2243 quia
1558 2207 1646 2234 Photii
1666 2205 1742 2242 [29/5]

101 2253 242 2289 quispiam
269 2254 358 2288 ipsum
380 2253 478 2281 Filium
503 2260 608 2289 partem
629 2263 689 2283 esse
703 2264 829 2290 persona:
845 2256 898 2284 Pa-

101 2301 167 2331 tris.
187 2308 220 2327 eo
233 2300 306 2334 quod
326 2300 446 2335 Spiritus
463 2308 495 2328 ex
511 2301 570 2335 ipso
586 2302 724 2336 procedat.
741 2303 833 2330 dicere
849 2311 898 2331 co-

100 2347 189 2382 gitur.
206 2347 349 2379 Quomodo
365 2347 439 2375 enim
454 2347 474 2374 si
492 2346 577 2374 Filius
593 2348 689 2375 eadem
707 2350 814 2376 ratione
832 2358 899 2377 con-

100 2399 269 2421 numeratnr
290 2394 374 2427 Patri,
400 2402 453 2429 qua
479 2393 598 2428 Spiritus
623 2395 750 2430 utrique.
773 2405 899 2431 personze

100 2440 197 2468 Patris
217 2442 304 2475 portio
327 2441 482 2469 inveniatur
501 2441 607 2469 Filius?
625 2442 698 2470 Sane
719 2443 740 2471 si
764 2449 829 2470 nata
850 2443 898 2471 Lot

143 2531 202 2569 (92)
228 2530 294 2569 Qua
319 2532 382 2569 huc
399 2533 600 2568 quodammodo
629 2538 751 2568 spectant
780 2533 900 2569 llugonis

102 2567 251 2594 Etheriani
269 2567 350 2594 verba
367 2568 395 2601 (l.
411 2567 432 2599 1,
448 2577 472 2595 c.
494 2568 535 2597 12.
558 2576 585 2603 p.
602 2569 679 2601 1206)
696 2569 722 2595 in
738 2567 899 2603 quibusdam

102 2607 239 2636 corrupta
257 2602 393 2630 videntur.
411 2603 522 2638 Legitur
534 2602 606 2638 apud
633 2602 759 2631 eumdem
774 2613 780 2631 :
810 2614 820 2630 ‹
840 2605 898 2632 Non

101 2638 199 2664 otnnis
214 2638 366 2672 proprietas
392 2646 534 2673 personam
550 2639 692 2670 describit.
720 2640 746 2666 id
761 2645 803 2667 est
830 2640 899 2667 sicut

102 2680 139 2700 ea
151 2673 293 2710 aequaliter
307 2674 340 2708 (?)
362 2674 397 2705 ei,
412 2683 472 2708 qua:
489 2682 631 2709 segregare
649 2680 774 2702 naturam
789 2680 900 2710 putatur

102 2715 119 2734 a
151 2709 274 2746 reliquis.
298 2710 338 2736 sic
350 2711 473 2746 quufdam
489 2712 671 2746 proprietates
684 2710 711 2737 in
732 2711 773 2738 his
790 2709 900 2746 Quidem

102 2751 169 2776 quae
183 2744 352 2781 diversarum
370 2745 586 2781 substantiam":
602 2750 676 2776 sunt.
694 2744 836 2781 segregant
849 2754 900 2773 na-

102 2782 199 2805 turam
216 2788 225 2816 ;
241 2780 267 2806 in
290 2780 580 2812 constth~tantialilnis,
610 2781 636 2808 id
650 2784 702 2812 est,
729 2780 756 2808 in
779 2780 825 2808 his
841 2790 901 2816 qua!

101 2817 175 2852 sunt
202 2814 325 2852 ejusdem
352 2823 470 2852 natura),
499 2824 564 2843 vero
593 2824 738 2852 personam
768 2814 901 2852 insignire

101 2848 245 2883 videntur,
265 2855 294 2878 ut
310 2851 336 2878 in
352 2851 461 2878 homine
481 2855 508 2879 et
523 2848 599 2887 cquo'
615 2851 715 2879 riaihile
736 2848 901 2887 atqucvhin-

949 2257 1054 2284 thcoria
1072 2257 1098 2284 in
1115 2255 1260 2292 hypothesi
1274 2255 1339 2282 falsa
1357 2259 1493 2286 versatur,
1508 2254 1572 2281 dum
1589 2253 1737 2288 supponit,

949 2302 1041 2329 Patris
1077 2310 1130 2329 esse
1153 2301 1288 2337 proprium
1317 2301 1459 2336 producere
1486 2298 1633 2333 Spiritum,
1661 2297 1742 2332 idque

951 2356 1004 2375 non
1017 2342 1066 2374 nisi
1074 2356 1106 2375 ex
1117 2348 1230 2375 arbitrio
1239 2347 1361 2382 adaptari
1370 2350 1397 2373 et
1405 2344 1605 2373 accommodari
1618 2352 1742 2378 persona:

950 2395 1009 2422 Filii
1026 2399 1107 2429 atque
1129 2395 1155 2422 in
1176 2402 1236 2421 cam
1256 2393 1398 2420 transferri
1423 2390 1468 2428 (cl.
1489 2395 1540 2418 art.
1558 2390 1674 2424 prteccd.
1695 2388 1708 2425 ς
1726 2389 1743 2416 5

950 2442 1031 2478 seq.).
1041 2441 1135 2476 Neque
1147 2441 1212 2468 hinc
1224 2440 1348 2475 sequitur
1356 2439 1410 2466 nlla
1422 2437 1582 2469 necessitas,
1593 2444 1645 2472 qua
1654 2436 1742 2464 Patris

951 2534 1050 2564 nibile;
1073 2541 1133 2568 quas
1147 2540 1208 2561 cum
1225 2531 1412 2569 differentium
1427 2529 1661 2569 naturarum_sint
1679 2537 1743 2569 pro-

951 2565 1091 2605 prietates:
1107 2570 1177 2596 intra
1199 2568 1322 2605 eamdem
1340 2566 1460 2601 speciem
1482 2572 1536 2592 non
1562 2565 1741 2605 substantiam

952 2601 1026 2632 secat
1050 2605 1189 2634 alterutra,
1210 2603 1256 2630 sed
1281 2609 1461 2637 personarum
1478 2601 1658 2635 scparationis
1671 2601 1743 2626 indi-

952 2645 1025 2667 ctmn
1041 2641 1149 2673 adjecto
1163 2636 1522 2673 nnntero'tantnm(prtestat
1535 2644 1542 2668 ;
1557 2636 1679 2673 dextrum
1694 2642 1743 2661 au-

954 2681 1008 2703 tem
1028 2681 1055 2702 et
1070 2670 1207 2701 sinisuum
1222 2678 1248 2700 ct
1264 2672 1603 2710 lnijnsinodimneesecant_
1619 2670 1741 2710 substan-

952 2712 1017 2738 tiam
1042 2719 1088 2737 nec
1113 2717 1238 2744 personas
1264 2708 1402 2742 definiunt.
1418 2707 1550 2734 Similiter
1576 2707 1619 2733 his
1645 2706 1743 2731 divina:

952 2753 1077 2781 personae
1095 2743 1197 2772 habent
1207 2745 1338 2780 quasdam
1354 2743 1538 2781 proprietates,
1551 2749 1608 2776 qua:
1621 2745 1742 2781 neutrum

953 2775 1077 2817 ἓηῖσίιιηι,
1094 2775 1224 2815 quasdam
1244 2787 1308 2817 vero
1335 2775 1542 2817 qnteiulterum,
1557 2775 1631 2811 quae
1654 2775 1743 2815 solum

955 2814 1010 2844 tres
1031 2821 1095 2843 sunt
1113 2825 1118 2842 :
1144 2815 1305 2850 paternitas,
1335 2814 1428 2850 liliatio
1444 2817 1535 2850 atque
1557 2814 1707 2848 processio.
1730 2820 1741 2838 ›

953 2852 1089 2880 Caeterum
1109 2848 1212 2880 cffart.
1229 2850 1344 2887 praete-.1.
1363 2855 1391 2877 et
1407 2848 1421 2884 §
1441 2848 1483 2876 15.
