1945 3088
123 144 170 178 517

453 149 504 183 DE
523 149 552 178 S.
575 150 672 180 SPIB.
694 150 945 181 MYSTAGOGIA.
966 162 1000 168 -’
1016 150 1388 181 ANIMADVERSIONES.

1683 150 1736 183 518

121 204 220 238 eyelum
241 205 397 241 auspicatur
409 206 534 239 Photius,
549 207 576 234 in
594 215 648 242 quo
668 207 743 242 plura
761 209 816 242 jam
830 208 901 236 dicta
914 210 942 240 Α
952 207 1004 234 erit
1015 207 1057 235 vel
1070 208 1182 234 similior
1194 207 1236 235 vel
1248 207 1404 234 dissimilior
1414 215 1465 235 avo
1479 207 1626 236 secundum
1640 217 1736 237 essen-

120 250 175 278 aliis
190 251 281 279 verbis
298 252 398 286 repetit
415 259 540 288 novaque
556 253 590 280 iis
603 253 737 289 adjungit.
755 254 820 287 Quae
838 262 899 289 cap.

120 296 147 324 51
166 297 284 329 disserit,
308 299 395 333 reipsa
413 306 474 325 cum
493 298 526 326 iis
544 299 710 326 conveniunt
724 308 784 334 quae
805 307 866 334 cap.
884 300 899 326 7

119 343 267 378 disputarat
282 344 329 379 (cf.
338 344 396 379 μ).
409 344 575 379 Supponitur
585 349 614 372 et
623 345 666 372 hic
675 346 773 380 duplex
782 345 900 381 προϐολὴ

119 393 148 416 ut
166 397 180 416 a
202 389 305 418 Latinis
343 395 521 426 propugnata,
542 391 706 425 supponitur
732 392 766 418 ab
785 395 900 426 utroque

119 435 235 469 spirante
251 436 385 470 peculiare
393 436 457 471 quid
467 436 585 463 conferri
599 444 631 463 ex
641 444 734 464 eorum
746 437 890 470 sententia,

121 487 151 507 ex
167 485 242 515 parte
257 481 374 514 Patrem,
386 489 417 509 ex
431 486 506 516 parte
520 481 617 509 Filium
629 483 742 518 spirare.
754 482 807 510 Sed
819 492 828 508 ι
844 490 900 510 non

120 533 150 552 ex
163 529 248 560 parte,
261 535 271 551 ι
283 525 321 552 ait
341 525 415 561 llugo
427 526 588 554 Etherianus
602 527 631 561 (l.
646 535 676 560 ιι,
689 535 714 555 c.
726 527 754 560 2,
765 528 899 563 p.1260),

122 578 131 594 ε
151 569 229 596 Pater
245 574 272 597 et
294 570 378 597 Filius
399 570 544 604 Spiritum,
564 572 611 599 sed
627 580 658 599 ex
673 577 726 599 tota
742 578 766 599 et
786 574 899 608 perfecte

118 618 224 649 uterque
237 615 338 648 pariter
351 616 465 648 emittit;
479 616 552 643 solus
567 617 638 644 enim
651 617 735 644 Filius
746 618 852 645 exsistit
866 618 901 645 de

120 660 196 688 Patre
219 661 321 696 absque
350 663 449 693 medio.
479 663 596 697 ideoque
618 663 736 698 perfecte
766 665 899 698 Spiritum

121 707 216 733 emittit
230 707 300 734 sicut
314 707 403 735 Pater.
416 717 425 733 ι
439 708 563 743 Reliqua,
573 716 632 744 qua
641 710 761 736 notanda
775 710 899 743 veniunt,

116 752 169 787 jam
185 752 225 787 ξι
236 753 306 780 dicta
321 757 394 781 sunt.

154 799 196 826 15.
215 799 290 831 Quod
306 799 338 826 ad
349 799 412 826 illud
429 804 541 834 spectat,
557 800 677 834 pluribus
689 801 900 835 proprietatibus

118 852 132 872 a
155 844 232 872 Patre
252 845 409 873 distinctutn
439 847 496 873 fore
523 847 654 881 Spiritum
676 855 756 882 quam
781 847 898 880 Filium,

955 253 1019 280 tiam
1035 261 1114 288 quam
1128 252 1293 289 ﬁlius.[299]
1308 252 1385 285 Quod
1397 253 1419 279 si
1432 253 1458 279 in
1471 254 1552 280 rebus
1564 255 1689 284 humanis
1698 255 1736 283 ita

954 297 1098 332 contingit,
1116 297 1203 324 multo
1217 298 1302 333 magis
1319 298 1345 324 in
1363 297 1463 324 divinis
1476 300 1610 333 personis.
1623 300 1669 326 ubi
1681 309 1735 328 una

953 343 1084 370 asseritur
1098 347 1196 369 natura
1206 362 1214 374 ,
1227 351 1259 370 ae
1278 348 1376 382 praeter
1388 344 1488 375 solam,
1506 352 1566 378 quae
1585 345 1734 373 secundum

954 395 1062 415 causam
1081 392 1108 415 et
1121 389 1229 415 causale
1242 393 1294 418 est.
1317 389 1495 416 differentiam
1517 390 1591 415 nulla
1613 390 1663 416 alia
1680 391 1736 418 dis-

954 434 1039 460 cretio
1053 438 1104 460 est.
1125 442 1134 458 »
1154 433 1211 460 Hoc
1229 433 1332 461 Caleca
1352 441 1484 469 responso
1503 440 1598 462 contra
1614 436 1736 463 eamdem

953 478 1137 506 difficultatem
1165 479 1251 505 utitur
1273 478 1375 506 Natalis
1399 479 1551 505 Alexander
1575 479 1605 513 (l.
1627 486 1652 506 c.
1673 485 1736 514 pag.

954 523 1017 555 529,
1033 524 1106 557 550).

989 569 1032 596 16.
1047 569 1124 602 Quod
1145 569 1258 596 Photius
1277 569 1348 603 (cap.
1368 569 1413 603 55)
1428 573 1523 603 urget,
1542 568 1673 603 Spiritum
1702 569 1736 596 ad

953 614 1031 649 plura
1048 615 1143 641 referri
1157 615 1293 649 principia
1306 613 1471 646 diﬂercntia,
1488 615 1513 641 id
1524 615 1579 648 jam
1591 614 1658 641 satis
1673 615 1737 649 (art.

954 658 1070 691 praeced.
1098 658 1111 692 §
1138 658 1166 692 4)
1191 658 1343 684 discussum
1363 658 1429 691 fuit;
1458 666 1546 693 neque
1567 658 1618 685 dici
1648 662 1738 693 potest

954 703 1105 738 πολύαρχον
1119 703 1206 738 ἀρχὴν
1220 704 1338 733 admitti.
1359 704 1404 731 ubi
1421 712 1474 730 non
1491 704 1542 730 nisi
1559 712 1641 731 unum
1661 705 1737 739 prin-

953 748 1053 784 eipium
1069 755 1187 784 apparet.
1206 749 1301 776 Dieant
1320 755 1450 784 praeterea
1468 749 1610 783 Photiaui,
1632 758 1666 777 an
1682 755 1738 778 tres

953 802 1076 829 persona:
1096 796 1122 821 in
1140 795 1330 822 comtnunibus
1341 797 1459 822 adextra
1470 795 1671 830 operationibus
1683 796 1738 824 sint

954 840 1105 874 πολύαρχος
1130 841 1210 875 ἀρχή.
1234 840 1261 866 Si
1282 840 1440 868 allirmurint
1454 861 1460 873 ,
1488 841 1695 868 lliuhamedunis
1710 847 1738 868 et

120 890 240 925 adeoque
254 895 281 918 et
295 899 309 918 ει
324 891 402 919 Patre
420 893 594 920 remotiorem
613 894 783 929 cogitandum
799 902 859 922 esse
873 894 899 921 in

955 884 1100 919 gentilibus
1128 884 1215 911 victas
1240 884 1343 911 dabuttt
1365 892 1484 917 manus;
1519 885 1541 911 si
1566 886 1735 920 negaverint,

121 936 176 962 Lat.
193 941 337 971 systemate
355 937 426 973 (cap.
442 937 499 974 5'2).
513 939 537 966 id
553 939 648 967 falsum
666 948 726 967 esse
739 949 791 967 non
808 941 900 968 minus

119 983 244 1017 superius
260 983 330 1010 dicta
351 985 527 1012 convincunt.
549 985 611 1012 Sola
636 986 708 1012 enim
724 987 900 1020 processione

120 1036 165 1055 seu
182 1029 327 1063 spiratione
349 1029 456 1064 passiva
473 1030 648 1065 distinguitur
660 1030 777 1065 Spiritus
789 1040 802 1058 a
822 1031 900 1059 Patre

119 1073 145 1101 Et
160 1074 243 1107 Filio;
259 1082 309 1101 nec
325 1080 444 1109 paterna:
458 1075 615 1102 substantiae
635 1075 718 1102 Filius
734 1076 843 1110 propior
860 1080 900 1103 est

119 1127 196 1154 quant
213 1119 343 1154 Spiritus;
364 1120 426 1154 quia
440 1121 528 1155 reipsa
540 1125 654 1154 uterque
665 1125 705 1147 est
715 1120 789 1156 [298]
802 1121 899 1148 imme-

119 1165 190 1192 diate
207 1173 222 1192 a
237 1165 314 1192 Patre
329 1169 357 1192 et
374 1166 407 1192 ab
421 1173 454 1192 eo
465 1170 547 1192 totam
561 1166 713 1192 divinitatis
728 1166 827 1201 accipit
841 1166 899 1201 ple-

120 1211 281 1238 nitudinem.
295 1211 350 1238 Nec
365 1212 454 1238 obstat
478 1212 548 1246 quod
560 1211 654 1239 Patres
667 1212 761 1239 dicunt
771 1211 900 1247 Spiritum

119 1258 236 1285 mediate
249 1265 309 1285 esse
328 1266 343 1285 a
365 1257 454 1291 Patre,
471 1258 627 1285 immediate
648 1266 663 1285 a
687 1258 771 1291 Filio;
789 1267 843 1293 quo
874 1259 901 1286 id

118 1311 200 1331 sensu
214 1304 330 1335 dicatur,
350 1304 416 1331 satis
426 1305 514 1338 (artic.
524 1304 639 1339 praeced.
654 1304 666 1340 ᾗ
681 1305 714 1330 17
726 1307 795 1340 seq.)
811 1305 901 1333 decla-

118 1354 205 1377 ratum
222 1349 281 1376 fuit.
297 1350 428 1377 Audiatur
442 1358 515 1378 nunc
533 1354 561 1378 et
582 1350 687 1378 Manuel
711 1351 831 1384 Calecas,
854 1352 900 1387 qui

119 1396 148 1430 (l.
161 1403 200 1427 In.
215 1403 241 1430 p.
257 1395 319 1426 458,
334 1395 445 1430 ed.cit.)
458 1396 509 1423 hoc
525 1400 602 1430 pacto
611 1396 756 1431 objectioni
767 1397 900 1424 occurrit:

120 1451 130 1468 ί
149 1442 184 1468 At
199 1442 248 1468 ista
264 1442 349 1468 sacris
370 1441 527 1469 doctoribus
548 1442 639 1477 potius
653 1442 809 1476 imputanda
826 1447 900 1474 sunt,

118 1487 249 1522 siquidem
268 1487 385 1514 absurda
399 1487 550 1514 videantur.
571 1487 623 1522 lpsi
639 1488 739 1522 quippe
763 1493 836 1519 sunt,
855 1489 900 1523 qui

118 1532 247 1567 Spiritum
256 1540 270 1560 a
281 1532 359 1559 Patre
368 1533 473 1558 tertium
483 1532 590 1564 docent,
601 1537 707 1567 sumpta
719 1532 777 1559 scil.
788 1533 822 1559 ab
841 1533 900 1567 ipso

117 1578 231 1605 Domino
237 1578 379 1605 occasione
390 1577 416 1604 in
426 1577 550 1605 salutaris
563 1577 706 1604 traditione
716 1577 896 1612 baptismatis,

117 1633 150 1653 ac
161 1632 208 1660 per
218 1625 313 1652 Filium
326 1625 473 1659 procedere
490 1624 592 1655 dicunt,
608 1632 709 1658 perque
723 1624 810 1658 ipsum
824 1623 897 1650 Patri

117 1670 256 1706 conjungi.
268 1691 274 1697 .
287 1691 294 1697 .
305 1690 313 1698 .
329 1670 462 1698 Praeterea
487 1670 604 1704 Spiritus
624 1674 742 1702 sanctus,
755 1670 777 1697 si
791 1678 805 1696 a
818 1669 898 1697 Patre

116 1718 227 1752 quidem
240 1717 292 1744 alio
303 1724 430 1751 processu
439 1738 445 1748 ,
456 1724 470 1743 a
479 1715 548 1743 Filio
562 1721 652 1743 atttcm
666 1716 717 1742 alio
730 1717 898 1750 procederet,

116 1767 242 1797 essetque
265 1770 408 1797 processus
426 1770 457 1789 ex
481 1763 612 1789 ambobus
637 1762 746 1796 duplex,
776 1762 899 1788 fortassis

119 1809 229 1835 haberet
244 1808 385 1838 rationem,
395 1807 503 1842 culpare
512 1807 693 1834 differentiam
704 1814 897 1841 processuum;

116 1854 188 1890 quod
201 1854 281 1881 etiam
297 1853 454 1880 diﬂerenter
468 1860 483 1880 a
498 1853 576 1880 Patre
587 1859 614 1880 et
625 1853 692 1880 Filio
704 1854 815 1881 distaret
837 1855 899 1890 Spi-

116 1901 197 1931 ritus,
222 1907 253 1926 ac
274 1903 417 1933 propterea
445 1899 543 1933 gra‘dus
564 1898 591 1924 in
618 1900 742 1933 personis
769 1901 898 1934 quosdam

114 1945 245 1981 cogitare.
265 1944 313 1971 Sin
334 1952 398 1972 vero
413 1952 482 1971 unus
507 1944 632 1978 idemque
657 1944 708 1971 sibi
731 1945 764 1972 ab
787 1950 900 1980 utroque

116 1999 262 2027 processus
275 1996 330 2023 est,
354 1990 478 2017 similiter
500 1991 580 2017 etiam
606 1991 638 2017 ad
659 1996 804 2025 utrumque
829 1992 901 2020 refe-

115 2042 203 2064 retur.
218 2057 225 2064 .
237 2057 243 2062 .
264 2036 497 2068 Quemadmodum
510 2035 590 2062 Pater
602 2044 654 2063 non
667 2037 751 2071 magis
767 2037 901 2071 perfectus

112 2087 247 2117 estquam
260 2081 354 2114 Filius,
371 2082 442 2116 quod
459 2082 502 2108 ille
516 2090 608 2113 causa,
625 2082 675 2108 iste
694 2082 809 2108 causalis
825 2083 901 2115 (catl-

114 2130 204 2160 satus)
223 2128 271 2160 sit,
290 2134 378 2161 neque
397 2127 457 2153 ideo
476 2127 509 2154 ab
526 2127 571 2153 illo
587 2127 678 2158 distat,
695 2127 743 2153 etsi
766 2127 901 2154 secundus

111 2173 152 2201 ab
160 2181 192 2200 eo
202 2173 306 2200 ratione
315 2180 401 2199 causae
411 2172 521 2203 dicitur;
529 2172 655 2199 divinitas
664 2173 735 2199 enim
748 2173 774 2198 in
788 2177 902 2207 utroque

954 930 1040 956 multo
1059 929 1150 955 minus
1167 929 1193 955 id
1222 929 1248 955 in
1276 930 1450 963 processione
1466 928 1584 964 Spiritus
1606 931 1690 957 sancti
1703 938 1737 957 ex

951 975 1030 1002 Patre
1043 980 1070 1002 et
1092 975 1159 1002 Filio
1185 983 1307 1002 asserere
1331 980 1470 1011 poterunt.
1490 976 1606 1003 ltursum
1633 977 1665 1003 ad
1680 977 1736 1010 jam

952 1020 1023 1047 dicta
1047 1021 1224 1054 reducimur,
1250 1022 1313 1048 dum
1344 1029 1461 1056 sequens
1491 1022 1578 1049 Photii
1601 1023 1737 1057 sophisma

952 1066 1023 1100 (cap.
1041 1065 1085 1100 54)
1100 1066 1302 1100 perpendimus,
1323 1067 1368 1093 ubi
1387 1067 1477 1102 arguit
1504 1067 1634 1102 Spiritum
1647 1076 1661 1094 a
1674 1076 1739 1096 con-

952 1111 1179 1138 substantia‘litate
1196 1120 1258 1139 cum
1278 1113 1358 1139 Patre
1385 1114 1502 1147 excludi,
1526 1122 1588 1141 cum
1615 1122 1738 1141 commu-

952 1158 997 1184 nio
1010 1157 1095 1184 Patris
1106 1163 1133 1184 et
1144 1158 1202 1185 Filii
1217 1159 1252 1186 sit
1267 1159 1416 1186 secundum
1433 1160 1621 1187 substantiam.
1637 1159 1736 1188 Verum

952 1211 1016 1230 sane
1031 1209 1073 1231 est
1101 1205 1208 1231 Patrem
1228 1209 1255 1231 et
1271 1204 1368 1232 Filium
1391 1206 1611 1233 communionem
1637 1207 1738 1234 habere

952 1250 1104 1276 secundum
1131 1250 1331 1282 substantiam,
1357 1252 1405 1279 sed
1430 1259 1463 1279 ex
1487 1252 1608 1287 probatis
1628 1261 1738 1288 quoque

953 1295 1173 1321 communionem
1203 1295 1304 1322 habent
1335 1295 1361 1322 in
1386 1296 1518 1323 relatione
1541 1297 1574 1324 ad
1602 1296 1735 1331 Spiritum

952 1344 1076 1366 sanctutn
1087 1348 1146 1374 qua:
1158 1341 1192 1367 ab
1205 1342 1322 1368 essentia
1336 1362 1343 1374 ,
1360 1342 1411 1368 etsi
1427 1350 1482 1368 non
1497 1343 1647 1369 secundum
1666 1349 1735 1375 rem.

952 1386 1000 1412 sed
1016 1388 1166 1413 secundum
1182 1387 1314 1413 rationem
1339 1387 1523 1423 distinguitur.
1537 1388 1621 1415 Filius
1644 1389 1738 1416 exclu~

952 1432 1025 1458 ditur
1046 1440 1061 1459 a
1078 1433 1253 1467 generatione
1280 1434 1367 1461 activa
1388 1435 1470 1461 etiam
1491 1435 1563 1470 apud
1587 1435 1696 1463 Grmeos
1710 1441 1738 1463 et

953 1479 1043 1503 tamen
1059 1478 1119 1503 κατ’
1128 1478 1222 1503 οὐσίαν
1242 1486 1303 1505 eum
1318 1479 1398 1505 t’atre
1423 1479 1624 1514 communicat;
1643 1481 1737 1507 eadem

952 1524 1056 1549 ratione
1079 1523 1232 1550 excluditur
1251 1524 1371 1559 Spiritus
1387 1526 1420 1552 ab
1435 1526 1522 1552 activa
1542 1527 1690 1561 spiratione
1711 1532 1740 1554 et

953 1575 1042 1596 tamen
1059 1577 1073 1597 a
1091 1571 1282 1598 communione
1299 1572 1449 1598 secundum
1470 1572 1650 1600 substantiam
1676 1582 1738 1600 cum

949 1615 1028 1643 Patre
1042 1620 1070 1643 et
1087 1617 1154 1644 Filio
1175 1625 1229 1644 non
1240 1623 1359 1645 arcetur.
1373 1618 1466 1652 Neque
1477 1619 1550 1645 enim
1575 1619 1645 1646 ratio
1660 1621 1738 1654 prin-

955 1661 1018 1696 cipii
1033 1667 1060 1689 et
1077 1663 1230 1698 principiali
1251 1664 1398 1691 essentiam
1409 1665 1553 1692 constituit
1567 1687 1574 1699 ,
1604 1670 1634 1692 ut
1658 1667 1739 1693 toties

951 1709 1114 1735 ’nculcatum
1137 1713 1178 1736 est
1193 1730 1199 1741 ,
1223 1717 1274 1736 nec
1303 1710 1435 1737 minorem
1460 1711 1607 1745 potentiam
1634 1711 1739 1739 faciunt

954 1755 1095 1790 pauciores
1109 1755 1255 1782 relationes
1270 1756 1312 1782 vel
1327 1757 1451 1783 notiones
1462 1756 1508 1790 (cf.
1524 1756 1538 1791 §
1555 1757 1581 1788 5,
1598 1757 1640 1790 ll).
1656 1757 1738 1785 Joan.

950 1801 1133 1835 Argyropulus
1148 1808 1210 1827 vero
1224 1808 1279 1827 non
1291 1802 1393 1828 absone
1404 1806 1480 1828 notat
1493 1802 1542 1836 (De
1557 1810 1628 1836 proc.
1642 1803 1737 1838 Spiril.

950 1851 1035 1872 sanet.
1050 1854 1074 1873 c.
1098 1846 1131 1878 9;
1149 1846 1180 1872 ϐ.
1202 1846 1233 1874 0.
1248 1847 1270 1879 Ι,
1286 1847 1348 1879 413)
1361 1855 1375 1873 a
1398 1847 1479 1874 Patre
1494 1849 1678 1882 generativam
1696 1850 1739 1876 fa-

951 1891 1078 1918 cultatem
1098 1891 1179 1923 Filio.
1205 1893 1390 1926 generativam
1403 1898 1430 1920 et
1443 1894 1629 1927 productivam
1649 1895 1735 1923 facul-

951 1942 1033 1964 tatem
1047 1938 1159 1972 Spiritui
1173 1945 1267 1965 sanclo
1285 1940 1481 1966 communicari
1494 1948 1544 1967 mm
1554 1946 1582 1967 ut
1596 1941 1737 1977 δυνάμεις,

952 1991 1039 2009 verum
1054 1989 1080 2010 ut
1095 1985 1265 2018 τελειότητας
1278 1993 1284 2016 ;
1300 1985 1370 2011 umle
1384 1985 1479 2012 Filium
1503 1994 1559 2013 non
1573 1994 1653 2021 posse
1668 1988 1738 2016 alte-

952 2037 1012 2056 rum
1030 2030 1127 2056 Filium
1145 2038 1275 2065 generare
1290 2039 1340 2058 nec
1355 2032 1487 2066 Spiritum
1501 2033 1584 2060 alium
1606 2033 1736 2069 Spiritum

952 2076 1075 2102 emittere
1095 2077 1135 2103 vel
1149 2077 1268 2112 gignere.
1285 2077 1359 2104 Idem
1377 2079 1428 2105 sibi
1448 2079 1505 2106 vult
1522 2079 1600 2115 Hugo
1613 2080 1738 2109 Etlteria-

951 2129 1013 2154 nus,
1030 2122 1094 2148 dum
1115 2123 1209 2149 scribit
1229 2123 1258 2159 (l.
1277 2131 1298 2154 ι,
1314 2131 1339 2150 c.
1361 2124 1413 2156 15,
1442 2133 1468 2159 p.
1488 2125 1567 2158 1209)
1583 2135 1589 2152 :
1609 2136 1618 2151 ι
1637 2127 1737 2155 Eadem

953 2168 1067 2200 potentia
1077 2172 1118 2194 est
1133 2168 1158 2194 in
1172 2168 1262 2200 Patre,
1278 2169 1352 2205 [500]
1369 2171 1521 2197 secundum
1537 2179 1618 2205 quam
1645 2178 1738 2207 potest

114 2225 172 2245 una
187 2227 193 2243 τ
206 2218 241 2244 ita
253 2222 281 2244 et
292 2217 408 2252 Spiritus
424 2220 544 2247 sanctus.
560 2217 609 2243 etsi
624 2217 699 2250 juxta
714 2217 822 2243 unicum
835 2217 901 2243 sim-
918 2228 938 2254 ι)
953 2221 1086 2248 genera”.
1100 2221 1160 2247 qua:
1173 2219 1214 2240 est
1229 2214 1257 2241 ill
1278 2215 1345 2241 Filio
1357 2235 1365 2247 ,
1388 2216 1537 2242 secundum
1554 2225 1635 2251 quam
1649 2224 1740 2252 potest

114 2264 271 2299 plieemque
290 2270 445 2297 processum
461 2269 492 2288 ex
512 2261 591 2289 Patre
611 2270 658 2296 per
681 2262 776 2289 Filium
795 2267 851 2294 est,
875 2267 901 2290 et

113 2309 151 2336 ad
168 2309 274 2337 Patrem
293 2312 320 2335 et
333 2307 429 2334 Filium
452 2307 535 2334 veluti
553 2307 584 2334 ad
607 2315 690 2334 unum
709 2307 898 2341 productorem

114 2355 321 2390 spirantemque
341 2352 467 2383 refertur.
493 2361 608 2387 quorum
628 2357 656 2379 et
669 2353 785 2387 Spiritus
809 2358 850 2380 est
875 2357 902 2379 et

115 2399 282 2433 spiraculum
308 2398 421 2428 dicitur;
451 2405 506 2424 non
525 2402 615 2424 tamen
639 2398 729 2425 minor
752 2403 794 2424 est
821 2397 899 2430 Filio,

114 2451 209 2478 neque
227 2443 304 2470 Patre
320 2444 410 2470 minor
422 2445 482 2473 erit.
499 2443 561 2470 licet
576 2451 624 2478 per
635 2443 730 2470 Filium
746 2443 819 2470 Patri
834 2451 902 2470 con-

112 2489 263 2524 jungatnr;
281 2488 398 2522 alioquin
411 2493 438 2515 et
454 2487 537 2515 Filius
553 2489 605 2514 erit
619 2488 757 2515 dissimilis
771 2488 853 2520 Patri,
869 2496 901 2515 eo

114 2533 193 2567 quod
209 2532 324 2559 causalis
339 2533 383 2564 sit,
399 2533 449 2560 etsi
467 2541 520 2559 non
543 2533 578 2560 ita
599 2533 669 2560 sicut
683 2533 810 2567 Spiritus.
825 2534 901 2567 juxta

119 2583 214 2605 tamen
231 2579 411 2612 proportionis
426 2579 566 2606 rationem.
580 2600 586 2606 .
601 2600 608 2607 .
621 2597 629 2605 .
647 2580 719 2606 Ordo
729 2585 819 2606 autem
831 2586 858 2606 et
868 2581 901 2607 ad

118 2623 225 2658 aliquid
240 2624 319 2658 (πρός
331 2632 356 2649 τι
370 2624 426 2650 sive
440 2624 560 2658 relative)
574 2625 776 2659 quomodolibet
787 2625 900 2658 habere,

115 2675 279 2696 naturarum
309 2677 363 2696 non
392 2668 456 2696 facit
479 2669 670 2697 differentiam.
692 2671 758 2698 Nam
772 2680 850 2706 v.gr.
869 2679 901 2699 eo

113 2716 192 2750 quod
207 2716 310 2742 amicus
323 2716 367 2747 sit,
383 2716 425 2742 vel
443 2716 546 2744 vicinus
566 2717 607 2743 vel
631 2717 770 2752 magister,
790 2718 858 2744 nihil
873 2719 901 2746 in

116 2769 149 2788 sc
167 2761 255 2796 ipsum
271 2761 350 2788 alicui
363 2761 476 2794 accedit,
490 2766 519 2788 ut
532 2767 642 2797 propter
670 2763 792 2790 habitum
810 2764 900 2799 perfe-

114 2807 192 2834 ctior
206 2807 233 2833 in
249 2815 278 2834 se
293 2807 352 2843 ipso
370 2808 518 2835 secundum
532 2808 677 2836 essentiam
703 2810 753 2842 sit;
771 2818 860 2845 neque
877 2811 899 2838 si

115 2853 256 2888 quispiam
270 2853 353 2881 lilium
371 2862 403 2882 ac
419 2858 544 2889 nepotem
558 2854 666 2888 habeat,
680 2855 774 2884 tet-lius
784 2856 901 2884 maxime

952 2258 1083 2290 generari,
1095 2259 1219 2292 quamvis
1232 2259 1347 2286 diversis
1363 2261 1490 2294 etfttlgeat
1514 2263 1739 2299 proprietatibus,

953 2305 1034 2331 veluti
1053 2313 1105 2332 una
1121 2307 1242 2341 potentia
1258 2311 1300 2334 est
1323 2308 1443 2335 hominis
1460 2309 1610 2344 disciplina:
1645 2319 1739 2346 perce-

952 2351 1063 2384 ptibiler
1077 2357 1130 2379 etc.
1141 2352 1203 2380 Hac
1217 2362 1278 2380 cutn
1295 2354 1327 2380 iis
1340 2356 1535 2388 connectenda,
1548 2364 1608 2391 quae
1621 2357 1740 2385 Thomas

952 2397 1070 2432 disputat
1088 2399 1113 2429 l,
1127 2407 1154 2434 q.
1171 2399 1215 2432 42,
1238 2408 1263 2427 a.
1276 2400 1292 2427 6
1305 2401 1338 2428 ad
1356 2402 1366 2428 l
1384 2406 1411 2428 et
1429 2403 1462 2429 ad
1477 2403 1503 2429 5.
1518 2402 1575 2430 Hoc
1595 2405 1738 2438 posteriori

952 2443 1011 2470 loco
1026 2445 1083 2471 haec
1101 2445 1199 2472 habet:
1216 2455 1225 2473 c
1245 2446 1321 2473 Sicut
1333 2447 1429 2474 eadem
1441 2449 1568 2481 essentia,
1584 2457 1645 2484 qua:
1660 2456 1701 2478 est
1712 2451 1739 2478 in

952 2489 1030 2516 Patre
1046 2491 1204 2525 paternitas,
1225 2492 1251 2519 in
1268 2492 1334 2520 Filio
1352 2498 1395 2520 est
1414 2494 1517 2527 liliatio,
1538 2495 1574 2522 ita
1590 2496 1684 2523 eadem
1698 2501 1740 2524 est

951 2537 1076 2569 putentia.
1085 2545 1136 2571 qua
1148 2537 1227 2564 Pater
1237 2544 1348 2573 generat
1360 2545 1387 2566 et
1399 2538 1483 2567 Filius
1493 2547 1649 2576 generatur.
1663 2543 1740 2571 Unde

951 2582 1126 2610 manifestum
1142 2589 1193 2616 est,
1208 2585 1279 2619 quod
1296 2587 1428 2621 quidquid
1441 2592 1533 2623 potest
1544 2588 1634 2623 Pater,
1649 2596 1740 2625 potest

951 2627 1051 2661 Filius;
1067 2637 1121 2655 non
1140 2634 1230 2657 tatneu
1251 2632 1384 2666 sequitur,
1401 2634 1473 2668 quod
1492 2635 1578 2669 possit
1591 2643 1737 2670 generare;

951 2674 998 2701 sed
1015 2679 1137 2701 mutator
1152 2675 1215 2710 quid
1231 2676 1257 2703 in
1269 2679 1301 2704 ad
1312 2678 1411 2712 aliquid
1425 2688 1432 2712 ;
1458 2689 1520 2706 nam
1541 2680 1682 2716 generatio
1699 2682 1738 2708 si-

951 2721 1061 2755 gniticat
1088 2722 1246 2749 relationem
1268 2724 1294 2750 in
1316 2725 1425 2752 divinis.
1452 2725 1538 2753 liabet
1561 2734 1627 2761 ergo
1651 2726 1736 2755 Filius

951 2767 1069 2794 eamdem
1080 2768 1234 2801 potentiam,
1254 2778 1335 2803 quam
1350 2770 1438 2805 Pater,
1456 2773 1501 2798 sca’
1517 2780 1575 2799 cum
1595 2771 1649 2799 alia
1666 2772 1738 2799 rela-

952 2814 1030 2845 tione,
1050 2814 1113 2848 quia
1129 2814 1208 2841 Pater
1224 2815 1306 2842 habet
1318 2824 1377 2843 eam
1393 2821 1422 2844 ut
1437 2818 1514 2849 dans,
1534 2824 1561 2845 et
1582 2819 1634 2846 hoc
1655 2819 1738 2853 signi-

952 2857 1059 2892 ficatur,
1075 2867 1137 2887 eum
1153 2860 1262 2894 dicitur,
1283 2862 1355 2896 quod
1370 2868 1459 2897 potest
1481 2871 1625 2897 generare;
1648 2865 1736 2894 Filius
