1945 3088
227 117 281 150 519

784 112 916 143 PHOTII
942 110 1198 142 PATRIARCHIE
1214 112 1268 143 (ΣΡ.

1803 117 1847 149 520

227 179 320 201 autem
333 171 414 200 liabet
428 178 487 198 eam
510 174 540 197 ut
554 169 706 204 accipiens;
722 173 750 196 et
765 167 817 196 hoc
839 167 1021 203 signiﬁcatur,
1035 168 1061 198 Α
1074 166 1180 200 dimus;
1198 168 1223 194 id
1239 173 1267 195 et
1284 167 1429 197 confirmat
1446 169 1554 206 Georgii
1578 171 1754 207 Trapezuntii
1767 172 1848 209 dispu-

227 227 290 248 cum
304 220 415 251 dicitur,
431 218 502 253 quod
521 220 613 252 potest
634 215 770 252 generari.
787 224 796 241 ι
813 215 877 242 Haec
904 218 932 242 et
959 214 1019 241 aliis

230 265 398 293 illustrandis
419 263 506 291 Pliotii
527 262 694 298 argumentis
709 265 835 297 prosunt.
862 261 974 288 Demuin
991 266 1019 288 et

183 329 187 344 ι
227 312 280 339 alia
290 313 396 339 ratione
407 309 528 338 ostendit
540 309 615 336 (2rd.
628 308 772 335 Bessarion
787 307 879 343 (epist.
895 307 928 334 ad
940 306 1017 333 Alex.

228 358 306 385 Lasc.
322 366 348 386 c.
363 358 397 390 7;
421 357 505 384 llard.
527 355 579 388 IX,
605 355 685 389 l065)
711 354 815 381 nullam
836 353 913 388 sequi
928 352 1018 388 quoad

226 403 586 434 naturaminferioritatem,
603 401 677 436 quod
698 400 814 436 Spiritui
828 400 900 427 ratio
914 399 1018 434 princi-

226 451 264 487 pii
279 450 429 486 denegatur
444 458 450 475 :
469 458 478 474 i
495 447 573 482 Quod
588 448 610 475 si
621 447 684 482 quis
699 454 807 478 rursus,
822 446 920 481 inquit,
933 445 1016 472 dicat:

226 497 312 532 Igitur
323 496 412 523 minor
423 500 466 523 est
475 495 596 530 Spiritus
619 498 732 521 sanctus
746 497 774 520 et
786 492 866 520 Patre
889 496 917 520 et
936 491 1016 525 Filio,

227 544 248 571 si
265 543 375 578 quidem
392 543 470 570 Pater
485 546 596 577 generat
613 540 712 568 Filium
723 560 730 572 ,
745 540 830 567 Filius
841 544 869 567 et
879 539 937 574 ipse
955 547 1016 566 eum

225 591 307 618 Patre
322 590 407 624 spirat
431 588 583 623 Spiritum,
605 586 726 622 Spiritus
750 594 817 613 vero
841 593 893 613 nec
918 584 1016 612 Filium

224 642 337 673 general
354 644 406 663 nec
428 643 458 662 se
474 635 561 669 ipsum
578 642 629 661 nec
652 633 735 660 alium
751 632 884 668 Spiritum
906 631 994 667 spirat
1009 641 1016 658 :

223 692 293 711 vana
305 683 374 709 ratio
392 682 451 717 ejus
465 686 507 708 est
522 685 549 708 ct
565 685 660 708 contra
673 679 793 715 seipsum
806 699 813 710 ,
836 679 881 713 qui
899 679 959 706 haec
973 677 1016 704 di-

223 729 272 761 cit,
287 729 437 756 concludit.
456 727 485 754 Si
500 727 574 754 enim
590 726 691 753 nullius
706 732 830 761 persona:
849 724 1016 759 principium

222 783 285 804 esse
297 774 513 809 iiupvrl‘cctionis
529 778 556 800 et
568 772 768 800 imminutionis
779 772 887 806 signum
908 771 935 798 in
956 771 1016 798 Tri-

222 822 309 849 nitate
327 821 477 856 putandum
492 824 576 852 esset,
595 820 753 854 pauciorum
763 826 872 853 quoque
889 826 1016 854 persona-

1072 212 1138 239 tatio
1156 212 1207 248 (De
1219 221 1292 247 proc.
1309 214 1404 250 Spiril.
1415 224 1490 244 sane.
1502 225 1528 244 c.
1545 217 1579 244 27
1592 227 1600 250 ;
1614 217 1646 246 ϐ.
1660 220 1691 245 ο.
1703 218 1780 250 [,527
1787 219 1848 255 seq.)

1070 263 1165 286 notata
1190 260 1269 295 plane
1285 261 1378 297 digna.
1398 271 1408 288 ‹
1426 262 1546 290 Generat
1568 263 1666 292 Filium
1695 264 1772 293 Pater
1783 273 1847 296 vere.

1070 309 1098 332 ct
1111 313 1174 333 cum
1200 313 1315 342 generat
1344 309 1455 337 exhibet
1481 310 1532 345 ipsi
1559 319 1730 347 quaecunque
1758 312 1848 346 habet,

1070 357 1170 387 praeter
1196 361 1228 380 ea
1256 362 1317 389 qua:
1339 355 1531 384 confusionem
1558 357 1682 385 inferunt
1709 358 1786 394 (πλὴν
1805 360 1849 395 τὴν

1070 397 1213 434 σύγχυσιν)
1227 404 1255 427 et
1266 408 1326 435 quae
1337 406 1401 429 ante
1417 407 1445 430 et
1455 407 1517 438 post
1530 403 1690 439 liypostasin
1702 405 1849 442 intelligun-

1069 449 1114 470 tur
1130 444 1175 478 (τὰ
1206 445 1439 482 προθεωρούμενα
1464 450 1515 482 τῆς
1541 449 1720 483 ὑποστάσεως
1750 452 1793 478 καὶ
1818 453 1849 480 τὰ

1068 489 1302 527 ὲπιθεωρούμενα)
1323 497 1351 520 et
1373 493 1471 521 rationi
1502 494 1657 530 liypostasis
1681 497 1849 525 adversantur

1069 534 1190 570 (ἐναντία
1213 537 1252 572 τῷ
1278 538 1351 574 λόγῳ
1380 539 1432 572 τῆς
1453 540 1654 578 ὑποστάσεως).
1684 543 1850 580 Quaecunque

1068 589 1135 609 vero
1152 585 1225 616 (cum
1241 584 1388 621 liypostasi)
1400 585 1590 623 intelliguntur
1606 597 1657 616 nec
1671 589 1747 626 [502]
1761 591 1849 618 adver-

1067 635 1172 661 santur.
1185 638 1239 658 non
1255 636 1359 659 tantum
1371 637 1448 660 extra
1459 641 1568 661 omnem
1580 635 1769 664 confusionem
1782 642 1850 668 sunt,

1067 676 1114 702 sed
1132 680 1161 703 et
1173 676 1296 704 ordinem
1311 679 1494 707 constituunt.
1511 679 1579 707 Cum
1601 681 1683 717 igitur
1703 682 1792 710 divina
1804 692 1851 710 na-

1067 726 1127 749 tura
1143 722 1228 750 semel
1240 723 1270 749 τὺ
1287 723 1407 760 ἄναρχον
1426 725 1554 753 habuerit
1580 727 1607 754 in
1624 726 1713 756 Patris
1730 737 1849 763 persona,

1067 767 1124 795 ﬁeri
1142 776 1197 795 non
1221 770 1328 804 potuit,
1359 776 1389 798 ut
1414 771 1480 798 illud
1498 771 1569 800 Filio
1597 774 1850 803 communicaretur.

1067 814 1289 850 Pneintelligitur
1307 817 1382 844 enim
1411 817 1629 855 adversaturque
1646 821 1744 849 rationi
1758 822 1850 850 Filii...

222 876 284 895 rum
300 850 408 894 causam
424 875 478 893 esse
489 864 705 900 imperfectionis
723 869 811 896 esset;
826 863 909 891 Filius
922 863 1013 899 igitur,
1032 850 1053 876 Β
1067 860 1160 896 Neque
1171 862 1252 889 etiam
1270 862 1329 889 ﬁeri
1343 867 1444 898 potest,
1463 869 1492 892 ut
1507 866 1559 892 vim
1574 868 1719 902 generandi
1733 875 1851 895 commu-

222 921 285 941 cutn
301 912 382 939 unius
404 919 529 947 persona:
548 911 702 942 duntaxat,
733 908 851 944 Spiritus
878 908 1014 939 videlicet,

222 957 388 994 principium
405 956 450 988 sit,
467 955 557 982 minor
570 959 644 982 esset
668 954 720 981 hac
739 953 846 980 ratione
860 952 951 983 Patre,
967 952 1014 987 qui

222 1005 364 1032 ambarum
382 1009 563 1038 personarum
579 1006 622 1028 est
648 1000 825 1036 principium.
848 999 883 1026 At
905 999 957 1027 hoc
972 999 1015 1026 in-

221 1051 391 1080 conveniens
403 1054 445 1078 cst
460 1049 547 1076 solum
571 1048 702 1083 cogitare.
721 1046 806 1083 Igitur
822 1046 887 1074 illud
905 1054 1014 1081 quoque

221 1097 348 1124 similiter
363 1095 512 1123 absurdum
530 1099 581 1121 est.
596 1093 762 1128 Principium
776 1092 860 1125 enim,
880 1096 962 1127 prout
972 1096 1015 1119 est

220 1143 292 1171 actui
306 1143 496 1178 conjunctum,
511 1140 551 1168 vel
570 1149 586 1168 a
597 1140 727 1176 principio
741 1147 805 1171 esse,
822 1146 884 1166 cum
901 1139 935 1166 de
950 1146 1013 1173 per-

220 1188 362 1216 sonalibus
384 1185 600 1222 proprietatibus
618 1184 672 1214 sit,
701 1191 790 1218 neque
810 1182 899 1216 majus
923 1189 1014 1224 neque

220 1235 312 1262 minus
323 1233 439 1261 alterum
454 1231 541 1259 altero
555 1231 598 1258 vel
615 1238 677 1258 esse
692 1229 735 1256 vel
753 1229 806 1256 dici
821 1228 898 1256 facit.
915 1237 924 1254 ›

255 1279 330 1317 [SOI]
352 1280 395 1307 17.
406 1278 483 1306 Novo
500 1277 656 1305 dilemmate
668 1275 756 1302 utitur
767 1274 884 1302 Photius
894 1281 953 1308 cap.
965 1273 1011 1301 '55:

222 1337 232 1355 ι
255 1326 397 1355 Processio
412 1325 532 1360 Spiritus
555 1323 642 1351 sancti
659 1330 692 1349 ex
708 1321 775 1348 Filio
789 1325 837 1348 aut
859 1326 902 1348 est
916 1320 1012 1347 eadem

218 1381 282 1401 eum
297 1371 473 1407 processione
486 1378 520 1397 ex
536 1368 628 1401 Patre,
647 1371 695 1395 aut
715 1367 821 1394 diversa
838 1366 879 1393 vel
901 1370 1012 1392 contra-

219 1419 270 1446 ria.
291 1417 319 1445 Si
336 1417 422 1452 prius.
434 1415 673 1443 communicantur
687 1413 817 1440 idiomata
832 1416 860 1439 et
870 1412 1012 1439 characte-

217 1472 263 1492 res
279 1469 481 1500 personarum;
503 1461 525 1487 si
550 1460 665 1487 alterum
679 1480 685 1492 ,
717 1458 863 1486 incidimus
877 1458 905 1485 in
925 1457 1011 1484 Mani-

216 1510 357 1539 chaeorum
378 1508 420 1536 vel
449 1507 669 1534 Marcionitarum
691 1506 819 1533 liaaresin.
850 1514 859 1531 ι
888 1505 1045 1551 ConeorsC

217 1564 284 1585 vero
294 1561 336 1583 est
348 1554 552 1582 Calliolicorum
574 1561 748 1588 responsum.
764 1560 819 1579 non
832 1559 893 1579 esse
918 1552 1011 1579 diver-

217 1612 276 1632 sam
293 1602 499 1638 processionem
523 1599 643 1635 Spiritus
665 1599 752 1626 sancti
774 1606 790 1625 a
818 1597 886 1625 Filio
901 1598 935 1625 ab
953 1597 1009 1629 illa,

216 1660 270 1688 qua
285 1650 408 1687 procedit
425 1658 457 1677 ex
473 1648 564 1681 Patre,
585 1656 617 1676 ac
629 1648 715 1675 multo
726 1647 818 1674 minus
831 1646 1009 1678 contrariam;

216 1698 331 1734 proinde
346 1705 361 1724 a
376 1695 568 1723 Maniclueismi
587 1694 713 1730 spectris,
732 1701 794 1728 qua:
807 1693 863 1728 jam
879 1693 945 1720 satis
958 1693 1009 1720 de-

216 1744 288 1771 ridet
304 1743 407 1770 Beccus
421 1741 464 1776 (G.
478 1741 543 1770 0.1.
559 1740 603 1772 80,
621 1739 676 1774 8l),
692 1739 759 1766 nihil
769 1739 882 1766 omnino
893 1738 952 1766 fore
972 1738 1009 1765 ti-

215 1790 357 1823 mendum,
376 1789 423 1816 sed
436 1796 497 1816 esse
518 1787 631 1814 omnino
648 1786 771 1814 eamdem
786 1785 843 1818 ('lll,
862 1785 875 1821 §
893 1785 904 1812 ί
923 1784 1005 1820 seq.),

214 1844 306 1872 neque
319 1840 410 1863 tamen
419 1834 615 1863 communicari
630 1841 807 1868 personarum
817 1833 1002 1864 characteres,

214 1884 286 1919 quod
300 1882 416 1910 Pliotius
432 1881 542 1908 nonnisi
559 1888 592 1908 ex
616 1880 757 1916 supposito
774 1879 843 1906 falso
869 1878 1005 1914 principio

215 1930 264 1966 (ib.
282 1928 404 1965 55ch.)
423 1927 577 1955 amrmarit.
600 1926 695 1962 Neque
723 1926 844 1953 uberiori
870 1932 1005 1963 responso

213 1981 283 2008 opus
296 1977 338 2000 est
354 1972 387 1998 ad
401 1980 463 2007 cap.
479 1972 514 1999 56
533 1976 594 2007 post
609 1979 651 2004 ea,
663 1979 724 2006 qua:
740 1972 802 2005 (art.
820 1971 849 2002 5,
866 1970 900 2006 ἐξ
916 1970 1004 2006 12-15)

211 2018 267 2054 jam
282 2018 419 2053 disputata
434 2022 509 2049 sunt,
527 2017 573 2045 ubi
590 2022 731 2045 ostensum
748 2017 809 2050 fuit,
831 2024 1004 2051 nequaquam

212 2072 247 2092 ex
258 2072 292 2092 eo
309 2065 380 2099 quod
395 2065 411 2099 ἠ
427 2063 540 2096 πνεῦσις
553 2065 636 2091 trium
652 2064 806 2091 communis
819 2071 875 2091 non
890 2063 936 2095 sit,
948 2063 1005 2090 col—

211 2111 258 2148 ligi
280 2118 370 2146 posse,
386 2118 446 2138 eam
463 2111 543 2138 unius
566 2117 684 2145 persona:
707 2109 843 2145 propriam
860 2110 1002 2137 exsistere.

210 2157 304 2193 Neque
321 2157 393 2185 Patri
409 2157 523 2192 eripitur
542 2157 658 2192 spiratio
670 2176 678 2188 .
705 2163 795 2190 neque
826 2156 1002 2191 liypostatica:

210 2205 395 2240 proprietates
412 2204 618 2231 transferuntur
637 2203 684 2238 (cf.
703 2211 783 2238 supra
800 2202 814 2238 ᾗ
830 2203 888 2236 l5).

247 2251 291 2278 18.
311 2250 440 2277 Attamen
456 2257 507 2276 nec
518 2249 564 2276 hic
578 2248 695 2284 quiescit
710 2247 868 2276 seluismatis
886 2247 999 2283 pessimi

208 2302 306 2325 auctor
316 2301 344 2324 et
357 2297 411 2331 iam
425 2296 496 2324 dicta
512 2296 573 2323 aliis
588 2294 686 2322 inﬂexa
701 2294 798 2321 formis
813 2294 1001 2329 reprodncens

209 2353 271 2380 cap.
291 2344 324 2371 57
341 2350 450 2371 rursum
462 2343 557 2374 instat,
580 2342 606 2368 in
620 2341 778 2368 Latinorum
794 2339 936 2376 liypothesi
951 2340 1000 2366 de-

208 2393 274 2420 bere
287 2396 315 2419 et
329 2390 460 2426 Spiritum
478 2389 557 2416 aliain
576 2388 728 2424 producere
755 2395 911 2422 personam,
929 2387 1000 2414 hanc

208 2446 290 2474 porro
305 2438 385 2465 aliam
400 2457 406 2469 ,
422 2441 450 2464 ct
473 2437 512 2463 sic
530 2436 660 2470 deinceps
686 2435 713 2461 in
747 2434 896 2464 inﬁnitum.
916 2434 951 2461 ita
969 2439 999 2461 ut

208 2485 350 2521 gentilium
376 2483 586 2519 polytlieismuin
610 2481 699 2508 adhuc
720 2485 850 2516 superent
874 2485 902 2508 et
923 2485 999 2507 trait-

207 2530 353 2558 scendant.
370 2530 435 2562 Qua:
458 2529 539 2564 plane
554 2527 669 2555 absurda
686 2531 760 2554 sunt.
775 2526 889 2553 Constat
910 2526 998 2561 primo

208 2576 323 2604 minime
331 2576 444 2603 Latinos
450 2575 507 2608 cogi
516 2574 596 2601 aliam
606 2573 686 2600 etiam
697 2580 844 2607 personam
854 2572 998 2600 admittere

207 2631 222 2651 a
236 2622 341 2658 Spiritu
355 2625 450 2648 sancto
466 2620 636 2655 productam.
649 2619 677 2646 ld
689 2626 770 2653 supra
784 2617 825 2654 (§§
836 2617 860 2651 l,
871 2618 898 2651 5)
909 2622 999 2646 osten-

243 2721 299 2765 ςθν)
317 2728 346 2755 v-
365 2719 437 2760 δὲεε
458 2716 802 2765 Τξρ.μέντοιωῖεξίέέέ³-ξξξι
817 2716 864 2765 3.9.
875 2716 997 2765 E93953):

225 2752 340 2792 οὖμένόν
360 2756 410 2788 τῆς
424 2755 471 2782 τοῦ
488 2753 553 2780 Υἱοῦ
566 2752 866 2792 ὑετοστάρεῳς-Υαὶ-οὺξ
877 2752 996 2792 ξνανξίον

216 2788 277 2826 ,ἠγῲ
289 2792 343 2817 τινὶ
356 2791 551 2826 ὑποστάσεωςᾼ·
566 2788 698 2826 οὓγτξμγὰρ
744 2788 839 2826 [lat-ipp
852 2788 895 2814 διὰ
911 2788 997 2826 causa.

207 2823 271 2857 Υῐδὲ
286 2826 303 2860 ἦ
312 2825 492 2862 ﬂamonium:
511 2823 603 2862 οὒτε-ᾇ
616 2824 680 2854 Υἱὸς
694 2824 734 2854 εις
746 2823 863 2862 perspe
882 2823 997 2862 μεῖαττέ-

206 2869 279 2893 πῖει,
294 2857 357 2887 ὸῦτὲ
371 2861 401 2887 τὸ
421 2857 536 2896 Πνεῦμα
559 2858 699 2891 ἐξίσταται
724 2858 780 2885 τῶν
805 2857 878 2885 ἰδίων
901 2857 995 2886 αὑτοῦ.

1065 906 1150 939 nicet,
1162 915 1207 939 ne,
1225 913 1252 935 ut
1271 909 1354 936 tradit
1367 909 1493 942 Basilius,
1509 910 1536 937 in
1560 912 1763 940 multitudinem
1775 914 1853 941 innu-

1066 959 1169 979 meram
1184 961 1349 981 excrescens
1359 953 1480 984 Trinitas
1498 956 1567 984 ﬁlios
1581 965 1614 985 ex
1630 958 1691 986 ﬁliis
1703 967 1850 995 generaret.

1066 997 1184 1033 Huiusce
1204 1004 1337 1034 praeterea
1349 1009 1431 1029 causa
1444 1006 1495 1036 est,
1515 1004 1588 1038 quod
1601 1006 1742 1040 generatio
1754 1014 1851 1034 secun-

1065 1044 1129 1071 dum
1162 1045 1327 1081 principium
1355 1052 1382 1075 et
1403 1047 1484 1076 ﬁnem
1502 1049 1549 1085 (cf.
1567 1055 1618 1078 art.
1643 1051 1669 1083 5,
1687 1051 1748 1087 515
1761 1053 1850 1080 eumd.

1065 1089 1191 1126 Trapez.)
1203 1092 1331 1120 sumitur.
1348 1093 1443 1122 Finem
1462 1103 1540 1127 voco,
1560 1096 1588 1123 in
1603 1105 1684 1131 quem
1698 1100 1851 1134 progressio

1066 1137 1093 1172 (ἡ
1109 1137 1231 1172 πρόοδθς)
1248 1138 1306 1166 ﬁnit
1322 1139 1372 1175 (sc.
1390 1141 1561 1178 terminum),
1586 1143 1764 1178 principium,
1781 1146 1852 1173 unde

1065 1182 1170 1218 incipit,
1184 1191 1240 1211 non
1253 1184 1398 1221 interjecto
1414 1191 1546 1222 tempore,
1562 1189 1609 1216 sed
1621 1190 1785 1226 cogitatione
1797 1192 1852 1220 sola

1064 1229 1150 1265 ipsius
1160 1232 1372 1267 progressionis,
1394 1242 1454 1268 quze
1477 1235 1504 1262 in
1531 1242 1679 1270 generante
1700 1242 1730 1264 ut
1754 1238 1854 1273 princi-

1064 1277 1137 1311 pium
1154 1278 1248 1314 (ἁρχὴ)
1261 1283 1322 1310 est,
1346 1284 1377 1307 ut
1404 1280 1466 1307 ﬁnis
1484 1281 1595 1317 (πέρας)
1609 1290 1675 1310 vero
1706 1283 1732 1311 in
1751 1285 1851 1319 genito.

1063 1323 1209 1352 Generatio
1226 1325 1317 1361 itaque
1342 1331 1469 1362 tanquam
1487 1329 1652 1364 principium
1680 1331 1853 1359 considerata

1063 1374 1093 1397 ut
1106 1375 1147 1398 est
1158 1371 1184 1398 in
1201 1371 1291 1404 Patre,
1308 1374 1525 1410 praaintelligitur
1539 1375 1584 1403 ﬁni
1597 1377 1748 1412 (termino).
1761 1378 1808 1413 qui
1825 1379 1854 1406 in

1065 1424 1096 1444 ea
1113 1422 1171 1446 est:
1186 1418 1303 1454 ideoque
1315 1421 1544 1455 przeconsiderata
1559 1421 1619 1449 Filii
1642 1423 1780 1459 bypostasi
1796 1433 1853 1454 non

1062 1467 1153 1497 potest
1165 1463 1200 1490 illi
1214 1464 1316 1492 inesse.
1332 1464 1406 1493 Nihil
1426 1466 1500 1493 enim
1513 1475 1547 1494 ex
1572 1467 1622 1501 iis,
1651 1476 1713 1503 qua:
1728 1471 1856 1504 personis

1063 1507 1090 1534 in
1124 1509 1217 1536 divina
1239 1509 1374 1538 Trinitate
1394 1510 1507 1545 insunt,
1527 1512 1746 1549 praaintelligitur
1766 1515 1855 1551 hypo-

1063 1555 1140 1587 stasi,
1159 1555 1185 1581 in
1201 1563 1253 1590 qua
1266 1561 1323 1590 est;
1337 1565 1373 1584 ne
1387 1557 1446 1585 scil.
1464 1566 1548 1585 unum
1563 1566 1596 1586 ex
1617 1559 1660 1586 his
1671 1559 1779 1588 duobus
1790 1563 1856 1589 sub-

1053 1600 1204 1637 sequatur,
1224 1608 1271 1630 aut
1287 1608 1351 1631 ante
1367 1609 1394 1632 et
1410 1609 1473 1639 post
1491 1605 1604 1640 intelligi
1623 1614 1707 1634 unum
1723 1612 1751 1634 et
1768 1608 1856 1638 idem.

1061 1653 1089 1675 et
1102 1656 1134 1675 ex
1150 1649 1241 1684 seipso
1257 1657 1335 1683 esse,
1351 1654 1398 1677 aut
1419 1651 1623 1680 multitudinem
1645 1653 1778 1681 Filiorum
1806 1656 1857 1682 ad-

1061 1695 1181 1723 mittere.
1197 1694 1256 1722 Non
1271 1701 1383 1731 generat
1402 1704 1467 1733 ergo
1479 1697 1565 1725 Filius
1576 1719 1584 1732 ,
1602 1707 1697 1726 verum
1714 1701 1857 1735 producit.

1060 1745 1088 1769 et
1100 1741 1170 1769 ratio
1184 1748 1371 1771 consentanea
1392 1748 1427 1774 et
1453 1752 1628 1780 consequens
1644 1751 1697 1774 est.
1723 1747 1858 1775 Producit

1059 1787 1140 1815 Pater
1154 1787 1283 1824 Spiritum
1297 1810 1306 1823 ,
1327 1794 1355 1818 et
1373 1798 1436 1818 cum
1460 1791 1597 1826 producit,
1613 1795 1804 1821 communicat
1817 1795 1857 1822 illi

1058 1835 1162 1867 omnia,
1190 1843 1249 1870 quit
1276 1844 1328 1863 non
1353 1837 1595 1872 prwinlelligunmr
1608 1838 1680 1866 illius
1694 1842 1858 1875 Irypostaai;

1058 1884 1256 1915 proptereaque
1281 1880 1340 1908 ﬁeri
1366 1882 1477 1917 nequit,
1493 1887 1522 1909 ut
1541 1883 1564 1910 ei
1580 1885 1767 1913 communicet
1797 1887 1857 1914 vim

1058 1925 1225 1959 producendi
1250 1932 1298 1954 aut
1319 1927 1484 1963 generandi,
1506 1929 1737 1963 quemadmodum
1760 1939 1859 1967 neque

1057 1969 1127 1998 Filio
1141 1973 1306 2007 generandi:
1320 1981 1440 2009 namque
1463 1974 1522 2002 lucc
1538 1975 1564 2002 in
1585 1974 1665 2003 Patre
1688 1977 1858 2011 prieintclli-

1056 2022 1169 2051 guntur.
1183 2016 1236 2045 Sed
1249 2026 1338 2054 neque
1353 2020 1567 2055 generari,quod
1583 2020 1646 2048 ﬁnis
1663 2023 1860 2057 generationis

1056 2061 1210 2093 dicebatur.
1226 2063 1339 2098 Spiritui
1356 2065 1447 2092 inerit.
1472 2064 1695 2102 Praeintelligitur
1709 2069 1857 2103 siquidem

1056 2107 1209 2143 liypostasis
1220 2109 1280 2136 Filii
1295 2109 1432 2145 liypostasi
1445 2109 1575 2145 Spiritus.
1592 2112 1691 2140 Verum
1700 2115 1860 2148 producere

1056 2161 1110 2180 non
1126 2155 1344 2190 prmintelligitur
1359 2155 1418 2183 Filii
1432 2164 1548 2191 persona
1564 2165 1653 2192 neque
1672 2161 1773 2187 rationi
1801 2161 1858 2197 hy-

1017 2198 1044 2229 D
1058 2199 1175 2234 postasis
1196 2200 1250 2228 ullo
1274 2201 1355 2228 modo
1374 2202 1544 2231 adversatur.
1567 2203 1659 2238 Neque
1686 2205 1761 2232 enim
1788 2206 1861 2235 ideo

1055 2245 1135 2272 Pater
1148 2245 1232 2274 Filius
1245 2246 1288 2273 vel
1303 2247 1446 2282 productio
1461 2253 1513 2281 est,
1531 2256 1582 2276 nec
1596 2249 1681 2277 Filius
1695 2250 1722 2277 in
1735 2251 1859 2280 Patrem

1054 2291 1216 2326 prolabitur,
1227 2300 1317 2327 neque
1331 2292 1450 2328 Spiritus
1465 2301 1498 2320 ex
1510 2293 1569 2321 suis
1591 2297 1710 2330 propriis
1725 2299 1859 2325 excedit.

1054 2335 1121 2363 Cum
1135 2337 1226 2372 itaque
1237 2338 1338 2365 nullam
1354 2339 1543 2368 confusionem
1555 2347 1668 2376 generet
1681 2343 1862 2378 producere,

1054 2383 1109 2410 imo
1125 2388 1210 2411 totum
1225 2385 1413 2417 contrarium,
1435 2385 1457 2413 si
1480 2387 1549 2413 Filio
1565 2387 1658 2419 inest.
1675 2393 1703 2416 et
1715 2390 1863 2419 ordinem

1054 2434 1143 2457 servet
1157 2433 1185 2457 et
1205 2429 1311 2458 Triadis
1332 2436 1455 2459 mutuam
1475 2431 1550 2469 [503]
1576 2433 1737 2462 relationem
1760 2435 1791 2472 (ᾗ
1811 2437 1861 2469 6).

1054 2476 1120 2504 illud
1134 2485 1247 2512 prorsus
1265 2477 1335 2505 Filio
1350 2478 1428 2506 Pater
1444 2479 1660 2508 communicabit
1675 2481 1747 2516 (97):
1766 2487 1798 2510 et
1814 2483 1863 2510 sic

1054 2524 1174 2559 Spiritus
1190 2525 1245 2552 erit
1257 2530 1284 2552 et
1295 2526 1366 2558 Filii,
1380 2531 1407 2553 et
1419 2534 1473 2552 non
1495 2526 1680 2562 imperfectus,
1697 2530 1774 2564 quod
1792 2537 1862 2557 non

1053 2570 1196 2605 producat,
1223 2571 1303 2598 sicuti
1329 2579 1417 2606 neque
1440 2572 1535 2604 Filius,
1555 2573 1627 2608 quod
1643 2581 1698 2601 non
1718 2581 1862 2610 generet.

1052 2616 1110 2644 Iino
1125 2616 1148 2643 si
1177 2618 1346 2651 produceret,
1366 2624 1431 2645 esset
1446 2619 1636 2655 imperfectus;
1665 2627 1730 2646 nam
1756 2620 1808 2647 vel
1826 2628 1864 2648 se

1052 2715 1197 2756 MqSeptav
1213 2715 1449 2756 οξνι-ὲπεισφξροκί
1463 2715 1595 2756 agnuam
1607 2715 1642 2756 ,τὸ
1667 2715 1868 2756 προϐἀῇλειιν,

1051 2750 1207 2778 τούναντίον
1223 2750 1348 2782 ὁζᾶπιν,
1367 2750 1454 2785 εἰ⁷τῷ
1479 2750 1535 2786 Tit};
1561 2750 1701 2785 «possem,
1725 2752 1776 2777 καὶ
1804 2753 1867 2783 τὴν

1051 2785 1128 2818 τάξιν
1143 2786 1294 2821 συντηροῦν
1310 2787 1358 2812 καὶ
1374 2787 1424 2820 τὴν
1446 2787 1497 2821 τῆς
1515 2786 1630 2821 Τριάδος
1655 2786 1868 2820 ἀκατάλληλον

1053 2823 1146 2857 σχέσιν
1157 2830 1166 2838 ’
1182 2822 1342 2857 κοινωνήσει
1360 2821 1470 2853 πάντως
1485 2821 1565 2848 τοῦτο
1579 2821 1618 2857 τῷ
1634 2821 1690 2856 Υἱῷ
1703 2821 1718 2847 ὁ
1734 2821 1869 2857 Πατήρ.
