1945 3088
107 154 152 187 521

441 159 490 190 ΒΕ
509 158 540 188 S.
561 157 660 188 SPIR.
683 155 937 187 MYSTAGOGIA.
956 168 992 173 -
1007 155 1381 188 ANIMADVERSIONES.

1687 155 1739 187 522

108 212 261 248 ipsumipse
272 212 446 248 produceret,
458 214 533 248 quod
550 214 608 242 fieri
620 213 726 248 nequit,
739 213 781 241 vel
793 212 891 251 alium.
907 212 931 241 Α
946 210 1041 245 Filius,
1068 211 1188 247 Spiritus
1206 217 1318 240 sanctus
1342 212 1507 248 procederet
1522 212 1556 240 ab
1574 213 1630 240 illo.
1654 222 1663 238 ι
1685 211 1740 240 Sed

108 260 181 287 ctsic
195 259 222 286 in
246 259 382 287 inﬁnitum
410 260 612 294 produceretur
625 259 781 296 progressio
794 279 801 290 ,
820 257 895 293 quod

108 313 159 332 non
191 313 252 333 esse
279 305 457 341 perfectionis
486 311 544 334 tute
567 306 649 334 etiam
672 306 778 333 diceres
796 305 864 340 (98).
883 313 892 330 ι

108 351 239 379 Praeterea
259 352 331 379 idem
354 357 451 380 auctor
466 351 502 388 (c.
519 352 564 379 26.
578 361 605 387 p.
620 351 683 386 526)
700 352 734 379 ad
761 351 896 386 objectio-

108 405 179 430 nem,
194 397 325 432 Spiritum
350 403 477 426 sanctum
502 406 630 426 mancum
658 402 685 426 et
704 397 896 433 imperfectum

109 451 177 476 esse,
191 443 212 470 si
229 443 304 471 solus
320 443 391 471 inter
408 448 463 471 tres
479 451 611 479 personas
633 452 689 471 non
708 447 781 471 esset
795 442 897 478 princi-

109 489 205 525 pium,
233 491 284 516 hoc
309 493 388 524 pacto
415 489 577 524 respondet:
597 498 606 514 ε
637 488 790 516 Perfectum
814 491 898 521 alque

110 535 296 570 imperfectum
313 543 369 562 non
387 543 421 562 ex
435 535 596 565 diacriticis.
613 535 661 563 sed
676 542 711 563 ex
726 533 898 564 naturalibus

110 582 252 617 colligitur.
264 581 329 614 Quae
342 582 414 609 enim
433 582 591 609 necessario
605 586 710 609 naturae
724 580 806 608 insita
822 584 897 611 sunt,

109 629 152 656 illa
173 629 196 656 si
224 628 387 662 defuerint,
413 629 602 663 imperfectam
628 633 753 655 naturam
778 627 900 655 etIiciunt

110 674 189 707 illius,
203 674 247 702 cui
263 682 319 702 non
335 675 440 702 insunt.
457 674 558 701 Verum
573 682 635 710 qure
655 675 815 710 hypostases
834 682 899 702 con-

109 720 234 752 stituunt,
249 723 276 747 et
291 727 424 755 personas
447 719 620 752 discernunt,
638 726 779 754 nunquam
797 719 900 754 imper-

109 766 207 796 fectum
219 766 366 801 quidquam
382 765 501 794 eilicient
516 771 626 797 natura,
640 773 701 793 cum
716 770 829 793 naturas
844 773 898 792 non

110 816 264 845 secernant,
282 812 329 839 sed
344 811 417 840 circa
432 816 558 839 naturam
572 816 762 844 secemantur,
777 816 806 839 ut
822 811 900 839 theo-

110 858 194 894 logica
208 865 260 885 vox
273 857 392 885 insonat.
410 857 448 885 Ex
462 858 686 886 discernentibus
701 865 766 885 vero
781 863 824 885 est
836 865 902 893 pro-

111 902 218 930 ducere.
235 901 295 930 Non
314 910 380 938 ergo
408 903 600 938 imperfectum
621 898 685 939 quid
711 908 816 931 naturae
840 903 903 938 Spi-
921 897 940 923 Β

111 950 180 978 ritus
195 951 289 983 inerit,
305 951 380 986 quod
395 958 451 978 non
467 951 610 986 producat,
628 951 675 978 scd
692 958 742 977 nec
753 949 901 985 liypostasi.

112 996 270 1026 Secernitur
287 997 360 1025 enim
376 997 545 1025 sufﬁcienter
563 998 648 1033 magis
663 1005 677 1024 a
693 997 775 1024 Patre
791 1001 820 1023 et
832 996 903 1023 Filio

111 1052 161 1071 non
173 1045 327 1079 producens,
348 1052 429 1079 quam
449 1048 645 1072 secerneretur
659 1051 673 1070 a
694 1044 773 1075 Filio,
789 1050 822 1070 ex
835 1042 904 1070 Filio

111 1098 162 1118 non
178 1091 321 1125 productus
337 1090 404 1125 (99).
427 1099 436 1116 ι
454 1089 576 1117 Tandem
590 1089 672 1125 digna
688 1093 753 1116 sunt
769 1096 830 1123 quae
841 1095 904 1115 con-

111 1137 266 1164 siderentur
285 1136 398 1163 Thomas
417 1135 492 1172 [304]
511 1137 593 1164 verba
607 1156 614 1168 ,
633 1135 733 1171 quibus
753 1135 835 1163 solvit
851 1134 905 1162 dif.

111 1183 259 1211 iicultatem
273 1192 279 1210 :
301 1193 309 1209 ι
330 1183 484 1218 Cujuslibct
499 1183 618 1211 amantis
635 1188 677 1211 est
693 1183 792 1218 aliquis
807 1189 903 1213 amor;

111 1229 158 1257 sed
177 1228 296 1264 Spiritus
313 1234 425 1256 Sanctus
440 1234 483 1256 cst
505 1229 606 1262 Amor;
625 1237 689 1265 ergo
709 1234 751 1257 est
773 1229 834 1263 ejus
854 1228 904 1255 ali-

111 1274 173 1309 quis
185 1281 270 1301 amor.
284 1273 311 1301 Si
326 1274 409 1309 igitur
429 1274 549 1308 Spiritus
562 1279 674 1302 sanctus
689 1279 731 1302 est
746 1274 839 1306 Amor,
851 1274 905 1301 erit

111 1327 188 1347 amor
201 1320 311 1352 amoris,
325 1325 353 1347 et
370 1320 483 1355 spiritus
506 1328 521 1347 a
552 1321 658 1355 spiritu.
680 1330 688 1346 ›
707 1321 753 1347 Ait
776 1321 848 1348 enim
867 1322 904 1355 (ᾳ.

112 1366 158 1393 57.
184 1374 210 1393 a.
240 1366 286 1402 1):
316 1375 324 1392 ι
353 1367 394 1394 Ad
421 1371 549 1401 quartum
575 1367 733 1400 dicemlum,
748 1368 820 1403 quod
836 1368 907 1395 sicut

112 1412 194 1445 Filio,
210 1412 274 1440 licet
288 1413 431 1448 intelligat,
445 1421 500 1440 non
520 1419 610 1440 tamen
628 1414 679 1441 sibi
695 1415 826 1449 competit
842 1422 905 1449 pro-

112 1459 214 1487 ducere
249 1459 389 1491 Vcrbum,
419 1461 482 1494 quia
512 1460 664 1496 intelligere
690 1461 818 1488 convenit
837 1462 861 1488 ei
878 1466 907 1488 ut

113 1505 204 1533 Verbo
219 1506 394 1541 procedenti:
416 1507 453 1534 ita
471 1506 534 1534 licet
556 1506 674 1542 Spiritus
692 1511 804 1535 sanctus
821 1514 905 1538 amet,

113 1552 289 1579 ersentialiter
315 1552 495 1587 accipiendo,
525 1560 580 1580 non
611 1557 701 1580 tamen
726 1554 855 1580 convenit
870 1554 904 1585 ei,
920 1565 941 1594 ο

112 1598 187 1633 quod
203 1598 288 1632 spiret
301 1606 435 1629 amorem,
454 1599 527 1634 quod
544 1603 586 1626 est
601 1599 713 1634 diligere
737 1599 907 1626 nolionuiitcr

113 1648 263 1678 sumptum,
274 1644 338 1678 quia
353 1643 393 1672 sic
405 1644 495 1680 diligit
509 1645 700 1676 essentialiter,
713 1651 741 1672 ut
755 1653 830 1672 amor
846 1653 908 1678 pro-

113 1691 216 1724 cedens,
233 1698 286 1717 non
303 1695 332 1717 ut
345 1699 360 1717 ιι
375 1698 425 1726 quo
441 1691 556 1725 procedit
574 1699 660 1718 amor.
684 1700 693 1717 ι
713 1691 758 1719 Sic
777 1699 852 1727 ergo.
868 1691 907 1718 uti

110 1736 168 1770 jam
185 1744 267 1772 supra
287 1737 389 1763 dictum
404 1742 457 1768 est,
473 1737 501 1763 in
524 1734 629 1771 Spiritu
643 1741 741 1764 saneto
760 1737 907 1764 terminum

115 1783 218 1810 habent
237 1782 441 1818 progressiones
461 1782 643 1809 immanentes
667 1782 812 1816 nullusque
832 1781 908 1809 locus

114 1833 158 1856 est
170 1836 329 1863 progressus
349 1829 376 1855 in
392 1828 540 1860 infinitum,
556 1835 637 1863 quem
654 1828 785 1855 divinitus
800 1827 907 1855 revela-

114 1879 161 1902 tus
178 1875 245 1902 ordo
255 1874 398 1909 proscribit
417 1874 557 1902 radicitus.
571 1884 580 1900 ι
590 1874 689 1901 Verum
703 1874 787 1906 enim,
800 1874 838 1900 ait
854 1873 909 1900 Ma-

115 1921 302 1949 nuelCaleeas
312 1922 342 1956 (Ι.
352 1929 382 1954 n,
394 1929 421 1956 p.
433 1920 629 1955 421)ordinem
644 1928 755 1947 scrvare
770 1927 839 1954 opus
856 1924 907 1953 est,

115 1975 206 2002 neque
229 1967 316 2002 ipsius
338 1967 470 1997 terminos
486 1966 649 2000 transgredi,
677 1965 724 1992 sed
754 1965 825 1992 intra
846 1965 909 1992 Tri-

116 2015 230 2042 nitatem
249 2019 320 2041 stare
334 2013 410 2048 juxta
427 2012 555 2040 traditam
574 2012 654 2040 nobis
669 2011 730 2039 fidei
746 2012 876 2047 regulam.
896 2021 905 2038 ι

154 2060 199 2088 19.
219 2059 296 2092 Quod
312 2060 391 2087 initio
404 2066 464 2093 cap.
480 2059 515 2086 58
528 2058 644 2086 advertit
659 2057 783 2088 Photius.
800 2057 908 2084 nonnisi

115 2114 132 2134 a
150 2106 229 2134 Patre
246 2106 372 2140 accipere
385 2105 508 2140 potuisse
526 2104 635 2136 Filium,
647 2109 676 2131 ut
692 2103 812 2138 Spiritus
822 2103 909 2130 sancti

116 2152 153 2180 sit
173 2149 349 2187 principium,
372 2151 398 2178 id
411 2151 546 2178 Catholici
565 2158 619 2177 uno
642 2158 690 2177 ore
710 2150 818 2177 docent.
837 2149 911 2182 Quos

117 2199 190 2226 inter
206 2198 381 2229 Ratramnus,
395 2197 424 2232 (1.
439 2197 471 2229 ιι,
488 2204 512 2223 c.
529 2197 557 2228 5,
581 2204 609 2231 p.
621 2196 671 2223 251
690 2196 722 2223 ad
737 2203 768 2223 ea
793 2195 910 2221 Nazian-

950 257 972 285 si
992 258 1029 285 ita
1043 263 1094 291 est,
1112 259 1200 294 pergit
1231 259 1364 291 Photius,
1385 259 1457 287 unde
1478 259 1518 291 fit.
1537 268 1547 285 ‹
1564 263 1595 286 ut
1610 258 1740 294 Spiritus,

947 304 1011 332 licet
1028 304 1123 332 iisdem
1141 305 1247 332 fruatur
1265 305 1417 333 honoribus
1433 310 1461 333 et
1477 313 1510 333 ex
1525 313 1556 332 ea
1572 305 1630 340 ipsa
1648 312 1743 332 essen-

951 350 987 377 tia
1000 350 1059 385 pari
1074 351 1170 378 ordine
1185 351 1262 388 [305]
1279 359 1311 378 ac
1327 351 1384 386 pari
1397 351 1482 387 gloria
1496 351 1622 386 prodeat,
1638 350 1742 385 princi—

950 397 1043 432 piandi
1061 398 1241 433 praerogativa
1259 397 1405 433 privetur?
1425 407 1434 423 ›
1455 397 1534 430 Quod
1548 404 1602 424 non
1619 396 1744 429 ejusdem

950 443 1090 477 potentiae,
1108 451 1159 471 nec
1183 448 1226 471 est
1248 443 1372 479 ejusdem
1395 443 1537 475 essentim;
1564 447 1611 470 aut
1626 442 1745 477 Spiritus

951 497 1016 523 ergo
1033 489 1128 517 eadem
1148 490 1267 517 donatur
1284 490 1462 525 praerogativa
1481 493 1528 517 aut
1545 489 1579 517 ad
1602 488 1745 516 liomousia

952 535 1089 570 dcjicitur.
1105 535 1177 564 Sane
1198 536 1280 563 simili
1305 536 1412 564 ratione
1427 536 1480 563 dici
1495 539 1603 571 potest:
1618 534 1645 562 Si
1660 534 1744 561 Filius

952 589 1008 608 non
1021 586 1134 617 generat
1149 582 1258 615 Filium,
1274 590 1329 610 non
1347 587 1390 610 est
1403 582 1476 609 Patri
1491 580 1744 609 consubstantialis.

954 627 1124 656 Recolantur
1144 637 1175 656 ea
1192 637 1254 665 quae
1269 630 1336 657 alias
1352 638 1383 657 ae
1404 629 1578 665 potissimum
1595 635 1654 663 qua:
1670 627 1683 663 §
1701 627 1745 658 16,

953 674 1024 702 dicta
1044 679 1108 702 sunt
1130 679 1158 702 et
1187 676 1287 704 solutio
1313 676 1392 711 plana
1421 676 1483 703 erit.
1503 674 1635 703 Nolumus
1657 679 1747 701 tamen

955 722 1105 756 praeterire,
1126 730 1187 757 qua:
1211 722 1239 749 in
1263 722 1335 750 lianc
1355 730 1411 749 rem
1425 722 1536 750 disserit
1568 721 1647 756 lingu
1662 721 1747 748 Ethe—

954 767 1057 801 rianus,
1074 767 1281 796 Mcthonensem
1304 768 1433 796 refellens
1449 769 1595 803 przesulem
1619 768 1690 803 (cap.
1703 768 1747 799 16,

955 814 988 842 ad
1004 821 1124 849 praesens
1137 814 1225 842 Photii
1237 820 1320 850 caput
1350 819 1414 842 nota
1433 814 1471 850 5).
1501 815 1531 842 in
1558 815 1653 850 primis
1671 819 1750 850 urget

955 859 1027 887 idem
1044 860 1247 888 incommodum
1269 861 1345 896 sequi
1363 869 1397 889 ex
1416 861 1566 895 missione;
1581 861 1682 889 deinde
1696 861 1749 888 alia

955 906 1078 941 quaedam
1093 907 1227 942 adjungit.
1249 917 1258 932 ‹
1276 907 1343 935 Nam
1360 908 1382 934 si
1394 908 1552 941 Filiusgait
1569 908 1597 943 (Ι.
1616 916 1687 940 ii,-c.
1704 908 1747 941 it,

956 959 982 986 p.
1004 951 1092 987 l225),
1112 961 1120 978 ι
1137 960 1309 988 quaecunque
1333 952 1425 984 habet,
1449 960 1464 980 a
1488 952 1569 980 Patre
1588 953 1704 988 accepit,
1721 957 1750 981 et

955 997 1074 1033 Spiritus
1088 999 1247 1027 missionem
1259 1000 1293 1027 ab
1303 1000 1399 1027 eodem
1414 1000 1537 1035 accepit;
1551 1000 1634 1028 mittit
1647 1001 1749 1036 quippe

957 1045 1087 1080 Spiritum
1108 1051 1232 1073 sanetum
1250 1046 1379 1074 Filius....
1397 1046 1484 1080 Patet,
1497 1047 1570 1082 quod
1584 1046 1671 1074 Filius
1685 1046 1750 1074 mit-

956 1096 995 1118 tat
1014 1091 1146 1126 Spiritum
1168 1097 1293 1120 sanctum
1309 1096 1337 1119 et
1351 1092 1422 1127 quod
1437 1100 1452 1120 a
1473 1093 1552 1120 Patre
1570 1093 1640 1120 idem
1657 1093 1750 1120 mitta-

957 1142 1010 1164 tur.
1037 1137 1178 1170 Quomodo
1199 1138 1282 1173 igitur
1310 1145 1325 1164 τι
1355 1138 1435 1165 Patre
1461 1139 1601 1173 accipiens
1631 1138 1749 1175 Spiritus

957 1183 1117 1210 missionem
1134 1183 1189 1218 (est
1206 1184 1280 1210 enim
1299 1184 1411 1211 mittens
1430 1189 1458 1212 et
1480 1185 1591 1219 missus)
1605 1204 1612 1216 ,
1630 1185 1750 1219 Spiritus

956 1233 1047 1256 autem
1066 1236 1119 1255 non
1146 1229 1251 1263 accepit
1280 1229 1440 1257 missionem
1468 1238 1556 1265 neque
1577 1230 1637 1257 Filii
1662 1238 1750 1265 neque

957 1275 1069 1302 alterius
1084 1274 1125 1302 sui
1143 1275 1263 1302 similis?
1281 1275 1407 1303 Privatur
1421 1283 1486 1312 ergo
1504 1276 1582 1312 parili
1598 1277 1703 1303 honore
1715 1291 1750 1298 -—

958 1320 1107 1347 liberalitas
1123 1320 1190 1347 iure.
1207 1320 1299 1347 Potest
1331 1325 1422 1347 tamen
1445 1325 1472 1348 et
1486 1321 1520 1347 de
1536 1320 1606 1347 facili
1635 1320 1750 1347 solutio.

957 1373 1020 1393 nem
1039 1366 1139 1393 habere
1162 1365 1222 1392 talis
1243 1366 1379 1400 objectio,
1402 1373 1463 1393 cum
1487 1366 1683 1393 convenienter
1705 1373 1750 1392 re-

958 1412 1085 1447 sponderi
1101 1413 1197 1447 possit,
1221 1412 1282 1440 ideo
1298 1421 1352 1439 non
1383 1405 1523 1447 accepisse
1540 1412 1671 1448 Spiritum
1689 1411 1750 1439 Filii

957 1466 1066 1485 causam
1084 1466 1155 1490 esse,
1167 1459 1230 1493 quia
1243 1458 1329 1486 Filius
1348 1462 1390 1486 est
1407 1458 1491 1493 ipsius
1504 1466 1586 1486 causa
1599 1480 1606 1492 ,
1633 1458 1752 1493 Spiritus

958 1513 1023 1532 \‘CI‘O
1042 1505 1101 1540 ejus
1123 1513 1204 1532 (‘ﬂllSﬂ
1223 1513 1284 1532 esse
1307 1513 1442 1539 nusquam
1470 1505 1607 1540 reperitur
1626 1527 1632 1538 ,
1662 1513 1753 1540 neque

959 1551 1071 1578 alterius
1085 1552 1126 1578 sui
1141 1551 1247 1582 similis,
1263 1559 1298 1577 ne
1313 1556 1409 1585 quarta
1426 1551 1453 1578 in
1476 1551 1612 1579 Trinitate
1634 1543 1753 1586 persona

960 1598 1051 1625 induci
1078 1597 1291 1625 demonstretur.
1318 1597 1456 1632 Amplius:
1483 1597 1627 1630 Quomodo
1653 1598 1754 1633 accipit

956 1643 1089 1678 judicium
1106 1651 1188 1671 omne
1207 1642 1292 1670 Filius
1315 1651 1328 1670 a
1346 1642 1426 1670 Patre
1451 1647 1478 1670 ct
1495 1643 1607 1677 Spiritui
1629 1651 1686 1670 non
1702 1643 1754 1669 im-

957 1688 1094 1723 pertitur?
1120 1688 1259 1723 Scriptum
1288 1688 1435 1715 cstcnim:
1467 1697 1475 1713 ι
1508 1689 1594 1715 Omne
1618 1687 1754 1722 judicium

958 1735 1034 1763 dedit
1051 1735 1130 1767 Filio,
1149 1741 1179 1762 ut
1202 1742 1298 1762 omnes
1325 1734 1509 1761 honorificent
1533 1733 1632 1761 Filium
1651 1754 1658 1765 ,
1681 1735 1754 1761 sicut

960 1780 1142 1807 honorificam
1163 1779 1269 1807 Patrem
1285 1780 1374 1814 (Joan.
1390 1788 1417 1810 ν,
1442 1778 1499 1813 ‘22).
1516 1788 1524 1804 ι
1544 1779 1682 1814 Suspicor,
1699 1779 1755 1807 imo

959 1826 1041 1853 credo
1056 1825 1179 1858 ﬁrmiter,
1196 1825 1268 1859 quod
1291 1825 1402 1852 emissio
1419 1824 1556 1859 Spiritus,
1581 1825 1603 1851 si
1618 1825 1650 1852 ad
1665 1825 1754 1852 hono-

960 1879 1017 1899 rem
1034 1870 1122 1898 Patris
1141 1871 1271 1906 pertinet,
1286 1871 1318 1897 ad
1334 1871 1466 1898 honorem
1476 1869 1536 1897 Filii
1549 1871 1694 1904 referatur,
1707 1872 1754 1906 qui

961 1917 1029 1944 sicut
1046 1925 1061 1944 a
1078 1917 1157 1944 Patre
1173 1917 1256 1944 vitam
1280 1917 1372 1950 habet,
1390 1917 1524 1951 judicium
1541 1917 1638 1948 habet,
1664 1917 1700 1944 ita
1727 1922 1756 1945 et

963 1963 1081 1998 Spiritus
1106 1963 1283 1990 emissionem
1312 1963 1413 1995 habet;
1433 1967 1460 1990 et
1480 1962 1551 1990 sicut
1582 1963 1756 1990 nascibilitas

960 2015 1017 2035 non
1038 2008 1151 2043 impedit
1176 2007 1285 2039 Filium,
1304 2007 1369 2042 quin
1391 2007 1490 2034 habeat
1511 2011 1638 2035 naturam
1656 2007 1754 2041 Patris,

961 2054 1017 2081 imo
1034 2062 1066 2081 ex
1089 2054 1138 2081 hac
1163 2053 1262 2081 habere
1280 2053 1430 2088 probatur:
1452 2053 1492 2080 sic
1507 2053 1620 2080 emissio
1637 2053 1757 2088 Spiritus

961 2108 994 2127 ex
1015 2100 1094 2127 Patre
1107 2105 1135 2127 et
1150 2099 1217 2126 Filio
1235 2107 1289 2126 non
1306 2099 1422 2134 impedit
1450 2098 1595 2133 Spiritum,
1624 2099 1690 2134 quin
1706 2099 1756 2126 ha-

962 2146 1024 2173 beat
1045 2145 1132 2172 Patris
1153 2144 1267 2180 Fitliique
1286 2148 1428 2177 naturam;
1447 2144 1568 2178 alioquin
1594 2144 1712 2178 Spiritus
1729 2148 1758 2171 ct

964 2192 1048 2218 l’ilius
1066 2199 1120 2218 non
1144 2195 1208 2218 sunt
1222 2191 1343 2225 ejusdem
1361 2198 1423 2217 eum
1439 2189 1521 2217 Patre
1538 2194 1642 2216 natura.-
1657 2209 1664 2220 ,
1693 2198 1756 2217 cum

118 2244 180 2272 zeni
193 2245 295 2272 verba:
313 2252 322 2269 ‹
346 2243 379 2270 Et
390 2244 422 2270 ad
437 2243 552 2277 primam
566 2242 689 2269 omnium
705 2240 849 2277 originem,
864 2239 911 2274 qui
925 2241 951 2271 D
967 2237 1046 2264 Pater
1059 2236 1134 2272 [506]
1155 2237 1231 2263 solus
1250 2241 1381 2272 generet,
1403 2235 1531 2270 solusque
1555 2235 1686 2269 Spiritum
1699 2256 1706 2267 ,
1727 2240 1758 2262 ut

117 2293 163 2318 est
177 2289 269 2320 Pater,
283 2289 362 2316 sicuti
384 2287 521 2323 Unigeniti
537 2287 628 2314 omnia
640 2307 647 2318 ,
673 2286 709 2314 ita
726 2288 806 2314 etiam
822 2285 910 2312 sancti

117 2337 237 2372 Spiritus
257 2336 351 2364 omnia
375 2336 534 2362 referuntur
551 2343 560 2359 ι
580 2334 724 2361 observat:
745 2343 754 2359 ι
778 2333 852 2360 Talia
869 2333 910 2359 di-

117 2390 186 2410 cens
204 2383 324 2410 ostendit
337 2382 445 2414 omnia,
463 2389 524 2416 quae
549 2385 613 2407 sunt
634 2379 692 2406 Filii
709 2401 715 2411 ,
742 2380 775 2406 ad
803 2379 910 2406 Patrem

119 2429 223 2457 habere
235 2429 406 2460 relationem,
422 2432 448 2454 et
463 2427 564 2459 omnia,
580 2434 640 2462 quze
662 2431 727 2453 sunt
745 2425 832 2454 sancti
847 2426 911 2460 Spi-

118 2475 200 2506 ritus,
213 2474 246 2501 ad
260 2475 386 2501 eumdem
412 2473 507 2501 referri
523 2473 596 2501 velut
609 2474 641 2500 ad
658 2473 773 2507 primam
790 2473 911 2500 oninium

117 2518 273 2554 originem;
291 2518 419 2552 quoniam
442 2517 492 2544 etsi
513 2516 632 2552 Spiritus
648 2517 778 2552 procedat
798 2524 814 2543 a
832 2517 911 2550 Filio,

116 2566 283 2601 accepturae
300 2565 380 2594 Filius
395 2574 412 2591 ιι
435 2565 531 2597 Patre,
559 2569 588 2592 ut
616 2565 755 2592 nascendo
775 2564 808 2591 de
832 2564 912 2591 Patre

159 2639 215 2676 (98)
334 2646 368 2676 p._
385 2637 446 2669 528,
538 2647 547 2676 ξ
559 2638 616 2676 {ita}
631 2637 737 2676 ἐλλιπὲς
750 2637 783 2676 ad
801 2636 913 2676 Πνεῦλξα

121 2672 446 2711 μὴ’προϐάλὶηγί-ᾧσπίρ
462 2674 551 2711 sese
567 2673 630 2711 Υῐρς
649 2673 687 2711 pri]
703 2672 824 2711 -ιςεννῷνς
836 2673 913 2711 ’μᾶλτ

117 2708 166 2738 λοῦ
182 2710 236 2745 γὰρ
253 2708 405 2745 πρφϐάλλον
419 2708 501 2745 ἦν-ᾷγ
514 2708 642 2745 ἐλλιπές·
691 2709 745 2745 γὰρ
755 2708 820 2745 αὐτὸ
833 2709 913 2745 Agor?)

119 2742 578 2781 προῦὅάλειίᾶγηὸτξςρἀδιξνρκξον
656 2743 729 2781 ἄλλο,
755 2743 801 2781 xuii.
825 2742 913 2781 ρῦτιυς

118 2778 162 2812 εἷς
176 2781 288 2815 ἄπειρον
303 2779 370 2814 ἡμῖν
385 2778 479 2815 ᾂξήκει
489 2779 503 2805 ό
513 2778 603 2812 λόγος,
619 2778 686 2810 ὅπερ
700 2778 730 2804 οὐ
746 2778 913 2813 τελειότητος

119 2816 171 2843 καὶ
186 2813 266 2846 adeo;
282 2813 370 2846 εἵῆοις
381 2813 424 2841 ἂν.

160 2850 216 2883 (99)
230 2849 308 2881 Ibid,
325 2858 352 2884 p.
371 2849 443 2876 5‘26:
461 2849 501 2875 Τὰ
518 2848 545 2875 δὲ
565 2849 732 2875 {amem-tim
756 2848 854 2884 mitra»
867 2848 914 2874 καὶ

121 2885 281 2922 δκικριτικὰ
296 2882 345 2911 0'57.
363 2885 394 2911 ἄν
412 2892 476 2911 ποτε
491 2884 586 2916 ἀτελές
606 2893 632 2910 τι
652 2884 759 2920 ποιήσει
774 2885 806 2919 τῇ
821 2882 911 2918 φύσει,

309 2931 446 2963 Ρλτιιοι.
467 2931 526 2962 Gn.
549 2931 600 2963 CII

965 2283 1078 2310 Graecus
1090 2282 1254 2314 arbitratur,
1272 2281 1389 2313 emittat,
1406 2281 1524 2315 Spiritus
1546 2288 1610 2307 vero
1624 2285 1652 2307 et
1673 2279 1757 2307 Filius

966 2329 1041 2356 nullo
1058 2329 1148 2356 modo.
1169 2337 1178 2353 ι
1193 2343 1228 2348 -
1240 2327 1301 2354 Pari
1312 2327 1393 2354 modo
1405 2327 1563 2361 responderi
1577 2332 1665 2361 potest
1677 2328 1710 2353 ad
1731 2328 1757 2354 id

966 2375 1038 2410 quod
1062 2382 1119 2410 cap.
1139 2375 1174 2402 40
1200 2374 1311 2401 Photius
1328 2373 1449 2409 profert:
1469 2382 1478 2399 ί
1499 2373 1612 2407 Accepit
1636 2372 1721 2400 Filius
1742 2381 1757 2400 a

967 2423 1046 2450 Patre
1065 2430 1098 2449 ex
1114 2421 1172 2456 ipso
1193 2429 1241 2456 per
1255 2420 1460 2456 generationem
1476 2419 1624 2454 prodicns,
1639 2423 1666 2446 et
1685 2420 1756 2446 aliud

967 2468 1090 2502 ejusdem
1116 2472 1219 2495 natura:
1236 2466 1398 2502 producere.
1415 2465 1557 2498 Quomodo
1573 2465 1672 2501 igitur,
1695 2474 1759 2493 cum

967 2519 995 2542 ct
1007 2514 1064 2550 ipse
1078 2514 1161 2541 Filius
1175 2512 1436 2541 consubstantialem
1461 2512 1593 2547 producat
1615 2512 1757 2548 Spiritum.

968 2569 1021 2587 non
1039 2559 1251 2588 communicavit
1266 2559 1316 2594 ipsi
1341 2559 1457 2586 similem
1475 2558 1606 2586 virtutem
1626 2564 1654 2586 ct
1671 2559 1760 2586 liono:

970 2637 1007 2671 μὴ
1021 2634 1312 2671 ἀίίλορίζθντιομφήσαςἓ
1334 2632 1401 2659 ἀλλὰ
1420 2633 1485 2671 περὶ
1497 2632 1546 2671 rip;
1560 2633 1642 2671 φιξσιν
1664 2633 1759 2671 decet.

968 2667 1159 2706 ζὸέιεὺαάὀιτὰ
1174 2667 1223 2704 rip)
1237 2669 1361 2706 οεᾳλόγρν
1374 2667 1467 2706 (porum)
1481 2677 1488 2706 ξ
1506 2667 1570 2695 τῶν
1583 2667 1760 2706 διακριτικῶγ

968 2703 1038 2745 aret
1053 2703 1217 2745 πρεὸάζλειξι
1234 2713 1240 2718 ’
1257 2705 1307 2731 οὐκ
1326 2703 1385 2745 ἄρα
1396 2703 1712 2745 ξλλὶπέςλξὶπροσέσςτὲι
1726 2703 1759 2745 ei]

969 2743 1049 2774 φύσει
1065 2737 1113 2768 ’ἑοῦ
1141 2740 1298 2775 Πνεύματος
1321 2737 1360 2774 τῷ
1382 2740 1421 2774 μὴ
1444 2737 1760 2775 προῦάλλειιι,ηοὺδξυτῇ

969 2773 1119 2804 ὖπηστάσει
1131 2785 1139 2792 ο
1151 2773 1319 2811 διακρίνετᾳμ
1330 2773 1388 2809 γὰῤ
1401 2773 1678 2811 ἄρκόύνξεῳςέμᾷλλον
1695 2773 1759 2811 IIIo-3

969 2814 1016 2839 καὶ
1045 2811 1150 2846 Harpe;
1175 2807 1390 2846 μὴ’προὸἀλλοὺ,
1413 2809 1429 2845 ἦ
1448 2811 1485 2846 μὴ
1502 2809 1531 2842 ἐξ
1550 2807 1613 2836 Tim?
1640 2807 1760 2845 προϐαλ-

969 2847 1092 2883 λόμενον,
1108 2846 1155 2874 τὺῦ
1174 2846 1250 2873 Tini).

1537 2927 1575 2961 17
