1945 3088
217 190 271 221 523

787 185 921 217 PHOTII
940 186 1196 216 PATRIARCIIE
1216 186 1270 216 CP.

1802 185 1857 219 52L

217 253 286 275 rem,
301 244 370 271 sicut
383 243 438 278 ipse
452 242 566 277 accepit,
588 245 618 269 ut
635 247 663 269 et
684 242 729 269 ille
749 242 874 276 ejusdem
897 246 1003 269 natura:
1020 244 1040 272 Λ
1057 240 1100 268 nia
1116 241 1208 276 Cyrilli
1235 241 1311 269 Alex.
1331 240 1357 267 in
1375 240 1453 268 Joan.
1476 247 1531 273 xvt,
1557 240 1606 274 15;
1635 240 1709 269 Dial.
1733 242 1765 268 de
1782 242 1857 269 Trin.

215 298 339 325 personte
353 296 496 324 progressu
508 293 535 314 et
551 287 730 315 subsistentia
745 288 830 315 lzctari
852 293 879 315 et
895 287 1004 323 gloriari

216 336 320 370 possit?
342 344 350 359 ι
369 334 461 368 Neque
478 344 487 359 ι
509 334 541 360 ad
561 333 722 361 imitandum
744 333 865 365 Patrem,
883 343 893 360 ι
909 337 939 360 ιιι
956 332 1007 360 ibi-

216 382 277 408 dem
290 371 374 411 addit,
388 380 413 406 id
430 380 549 407 tribuere
562 379 675 414 Spiritui
687 380 728 407 vel
748 379 837 414 potuit
851 379 893 406 vel
910 379 1007 407 debuit

217 425 321 458 Filius;
337 425 457 460 perfecte
479 425 601 452 innitatur
619 425 726 452 Patrem
747 425 849 456 Filius,
872 424 937 452 licet
951 432 1007 451 non

216 475 329 506 generet
343 475 370 498 et
387 471 444 506 ipse
460 470 569 502 Filium,
587 475 613 498 et
634 471 691 506 pari
706 471 791 507 gloria
803 470 905 498 fruitur
920 470 1008 505 Spiri-

217 521 271 548 tus,
290 516 353 543 licet
367 524 419 543 nec
431 517 562 551 producat
584 524 636 544 nec
655 520 783 552 generet;
808 516 927 551 aequales
944 520 1009 544 sunt

217 567 272 589 tres
287 562 463 598 hypostases,
489 563 552 590 licet
579 570 632 590 una
657 563 692 590 sit
722 562 825 597 absque
852 561 1008 597 principio,

219 608 302 635 altera
317 608 351 636 de
364 608 501 644 principio
515 608 681 644 principium
696 629 703 641 ,
723 608 802 635 tertia
819 607 953 634 terminus
966 607 1010 634 di-

219 654 345 681 vinarum
375 655 593 689 processionum.
621 655 714 690 Neque
748 654 1011 681 consubstantialitaa

219 708 266 734 per
279 708 306 727 se
318 704 437 735 spectata
448 708 566 735 unquam
580 701 692 736 ﬂagitat,
705 706 732 728 ut
747 705 774 728 et
789 700 875 728 tertiae
886 707 1012 736 persona:

219 746 347 781 principii
368 747 437 773 ratio
450 751 600 774 asseratur.

255 792 300 819 9.0.
341 792 439 820 Verum
470 793 520 820 hac
552 793 579 820 in
613 801 642 820 re
671 792 765 820 Sedulo
800 793 919 820 notanda
948 796 1013 820 sunt

220 844 280 871 qua:
304 835 377 862 varie
400 844 415 862 a
442 836 557 864 diversis
586 836 772 871 proferuntur.
799 836 879 863 Joan.
910 836 1012 863 Beccus

220 881 373 916 disputans,
402 881 438 907 De
462 890 515 908 una
539 881 610 908 Eccl.
635 890 660 909 c.
678 882 707 908 51
727 882 768 915 (G.
793 882 823 909 0.
839 881 860 915 l,
884 881 1012 913 184486)

221 930 315 953 contra
336 925 465 953 Phurnan
492 926 565 961 (vide
593 933 652 961 cap.
679 925 695 952 8
725 926 814 952 Photii
836 929 896 953 not.
921 925 961 959 Ξ.)
988 929 1015 952 ct

220 971 310 997 caeteri
343 970 430 998 Graeci
459 973 509 1007 τῆς
527 971 651 1002 ὲνώσεως
679 975 784 1003 tenent,
799 979 832 998 ex
848 971 1016 998 immanentc

220 1017 325 1054 origine
344 1017 376 1044 ad
391 1017 715 1047 consubstantialitatem.
727 1017 773 1045 sed
788 1025 844 1044 non
860 1017 919 1044 vice
936 1024 1015 1044 versa

229 1072 261 1094 ea
302 1064 584 1093 consubstantialitate
620 1065 735 1091 duarum
778 1071 958 1098 personarum
983 1063 1015 1090 ad

219 1114 302 1141 unius
326 1113 360 1140 ab
386 1112 469 1139 altera
493 1111 626 1146 originem
651 1110 777 1138 concludi
803 1117 892 1145 posse.
919 1119 928 1135 ι
949 1109 1016 1136 Tres

221 1159 376 1187 Divinitatis
399 1165 532 1193 personae,
554 1157 592 1184 ait
606 1157 710 1184 Beecus
728 1155 759 1192 (Ι.
775 1157 813 1191 c.)
835 1156 1017 1184 communiter

221 1206 293 1234 inter
305 1213 335 1233 se
352 1204 516 1241 participant
540 1204 664 1231 eamdem
689 1208 815 1231 naturam
837 1203 1017 1238 eamdemque

221 1252 407 1283 Divinitatem,
433 1254 461 1277 et
476 1249 548 1284 quod
570 1249 681 1276 insitum
694 1254 736 1276 est
750 1249 796 1276 uni
818 1253 929 1284 propter
942 1257 1017 1276 cam-

221 1300 283 1327 dcm
306 1306 369 1326 cum
386 1297 499 1332 reliquis
515 1300 653 1328 naturam,
677 1296 729 1323 erit
741 1300 769 1323 et
781 1296 887 1323 duobus
900 1295 968 1322 aliis.
984 1296 1017 1323 Et

221 1345 245 1373 si
261 1344 378 1379 Spiritus
399 1347 471 1371 esset
486 1351 517 1372 ex
531 1342 601 1370 Filio
629 1346 742 1377 propter
765 1341 826 1368 Filii
847 1349 908 1368 cum
936 1340 1016 1368 Patre

221 1389 547 1419 consubstantialitatem.
585 1393 659 1416 esset
683 1395 791 1422 quoque
817 1390 844 1414 et
872 1386 958 1413 Filius
983 1394 1015 1413 ex

218 1437 326 1472 Spiritu
352 1442 464 1470 propter
480 1434 601 1469 Spiritus
623 1434 747 1461 eamdem
762 1440 822 1460 cum
840 1432 919 1460 Patre
934 1438 1016 1460 natu-

219 1491 298 1515 ram;
315 1482 356 1509 vel
373 1482 463 1517 potius
478 1482 536 1508 haec
550 1480 600 1507 tria
620 1488 704 1507 unmn
723 1484 795 1507 esset
810 1487 841 1506 ex
855 1480 907 1506 alio
923 1479 1017 1515 ἤμει),-

222 1530 268 1556 ὶον
291 1528 321 1560 ὲξ
337 1528 460 1562 ἀλλήλων
486 1526 519 1554 ἂν
532 1524 603 1562 ἦσαν
618 1526 652 1553 τὰ
671 1525 756 1560 τρία).
781 1527 815 1552 At
830 1533 904 1552 nunc
925 1526 1017 1560 sequi-

1057 295 1084 321 p.
1100 288 1163 319 405,
1180 288 1242 320 408,
1265 287 1370 322 aliaque
1383 295 1397 314 a
1413 286 1455 314 Jo.
1475 287 1574 319 Becco,
1604 288 1690 322 epigr,
1709 297 1746 320 x1,
1763 287 1807 324 (G.
1826 288 1857 315 0.

1058 333 1090 365 Ii,
1113 333 1164 360 (H9
1177 334 1248 368 seq.)
1261 337 1289 360 ct
1305 333 1396 360 [.eouc
1418 332 1516 360 Allatio
1540 332 1653 366 (Vindic.
1677 342 1736 369 syn.
1757 334 1856 368 Eplies.

1058 385 1083 405 c.
1096 378 1143 409 56,
1158 386 1185 412 p.
1202 378 1254 405 172
1271 385 1342 412 seq.,
1354 385 1379 405 c.
1395 377 1440 409 46,
1454 386 1481 413 p.
1497 377 1550 405 ΞΞὸ
1565 381 1635 413 seq.)
1653 378 1860 407 collecta.Nota

1059 429 1101 451 est
1117 425 1161 451 illa
1188 424 1362 452 ratiocinatio
1385 424 1536 460 theologica
1556 423 1649 452 :Filio
1673 425 1860 452 consubstan—

1060 470 1132 497 tialis
1157 474 1199 497 est
1217 469 1345 505 Spiritus,
1373 470 1394 497 si
1412 474 1455 497 est
1469 478 1504 497 ex
1517 470 1578 505 ejus
1601 470 1731 497 essentia.
1756 469 1858 497 Verum

1060 515 1195 550 posterius
1215 520 1350 543 assertum
1370 523 1427 543 non
1452 515 1548 543 eodem
1574 515 1655 543 modo
1682 516 1857 542 conceditur.

1061 560 1339 589 Consubstantialitas
1366 560 1476 595 quidem
1497 569 1544 596 per
1566 569 1594 588 se
1618 565 1645 588 et
1664 569 1696 588 ea:
1718 561 1800 595 ipsius
1834 561 1861 588 vi

1062 609 1132 635 vocis
1145 608 1248 635 nullum
1271 608 1338 635 dicit
1359 612 1514 643 respectum
1530 608 1562 635 ad
1576 607 1754 635 habitudines
1774 607 1861 643 origi-

1061 654 1115 686 nis,
1133 661 1165 681 (ξι
1185 653 1298 681 notione
1322 661 1371 680 sua
1387 661 1442 680 non
1458 653 1593 688 exposcit,
1608 657 1639 680 ut
1651 653 1761 680 nonnisi
1777 653 1810 680 dc
1827 653 1862 680 iis

1061 699 1237 736 praedicetur,
1261 699 1331 727 inter
1354 707 1423 734 quos
1447 707 1534 726 nexus
1560 699 1686 734 principii
1707 703 1736 726 et
1758 699 1862 733 princi-

1062 747 1129 782 piati
1160 746 1322 778 intercedat,
1343 754 1405 774 cum
1421 746 1502 773 etiam
1529 746 1625 782 fratres
1649 746 1705 772 sint
1720 745 1862 772 acdican-

1064 797 1108 820 tur
1123 792 1195 819 inter
1212 799 1241 820 se
1256 791 1522 824 consubstantiales;
1541 795 1660 817 attamen
1675 791 1696 818 si
1715 791 1746 817 de
1762 790 1862 817 divina:

1067 839 1204 867 Trinitatis
1233 839 1352 873 personis
1387 837 1655 865 consubstantialitas
1684 837 1860 872 przcdicatur,

1065 886 1159 921 negari
1169 892 1281 921 prorsus
1294 893 1348 912 non
1363 888 1463 919 potest,
1480 892 1539 911 eam
1549 892 1610 911 cum
1624 883 1736 919 originis
1748 883 1862 910 notione

1066 931 1204 958 cohaerere
1224 935 1252 958 et
1271 938 1285 957 a
1298 930 1371 966 [508]
1386 930 1529 963 posteriori
1548 929 1695 956 illationcm
1721 927 1862 955 habitudi—

1066 975 1109 1003 nis
1125 977 1158 1004 ad
1175 976 1307 1012 originem
1327 975 1475 1011 spectantis
1489 983 1520 1002 ex
1535 974 1677 1002 homonsia
1694 973 1752 1001 ﬁeri
1768 981 1860 1007 posse,

1067 1031 1121 1050 non
1143 1030 1193 1058 pro
1212 1023 1292 1051 insita
1311 1022 1435 1050 vocabuli
1457 1022 1543 1058 ipsius
1562 1022 1599 1053 vi,
1613 1022 1660 1048 sed
1686 1028 1735 1056 pro
1755 1021 1863 1047 ratione

1067 1076 1098 1095 ac
1111 1073 1207 1095 natura
1249 1067 1393 1095 Trinitatis
1430 1067 1507 1103 juxta
1538 1067 1671 1105 principia
1710 1065 1862 1100 theologica

1067 1115 1179 1142 omnino
1201 1114 1421 1147 certa.Quoista
1435 1113 1577 1140 Ratramni
1605 1113 1743 1148 pertinere
1765 1112 1861 1139 viden-

1068 1165 1111 1188 tur
1125 1161 1143 1195 (l
1160 1169 1190 1192 ιι,
1206 1168 1231 1188 c.
1246 1161 1263 1187 5
1282 1169 1308 1196 p.
1324 1160 1387 1195 252)
1401 1169 1407 1187 :
1431 1170 1440 1186 ‹
1456 1160 1638 1187 Monstratutn
1658 1159 1751 1194 igitur,
1779 1159 1812 1185 ah
1828 1166 1860 1184 to

1068 1206 1158 1241 (Filio)
1177 1207 1324 1242 procedere
1348 1206 1488 1241 Spiritum,
1516 1206 1595 1241 cujus
1619 1210 1660 1232 est
1684 1210 1789 1232 natura:
1811 1212 1862 1231 scn

1068 1254 1245 1285 substantiae;
1269 1262 1350 1289 neque
1370 1254 1439 1280 enim
1457 1257 1540 1287 potest
1562 1253 1676 1287 ejusdem
1694 1256 1798 1278 natura:
1813 1259 1862 1277 seu

1066 1299 1231 1331 substantiis,
1250 1300 1325 1334 cujus
1340 1304 1376 1325 est
1392 1299 1485 1331 Filius,
1502 1307 1556 1325 esse
1571 1298 1726 1332 (ὁμοούςιην
1745 1297 1782 1332 τῷ
1804 1298 1862 1332 Tit?)

1067 1345 1158 1380 εἶναι),
1175 1346 1225 1372 nisi
1241 1345 1366 1380 procedat
1380 1346 1412 1372 ab
1428 1345 1483 1372 illo.
1502 1355 1510 1370 ι
1529 1345 1580 1378 Qui
1594 1345 1664 1371 hanc
1682 1345 1862 1379 posteriorem

1067 1391 1215 1419 illationcm
1229 1399 1282 1418 non
1301 1391 1459 1422 admittunt,
1471 1391 1536 1418 illud
1553 1390 1671 1418 maxime
1681 1395 1821 1422 verentur,
1832 1395 1864 1417 ut

1067 1446 1100 1465 ex
1115 1438 1197 1465 Becco
1214 1438 1306 1465 videre
1319 1437 1392 1470 licet,
1408 1445 1442 1464 ne
1458 1442 1485 1464 et
1499 1436 1610 1472 Spiritui
1631 1441 1726 1465 sancto
1741 1437 1862 1472 προϐολὴ

1067 1484 1220 1511 ascribatnr
1240 1491 1310 1511 neve
1323 1483 1352 1515 ἐξ
1370 1483 1495 1518 ἀλλήλων
1510 1488 1567 1510 tres
1583 1491 1706 1518 persona:
1721 1483 1756 1509 ita
1767 1483 1864 1509 existi—

1068 1535 1187 1562 mentur,
1202 1534 1230 1556 ut
1243 1530 1370 1564 quzelihet
1382 1537 1496 1564 persona
1514 1529 1626 1556 alterius
1639 1529 1772 1556 habeatur
1788 1529 1865 1563 prin-

222 1580 268 1602 tur
297 1573 407 1608 quidem
434 1571 531 1599 Filium
558 1579 618 1599 esse
652 1571 724 1598 Ρίιιτὶ
758 1572 1015 1599 consubstantialem
1030 1583 1052 1610 ο
1069 1575 1355 1611 cipiumetreciproca
1368 1575 1511 1610 productio
1527 1579 1672 1602 statuatur.
1683 1575 1737 1602 Sed
1748 1582 1801 1601 non
1810 1575 1860 1602 ad-

224 1618 366 1654 (ὸμοφυῆ),
389 1617 452 1652 quia
470 1625 502 1644 ex
519 1617 638 1644 essentia
651 1621 693 1644 est
710 1617 808 1648 Patris,
829 1624 880 1644 nec
893 1616 954 1644 ideo
969 1624 1016 1645 co-

223 1666 294 1700 gitur
320 1664 399 1691 Pater
419 1671 480 1691 esse
505 1671 537 1690 ex
552 1663 632 1694 Filio,
656 1663 718 1697 quia
744 1663 867 1690 eamdem
888 1668 1014 1690 naturam

222 1711 307 1739 habet
324 1710 404 1738 Pater
419 1718 480 1737 cum
495 1709 575 1736 Filio.
588 1708 663 1745 {507]
680 1709 707 1736 Si
722 1709 786 1744 quid
801 1710 873 1736 enim
889 1717 921 1736 ex
937 1709 1015 1736 Patre

223 1755 308 1783 veluti
332 1754 427 1786 Filius,
454 1754 480 1782 id
495 1759 522 1782 et
534 1754 607 1781 Patri
635 1754 865 1782 consubstantiale
880 1759 931 1785 est,
951 1754 1014 1789 quia

222 1802 288 1830 illud
304 1809 337 1828 ex
354 1801 472 1828 essentia
495 1800 583 1827 Patris
601 1804 653 1833 est,
671 1808 726 1827 non
741 1807 805 1828 vero
825 1800 847 1827 si
865 1801 929 1835 quid
949 1809 1015 1828 con-

222 1847 402 1875 substantiale
415 1851 458 1874 est
470 1854 532 1874 cum
555 1847 656 1882 aliquo,
679 1847 730 1874 hoc
746 1846 829 1874 veluti
843 1851 871 1873 et.
885 1853 919 1873 ex
934 1845 1015 1874 Patre

222 1894 345 1929 ejusdem
358 1893 484 1920 essentia:
500 1898 551 1921 est.
566 1893 612 1920 Sic
627 1894 709 1929 igitur
724 1897 750 1920 et
766 1891 883 1928 Spiritus
903 1893 1015 1921 consub—

219 1940 357 1967 stantialis
373 1944 410 1966 est
424 1939 510 1970 Filio;
526 1940 588 1974 quia
603 1947 634 1966 ea:
648 1940 761 1967 essentia
779 1945 814 1967 est
828 1939 908 1973 Filii;
921 1944 949 1966 at
965 1947 1015 1965 non

222 1987 286 2021 quia
312 1985 547 2012 consubstantialis
570 1985 649 2018 Filio,
674 1986 732 2013 ideo
746 1990 770 2013 et
785 1995 817 2013 επ
834 1986 912 2013 Filio.
933 1985 1016 2012 Nam-

223 2039 276 2066 que
292 2030 314 2057 si
330 2030 356 2057 id
376 2034 460 2060 esset,
489 2033 562 2058 esset
585 2034 614 2057 et
631 2037 664 2057 ex
682 2030 784 2064 Spiritu
808 2029 903 2061 Filius,
929 2028 1016 2063 siqui-

223 2077 284 2104 dem
301 2083 332 2103 ea
348 2083 408 2110 qua:
431 2075 553 2110 ejusdem
574 2076 700 2103 essentia:
719 2080 793 2108 sunt,
821 2075 891 2102 inter
904 2083 933 2102 se
949 2082 1016 2102 con-

223 2126 368 2150 vertuntur
395 2121 445 2156 (Ι).
460 2131 469 2147 ι
502 2121 634 2148 Similiter
659 2125 687 2148 et
709 2121 754 2148 alii
779 2121 904 2148 catholici
930 2120 1015 2148 Grieci

223 2169 374 2196 decernunt
394 2167 443 2203 (2).
467 2167 539 2194 Nulli
565 2175 631 2195 sane
650 2166 844 2195 controversiae
868 2167 895 2194 id
927 2171 1016 2202 potest

223 2221 284 2241 esse
307 2213 465 2245 obnoxium,
487 2213 748 2240 consubstantialem
768 2212 830 2240 ideo
854 2220 935 2239 unam
954 2220 1015 2247 per-

1067 1625 1178 1649 vertunt
1193 1621 1307 1648 minime
1324 1621 1366 1657 agi
1379 1621 1412 1648 de
1429 1626 1522 1648 mutua
1538 1621 1729 1656 productione,
1746 1629 1805 1655 qua:
1816 1623 1864 1648 ah-

1067 1667 1179 1695 surdum
1193 1667 1319 1699 includit,
1329 1667 1377 1694 sed
1392 1667 1425 1695 de
1438 1667 1596 1695 habitudine
1609 1675 1640 1694 ac
1652 1675 1724 1694 nexu
1735 1667 1862 1703 originis,

1067 1721 1121 1747 quo
1138 1721 1191 1740 una
1205 1721 1320 1748 persona
1331 1713 1454 1746 alterius,
1466 1721 1526 1748 qua:
1538 1714 1562 1740 ci
1575 1713 1866 1741 consubstantialisdi-

1066 1759 1191 1791 citur,vel
1201 1758 1366 1793 principium
1377 1762 1420 1785 est
1429 1758 1470 1785 vel
1479 1758 1513 1785 ab
1524 1766 1554 1785 ea
1567 1758 1739 1793 principiata.
1749 1759 1858 1786 Mannel

1066 1805 1187 1834 Calecas,
1203 1805 1345 1832 Bessarion
1357 1809 1385 1832 et
1406 1804 1559 1832 Demetrius
1578 1803 1716 1840 Cydouius
1730 1805 1863 1840 duplicem

1066 1855 1190 1878 statuunt.
1206 1850 1517 1878 consubstantialitatem
1531 1850 1587 1884 jam
1605 1857 1620 1877 a
1638 1849 1724 1877 Becco
1736 1850 1775 1886 (5)
1795 1851 1865 1877 insi-

1067 1901 1187 1928 nuatam,
1209 1896 1362 1930 docentqne
1381 1895 1500 1930 primum
1521 1894 1581 1929 ejus
1596 1902 1681 1930 genus
1697 1895 1730 1922 de
1746 1895 1779 1922 iis
1793 1902 1865 1930 prm-

1066 1942 1161 1973 dicari,
1187 1950 1248 1976 qua:
1263 1942 1386 1969 eamdem
1418 1941 1520 1968 habent
1548 1945 1685 1973 naturam,
1704 1941 1754 1968 etsi
1779 1949 1865 1968 unum

1067 1988 1100 2014 ab
1115 1987 1167 2014 alio
1181 1991 1341 2022 prognatum
1365 1994 1420 2014 non
1435 1987 1527 2019 fuerit,
1548 1991 1578 2013 ut
1594 1987 1690 2014 Petrus
1703 1991 1731 2013 et
1744 1987 1865 2021 Paulus;

1066 2033 1180 2060 alterum
1204 2040 1267 2060 vero
1280 2040 1366 2067 genus
1385 2040 1470 2059 unum
1491 2039 1552 2059 cum
1570 2032 1657 2059 altero
1672 2032 1708 2059 ita
1722 2032 1864 2067 copulare,

1067 2083 1098 2106 ut
1123 2086 1170 2113 per
1190 2078 1279 2113 ipsum
1304 2083 1350 2105 aut
1372 2086 1406 2105 ex
1421 2078 1480 2113 ipso
1507 2077 1670 2105 naturaliter
1680 2078 1817 2105 exsistens
1830 2086 1864 2106 ac

1067 2125 1238 2153 substantive
1261 2125 1351 2159 (Allat.
1377 2124 1452 2152 Vind.
1467 2133 1527 2159 syn.
1544 2124 1612 2158 Eph.
1629 2132 1653 2151 c.
1673 2124 1717 2156 46,
1731 2133 1759 2159 p.
1779 2125 1864 2158 227);

1068 2171 1119 2198 hoc
1133 2170 1267 2205 posterius
1281 2178 1367 2206 genus
1385 2171 1494 2205 proprie
1507 2170 1575 2197 illud
1588 2178 1687 2197 nomen
1702 2170 1754 2198 sibi
1771 2179 1864 2198 merc-

1068 2215 1101 2248 ri,
1115 2220 1143 2243 et
1159 2215 1246 2242 solum
1265 2216 1352 2243 locum
1367 2215 1466 2242 habere
1482 2215 1508 2242 in
1517 2215 1626 2247 divinis,
1642 2219 1672 2242 ut
1686 2215 1864 2250 Calecas(lib.

223 2268 318 2287 sonam
333 2268 393 2288 esse
405 2259 494 2290 alteri,
519 2259 581 2294 quia
593 2259 666 2286 illam
687 2259 760 2286 inter
771 2264 797 2286 et
812 2258 883 2286 hanc
903 2258 1015 2294 originis
1029 2261 1055 2290 D
1070 2269 1099 2294 ιι,
1115 2269 1143 2296 p.
1160 2260 1223 2296 407)
1234 2261 1345 2296 exponit
1368 2261 1416 2296 ti}.
1434 2260 1487 2288 Sed
1508 2261 1694 2288 necessarium
1719 2269 1772 2288 non
1787 2261 1869 2288 vide-

223 2316 310 2335 nexus
323 2307 475 2335 intercedat
490 2311 517 2334 et
532 2306 642 2334 Patrum
670 2305 793 2334 doctrina
805 2306 916 2333 omnino
937 2306 1015 2340 plana

223 2360 276 2385 est,
299 2354 442 2388 ὁμοοὺσιον
464 2354 509 2379 τὸν
528 2352 592 2379 Υἱδν
609 2351 648 2387 τῷ
670 2352 757 2386 Harp).
768 2350 849 2384 εἶναι,
866 2352 907 2377 ὅτι
923 2351 952 2383 ἐξ
967 2352 1017 2377 αὺ-

222 2400 270 2427 τοῦ
289 2400 306 2435 ἦ
326 2399 356 2431 ἐξ
374 2399 468 2430 οὐσίας
478 2398 561 2425 αὑτοῦ
579 2398 663 2425 ἐστίν.
687 2398 716 2425 ld
732 2397 881 2425 ostendunt
896 2397 1018 2425 testimo-

260 2456 298 2490 (l)
321 2455 355 2482 El.’
371 2465 397 2482 τι
419 2455 474 2490 γὰρ
501 2455 533 2481 ὲκ
557 2454 604 2481 τοῦ
631 2453 750 2490 Harpe;
765 2453 833 2490 ὡςρ
850 2453 923 2490 nec.
941 2453 1020 2490 τοῦτρ

222 2487 273 2518 xu).
291 2487 438 2526 ’ὁμοορσιοῆι
460 2487 499 2525 ῖτῷ
523 2490 611 2526 [lupi
632 2489 677 2526 διᾲ
693 2487 724 2515 se.
741 2490 773 2526 tr.
796 2489 846 2526 τεῆς
863 2489 956 2526 onata;
972 2487 1019 2514 τοῦ

223 2523 331 2560 Πατρέἱς
350 2524 419 2552 εἶναι
437 2523 518 2552 ante"
535 2526 566 2551 οὺ
582 2523 635 2559 μὴν
650 2524 677 2551 εἴ
690 2533 716 2550 τι
733 2524 780 2560 καὶ
796 2523 938 2560 ὁμοούσιόν
953 2532 1017 2560 τινι,

222 2561 304 2588 τοῦτο
319 2561 366 2587 καὶ
378 2561 463 2591 (bii-.7.
476 2560 583 2595 Πατρὸς
596 2559 642 2586 τοῦ
656 2559 885 2595 ὁμριψσίφρλὲνστίν
901 2567 908 2574 υ
925 2559 973 2585 καὶ
989 2559 1021 2595 τὸ

222 2595 337 2630 Πνεῦμα
360 2595 426 2629 γοῦν
447 2593 590 2630 ὀμοούὰιον
610 2594 651 2629 τῷ
674 2593 746 2629 Υἱῴ,
769 2593 828 2630 ἀλλ’
853 2595 895 2620 ὅτι
909 2593 1021 2630 Aeaei};

223 2628 327 2669 φὺςίᾴς-
336 2628 383 2657 τοῦ
400 2628 470 2669 Ϊξὶᾳΰ
482 2639 490 2646 ·
509 2630 619 2669 ολόημὴν
639 2630 705 2669 ξιόῖι
724 2629 870 2669 ῥμοεύσιογ
887 2628 925 2669 ῖῷ
935 2628 1019 2669 "Titii,

223 2667 269 2695 διὰ
281 2661 362 2694 τόῦτο
378 2666 426 2692 καὶ
438 2666 470 2692 ὲκ
485 2665 532 2692 τοῦ
545 2661 625 2692 Υἶοῢ·
639 2663 719 2700 ἦγὰρ
731 2661 763 2690 ἄν
779 2661 811 2700 ἦν
826 2665 873 2700 κα)
887 2661 1022 2700 salivati-

224 2711 310 2738 pato;
332 2702 346 2728 ὁ
372 2701 447 2738 Υἱρς,
471 2702 552 2736 εἴπερ
578 2698 752 2735 ἀντιάτνρέὶρει
769 2698 800 2725 τὺ
821 2698 890 2734 πρὸς
917 2698 1019 2733 ἄλληλα

222 2736 316 2765 ἁύτῶν
328 2736 487 2771 ὀμοούσιην.

259 2773 298 2807 (2)
322 2768 367 2811 Ci:
384 2771 465 2811 Allat.
482 2771 642 2811 Vindiusyii:
659 2770 727 2811 Eph:
745 2779 776 2811 ελ
786 2770 831 2802 45,
848 2777 874 2804 p.
895 2768 951 2811 Si?
964 2776 1022 2811 seq.

223 2803 321 2842 Georg.
341 2807 481 2833 Metochit.
500 2803 731 2833 contra'Manucl.
756 2803 873 2832 Cretans.
890 2811 916 2832 c.
936 2804 962 2831 5.
980 2803 1024 2838 (ϐ.

223 2841 333 2876 ο.11,“ι).
344 2842 396 2869 972
409 2841 479 2876 seq.)

260 2874 413 2910 (5)_Beccus
429 2874 532 2910 (Epigr.
556 2884 599 2908 x1;
617 2875 649 2902 G.
668 2875 698 2903 Ο.
717 2874 750 2906 ll,
767 2883 796 2909 p.
816 2874 879 2909 6l9)
895 2884 901 2902 :
923 2874 1020 2910 Εὶγάρ

223 2912 294 2938 κατὰ
321 2911 399 2937 ἄλλον
427 2911 489 2937 τινὰ
502 2911 581 2945 λόγον
597 2911 820 2946 ὁμοουςιότητης,
841 2910 931 2942 ὁποῖός
947 2910 1020 2936 ἐστιν

1070 2312 1122 2340 tur,
1131 2307 1228 2342 duplex
1236 2307 1310 2342 [509]
1318 2306 1699 2341 consubstanlialltatisgeuus
1706 2314 1864 2339 secernere,

1069 2359 1163 2378 verum
1190 2351 1360 2379 solummodo
1381 2351 1550 2386 distinguere
1565 2351 1637 2378 inter
1654 2351 1771 2379 nativam
1788 2353 1866 2379 vocis

1070 2397 1295 2432 signiﬁcationem
1309 2402 1337 2425 et
1350 2405 1420 2430 eam,
1437 2405 1497 2432 qua:
1510 2405 1542 2424 ex
1556 2398 1679 2432 subjecto
1703 2398 1864 2426 attributio-

1071 2455 1084 2482 ὁ
1100 2455 1164 2489 περὶ
1176 2453 1222 2480 δύο
1238 2453 1319 2481 τινῶν
1335 2454 1486 2488 ὁμοουσίων
1510 2454 1667 2489 λεγόμενος,
1691 2455 1720 2480 ὲν
1743 2451 1783 2486 οἷς
1810 2457 1863 2482 οὐκ

1072 2489 1129 2525 ἐσῖι
1146 2489 1189 2515 διὰ
1199 2489 1249 2525 γτοῦ
1263 2489 1358 2524 ἑτέρου
1374 2490 1405 2515 τὸ
1425 2490 1531 2525 ἕτερον,
1551 2488 1590 2525 ἦηι
1607 2489 1637 2515 τὸ
1659 2489 1772 2525 [lyrasz
1796 2489 1865 2516 ἴδιον

1072 2524 1118 2550 τοῦ
1144 2524 1222 2556 Υἱοῦ,
1248 2525 1294 2550 καὶ
1310 2522 1352 2550 ’ὲκ
1370 2524 1419 2559 τῆς
1434 2522 1591 2555 οὑέίας’τὸῦ
1612 2524 1689 2555 Υἱοῦ,
1709 2522 1749 2559 ﬁt
1762 2524 1795 2550 ἂν
1816 2527 1866 2552 καὶ

1073 2560 1086 2586 ὁ
1101 2559 1162 2591 Υἱὸς
1177 2560 1241 2590 ἴδιος
1256 2559 1303 2585 τοῦ
1326 2559 1484 2594 Πνεύματος
1508 2561 1556 2587 καὶ
1576 2560 1609 2586 ὲκ
1631 2560 1680 2594 τῆς
1697 2559 1791 2590 οὐσίας
1814 2562 1865 2587 τοῦ

1074 2594 1300 2628 Πνεύματοςιδιὰ
1319 2594 1550 2630 τδνάντιστρέφον
1572 2596 1621 2630 τῆς
1645 2594 1774 2630 τοιαύτης
1798 2595 1866 2629 ὀμο-

1073 2630 1241 2664 ουσιότητος,
1256 2630 1323 2665 ὅπερ
1338 2629 1399 2655 οὔτε
1412 2631 1513 2665 ὲῤῥέθη
1527 2631 1603 2665 παρά
1624 2638 1696 2665 τινος
1711 2629 1767 2655 τῶν
1778 2630 1866 2663 ἁγίων

1074 2664 1136 2701 obes
1153 2664 1389 2701 ῥηθήσεταιπθτεν
1406 2684 1417 2696 .,
1428 2664 1443 2691 7.
1466 2684 1473 2691 .
1489 2667 1505 2699 ὴ
1520 2664 1673 2701 δὲροιαύτη
1685 2665 1867 2701 ὁμοουσιότης

1076 2699 1137 2735 οὐδὲ
1153 2701 1253 2735 κυρίως
1264 2700 1452 2735 ὁμοουσιότης,
1474 2709 1501 2726 κ.
1514 2708 1539 2726 τ.
1553 2699 1578 2728 λ.

1113 2734 1227 2768 (“Quae
1241 2734 1379 2767 Petavius,
1394 2735 1432 2762 De
1452 2734 1525 2761 Trin.
1547 2743 1593 2767 vn,
1611 2742 1637 2762 c.
1655 2735 1681 2765 4,
1703 2742 1730 2760 n.
1752 2735 1796 2767 Η,
1819 2735 1864 2769 12,

1077 2769 1110 2796 de
1126 2769 1214 2796 Basilii
1233 2769 1361 2805 ctCyrilli
1384 2770 1502 2797 leuibus
1523 2769 1566 2797 hic
1584 2770 1680 2798 adduci
1697 2770 1785 2798 solitis
1806 2770 1866 2797 dis-

1078 2805 1155 2834 serit,
1174 2812 1204 2831 ea
1226 2812 1281 2833 non
1310 2805 1447 2832 immerito
1464 2813 1478 2831 a
1495 2806 1613 2832 cordatis
1638 2805 1783 2840 'lheologis
1803 2809 1866 2832 tan-

1077 2847 1157 2874 quam
1186 2847 1240 2865 non
1261 2840 1325 2866 satis
1348 2845 1472 2867 accurata
1500 2840 1633 2874 expositio
1664 2840 1865 2874 traducuntur;

1078 2882 1166 2937 nequp
1187 2874 1291 2937 fAlllatio
1314 2875 1380 2902 locis
1400 2875 1458 2903 citt.
1483 2875 1573 2903 debita
1599 2883 1708 2911 semper
1734 2876 1865 2911 ἀκρίϐεια

1078 2917 1176 2937 Dl‘l‘BSO
1200 2918 1222 2936 ul
1240 2929 1247 2937 ι

1078 2913 1176 2945 praesto
1187 2913 1247 2938 fuit.
