1945 3088
138 185 189 219 525

486 184 536 214 DE
555 184 586 214 S.
606 183 705 215 SPIR.
726 183 980 216 MYSTAGOGIA.
1002 196 1035 202 ·-·
1048 183 1423 215 ANIMADVERSIONES.

1725 180 1779 214 526

139 246 179 273 nis
196 244 285 273 eidem
302 242 417 272 accedit.
431 242 562 279 Theologi
586 242 729 270 formalem
748 243 931 271 consubstan-
946 246 970 274 Α
983 241 1061 269 Patri
1078 242 1204 277 Spiritus.
1218 241 1344 277 Amplius
1360 249 1366 267 :
1384 240 1518 274 Quoniam
1541 239 1780 268 consubstantiaiis

140 291 262 319 tialitatis
271 291 406 318 rationem
414 290 441 317 in
449 289 576 317 essentia:
587 289 691 316 unitate
698 294 846 324 reponunt,
861 298 912 317 cau
920 306 929 311 -

136 345 191 366 sam
213 336 382 364 materialcm
399 336 427 363 in
442 336 626 372 hypostaseon
639 335 931 370 pluralitate,ellicien-

136 387 187 412 tem
201 391 267 410 vero
281 383 307 410 in
329 382 490 410 habitudine
507 381 635 418 principii
648 386 676 409 et
687 382 853 417 principiati.
875 381 931 410 Nec

135 437 226 457 eorum
242 428 415 456 ratiocinatio
439 428 605 464 spernenda,
621 436 674 464 qua
694 428 732 455 ita
749 428 927 456 concludunt:

135 476 210 509 Quod
226 475 248 502 si
268 476 341 503 inter
362 475 470 503 divinas
495 482 627 509 personas
658 475 930 503 eonsubstantialitas

136 522 308 556 prmdieatur,
322 528 354 548 ea
372 521 436 549 inde
448 520 546 554 oritur,
568 520 640 556 quod
656 528 744 548 nexus
758 520 870 557 originis
885 521 930 548 in-

136 571 175 594 ter
196 574 243 594 eas
272 566 434 600 intercedit};
459 566 576 601 proinde
599 566 623 593 si
654 565 739 594 Filius
764 570 792 593 et
811 565 929 601 Spiritus

135 613 204 640 inter
216 620 246 640 sc
260 611 512 639 eonsubstantiales
532 611 672 644 dicuntur,
686 610 755 638 ratio
766 618 801 640 ex
817 611 930 647 originis

135 666 204 686 nexu
220 658 258 686 ita
266 658 425 693 repetenda,
443 662 474 686 ut
489 665 560 685 unus
577 658 611 685 ad
625 657 742 685 alterum
757 660 787 684 ut
801 656 836 684 ad
854 656 930 691 prin-

134 704 235 739 cipium
257 703 404 732 referatur.
422 703 490 731 Cum
515 711 591 736 vero,
614 702 762 738 quominus
781 701 841 730 Filii
857 702 931 729 diea-

136 759 196 779 mus
218 750 383 786 principium
403 750 534 786 Spiritum
559 753 683 778 sanctum
705 748 773 776 ordo
790 748 931 777 Trinitatis

135 798 287 834 prohibeat,
314 797 413 825 Filium
436 797 555 832 Spiritus
588 795 676 823 sancti
697 793 864 830 principium
882 794 932 822 ha-

135 845 246 873 beamus
274 848 383 879 oportet
409 843 461 879 (Gl.
480 842 635 880 Bessarion.
658 841 704 870 0r.
727 840 816 876 dogm.
842 849 868 868 c.
895 840 929 875 6;

135 890 217 919 "ard.
231 891 279 924 ΙΧ,
292 890 437 925 555-356).

169 937 214 965 21.
238 937 276 964 Ex
292 936 371 964 dictis
393 936 510 971 iudicari
537 939 628 971 potest
651 935 685 963 de
702 935 745 969 iis,
771 943 832 971 quae
855 934 933 970 Hugo

136 982 301 1010 Etherianus
317 982 347 1018 (l.
363 981 396 1016 11,
409 990 435 1010 e.
450 981 495 1015 20,
509 990 537 1017 p.
552 981 632 1017 1255)
651 986 746 1009 contra
761 981 826 1009 illud
844 989 934 1009 asser—

135 1033 192 1055 tum
206 1036 258 1055 non
271 1028 361 1055 eodem
373 1032 451 1062 pacto
466 1026 598 1062 Spiritum
616 1026 867 1054 consubstantialem
882 1026 935 1053 dici

137 1074 215 1107 Filio,
236 1082 287 1108 quo
301 1074 533 1101 consubstantialis
545 1074 646 1101 dicitur
664 1073 752 1107 Patri,
768 1073 796 1100 in
813 1073 934 1100 medium

137 1120 250 1156 profert.
267 1129 276 1146 ε
295 1119 330 1146 At
344 1127 417 1152 vero,
439 1119 489 1152 ait,
512 1118 581 1147 mihi
595 1119 704 1147 videtur
718 1126 772 1146 non
789 1123 864 1146 recte
880 1116 934 1146 diei

135 1165 368 1194 consubstantiale
390 1165 531 1200 pratdicari
558 1165 690 1200 wquivoce
706 1165 740 1192 de
761 1164 848 1192 tribus
873 1172 936 1200 per-

137 1211 221 1239 sonis.
237 1211 462 1239 lnconvenientia
479 1211 553 1239 enim
570 1215 723 1246 sequuntur
736 1214 764 1238 et
776 1210 934 1246 impossibi-

136 1256 172 1283 lia
189 1256 315 1291 quamvis
331 1256 458 1291 plurima.
475 1256 545 1284 Nam
561 1257 584 1284 si
596 1256 712 1291 Spiritus
726 1257 935 1284 consubstantia-

137 1302 171 1328 lis
183 1306 220 1328 cat
232 1300 321 1333 Patri,
335 1309 365 1328 eo
377 1301 446 1336 quod
460 1309 492 1328 em
505 1301 571 1335 ipsa.
585 1301 737 1336 procedere
761 1299 935 1328 substantiale

138 1350 180 1374 est
202 1346 327 1381 Spiritui.
350 1346 457 1373 Etenim
482 1347 504 1374 si
534 1347 662 1374 Socrates
685 1346 791 1374 Platoni
814 1347 934 1375 consub-

138 1393 282 1426 stantialis,
310 1393 374 1428 quia
396 1393 536 1422 rationalis
562 1398 613 1426 est,
642 1392 777 1421 ambobus
803 1393 935 1420 rationale

136 1438 354 1467 auhstantialiter
377 1439 466 1466 inesse
484 1439 635 1474 contingit;
654 1442 682 1466 at.
697 1446 763 1466 vero
785 1438 936 1474 procedere

138 1494 227 1521 neque
251 1485 323 1513 Patri
347 1493 436 1520 neque
451 1485 531 1513 .Filio
560 1485 742 1523 substantiale
765 1489 824 1518 est;
853 1485 935 1520 igitur

138 1538 194 1558 non
221 1535 285 1558 sunt
299 1530 422 1566 ejusdem
441 1535 545 1559 natura:
566 1538 629 1558 cum
646 1530 725 1558 Patre
744 1530 830 1558 Filius
853 1535 936 1566 atque

139 1576 270 1612 Spiritus.
291 1576 369 1610 Quod
384 1577 407 1604 si
432 1585 527 1604 verum
549 1582 667 1611 constet,
691 1585 747 1605 non
771 1582 836 1605 sunt
863 1585 934 1606 unus

138 1622 222 1656 Deus,
246 1624 375 1658 quoniam
404 1623 638 1650 eonsubstantiale
663 1631 719 1650 non
736 1623 878 1658 aequaliter
905 1628 934 1651 et

138 1668 257 1696 univoce
265 1669 300 1696 de
315 1668 402 1696 tribus
413 1669 576 1704 praedicatur
586 1669 720 1704 personis.
729 1669 808 1702 Quod
822 1669 933 1704 quidem

136 1720 167 1743 et
188 1714 372 1750 Photioj3l0]
390 1716 460 1750 (cap.
486 1715 531 1749 55)
554 1714 661 1742 videtur
682 1715 806 1743 dicenti:
835 1724 844 1741 ε
861 1715 934 1743 Con-

105 1794 110 1798 .
137 1761 326 1788 suostantiale
338 1761 449 1795 quidem
472 1760 586 1788 omnino
601 1761 636 1788 ad
653 1765 798 1796 utrumque
809 1761 932 1794 vocibus,

135 1810 232 1834 etnon
248 1806 456 1842 signiﬁcatione.
473 1805 612 1839 reddimus
626 1806 676 1841 (εἰ),
693 1815 702 1832 ι
721 1806 769 1833 sed
785 1814 839 1833 non
852 1807 932 1834 bene.

137 1852 208 1880 Nam
243 1851 432 1879 substantialia
458 1851 488 1886 (l.
514 1851 768 1886 consubstantialia)
810 1851 933 1887 ejusdem

137 1903 205 1927 sunt
220 1897 381 1925 substantiae
403 1903 486 1932 atque
509 1901 631 1930 naturae;
653 1905 715 1932 quac
731 1904 795 1926 vero
810 1897 934 1932 ejusdem

135 1940 298 1973 substantiae
318 1947 400 1978 atque
423 1948 528 1971 natura
546 1947 620 1976 sunt,
649 1943 776 1971 eamdem
799 1943 933 1971 rationem

136 1991 300 2020 substantiae
318 1990 486 2025 suscipiunt;
508 1997 594 2025 quare
620 1990 676 2025 (ed.
695 1989 822 2025 quarum)
841 1989 934 2017 omnia

138 2036 381 2065 consubstantialia
397 2035 522 2064 eamdem
539 2035 701 2064 substantiae
722 2035 876 2071 suscipiunt
888 2043 933 2063 ra~

138 2083 254 2113 tionem.
280 2082 341 2116 Quo
368 2083 408 2116 tit,
444 2086 475 2110 ut
491 2082 723 2111 consubstantiale
749 2082 783 2110 de
806 2082 934 2110 omnibus

137 2128 419 2156 consubstantialibus
446 2128 570 2155 similiter
582 2132 610 2156 et
627 2129 716 2156 eodem
741 2128 818 2155 modo
845 2135 934 2155 enun-

139 2176 235 2203 tietur.
263 2174 336 2203 Sane
349 2175 420 2202 sicut
433 2166 629 2210 specialissima
649 2175 755 2210 species
768 2175 801 2203 de
811 2175 869 2202 suis
891 2175 934 2202 in-

138 2221 262 2249 dividuis
289 2220 453 2256 praedicatur
467 2228 473 2247 :
490 2220 530 2248 sic
546 2221 639 2256 utique
660 2221 731 2248 Deus
742 2226 770 2249 et
783 2222 933 2249 substantia

982 294 1025 316 est
1038 288 1156 324 Spiritus
1179 288 1264 321 Patri,
1282 296 1337 315 non
1364 287 1457 315 ditlert
1470 295 1485 314 a
1510 286 1610 320 Patre;
1631 295 1697 323 ergo
1711 295 1781 323 quo—

982 335 1055 362 niam
1092 334 1227 370 procedit,
1263 342 1316 362 non
1343 339 1386 361 est
1413 334 1438 362 ei
1463 334 1713 362 consubstantialis.
1747 334 1781 362 At

981 381 1123 409 enimvero
1167 380 1293 416 quamvis
1331 381 1422 413 detur,
1467 380 1780 409 consubstantialitatem

981 426 1095 463 praecise
1118 435 1167 463 per
1180 434 1210 454 so
1223 421 1374 462 spectatam
1390 434 1444 454 non
1460 427 1553 454 dicere
1574 434 1676 454 nexum
1697 426 1780 462 origi-

981 473 1036 506 nis,
1062 477 1091 500 ct
1116 480 1179 500 cum
1208 480 1262 500 una
1288 473 1409 501 essentia
1432 472 1468 500 sit
1486 472 1513 499 in
1530 472 1616 499 tribus
1640 473 1778 508 persoais.

981 519 1071 554 quoad
1094 526 1172 547 suam
1189 519 1447 554 quidditatem,eam
1464 525 1518 545 non
1531 518 1670 552 aiquivoec
1684 518 1718 545 de
1734 518 1781 546 iis-

981 566 1044 594 dem
1079 565 1379 601 praedicaritattamen
1407 565 1477 592 ratio
1502 564 1533 591 ob
1560 572 1640 599 quam
1665 563 1781 592 habetur

981 610 1112 646 distingui
1140 611 1220 646 plane
1246 614 1336 645 potest
1368 609 1396 638 in
1426 609 1552 644 singulis,
1586 614 1614 637 et
1642 609 1781 638 immerito

981 665 1097 693 prorsus
1110 661 1236 693 negatur,
1253 656 1326 684 illam
1341 663 1403 684 cum
1424 656 1587 684 habitudine
1600 655 1728 691 principii
1753 661 1780 684 et

984 704 1140 739 principiati
1166 703 1292 731 connch
1311 708 1339 731 et
1355 711 1388 731 ex
1404 703 1455 730 hac
1477 703 1511 730 ad
1531 702 1603 730 illam
1626 703 1782 732 conclusio-

983 757 1045 777 nem
1058 749 1135 786 [311]
1151 749 1209 777 lieri
1226 756 1318 784 posse,
1332 757 1393 784 quae
1408 754 1497 776 tamen
1511 749 1539 776 in
1551 748 1661 776 Patrum
1671 749 1782 784 scriptis

982 804 1173 832 saepenumero
1195 796 1316 824 occurrit
1329 795 1354 831 (§
1366 795 1424 832 ‘20).
1445 795 1596 824 Confundit
1616 795 1782 823 Etherianus

983 850 1094 870 causam
1105 842 1245 878 formalem
1259 849 1321 870 cum
1335 841 1468 876 efﬁciente.
1477 840 1508 868 In
1519 841 1644 876 exemplo
1659 840 1782 869 Socratis

982 893 1010 916 et
1037 889 1167 922 Platonis,
1202 888 1274 924 quod
1305 887 1395 920 at‘l‘ert,
1420 887 1498 923 prior
1524 887 1659 920 habetur;
1680 887 1728 914 sed
1753 887 1782 915 in

984 935 1173 970 propositione
1192 934 1236 962 illa
1252 945 1258 963 :
1277 933 1410 970 Spiritum
1425 941 1487 962 esse
1509 932 1582 961 Patri
1597 933 1783 962 consubstan-

985 980 1076 1008 tialem
1097 980 1142 1023 δεδι
1164 980 1195 1007 τὺ
1216 979 1246 1014 ἐξ
1267 980 1351 1008 αὐτοῦ
1379 978 1461 1013 εῖναι,
1487 987 1570 1007 causa
1591 979 1722 1008 eﬁiciens.
1743 978 1783 1007 Et;

985 1025 1153 1054 immauente
1175 1026 1249 1054 enim
1275 1026 1380 1062 origine
1398 1026 1436 1059 lit,
1464 1030 1492 1054 ut
1505 1026 1591 1054 Filius
1608 1033 1643 1053 ac
1663 1024 1782 1061 Spiritus

984 1072 1109 1100 eamdem
1137 1072 1256 1100 habeant
1279 1079 1342 1099 cum
1371 1071 1452 1099 Patre
1472 1071 1633 1103 essentiam,
1659 1071 1783 1105 adeoque

985 1118 1040 1147 sint
1064 1118 1089 1146 ei
1115 1117 1372 1146 consubstantiales.
1399 1117 1552 1145 Procederc
1578 1125 1644 1145 vero
1667 1117 1782 1152 Spiritui

985 1162 1164 1190 substantiale
1179 1169 1250 1194 esse,
1266 1162 1362 1196 nequit
1378 1161 1459 1197 plane
1478 1161 1587 1195 deduci,
1604 1161 1657 1189 nisi
1675 1161 1703 1188 in
1718 1169 1782 1196 pro-

985 1208 1110 1236 cessione
1132 1207 1255 1235 formatis
1270 1207 1338 1236 ratio
1355 1207 1597 1236 consubstantialis
1621 1211 1781 1241 reponatur,

985 1253 1057 1288 quod
1075 1260 1142 1280 sane
1163 1252 1263 1280 falsum
1289 1257 1340 1280 est.
1364 1252 1424 1280 Jam
1448 1252 1513 1280 satis
1542 1251 1700 1279 monuimus
1725 1259 1782 1280 non

985 1306 1094 1334 semper
1102 1298 1188 1326 solida
1200 1303 1227 1327 et
1237 1302 1362 1326 accurata
1375 1305 1447 1331 esse,
1459 1306 1520 1333 qum
1533 1297 1633 1326 nobilis
1643 1297 1696 1326 iste
1704 1298 1782 1326 theo-

986 1346 1063 1382 logus
1085 1346 1195 1381 copi05e
1213 1345 1331 1379 disserit,
1349 1346 1413 1374 licet
1427 1345 1455 1372 in
1471 1346 1597 1381 plurimis
1611 1345 1684 1374 l'elici
1697 1345 1782 1373 Marte

985 1392 1131 1421 dimicasse
1143 1392 1278 1420 videatur.
1294 1391 1345 1420 Hic
1353 1392 1450 1421 Photio
1463 1392 1669 1420 contradicendi
1681 1393 1782 1421 ardore

986 1444 1132 1475 correptus
1141 1440 1215 1475 justo
1232 1439 1339 1475 longius
1352 1439 1520 1474 processisse
1530 1440 1664 1468 dicendus
1676 1445 1729 1468 est.

1021 1485 1066 1513 29..
1081 1484 1186 1518 Quaerit
1196 1484 1320 1517 Photius,
1331 1492 1391 1520 cap.
1404 1485 1448 1518 59,
1467 1489 1557 1513 utram
1571 1485 1655 1522 magis
1672 1493 1782 1513 causam

986 1539 1048 1559 esse
1074 1534 1205 1559 censeant
1220 1530 1321 1565 Latini,
1346 1530 1490 1559 Patremne
1509 1539 1542 1559 an
1557 1531 1667 1559 Filium.
1691 1532 1719 1560 Si
1733 1532 1783 1559 Pa-

988 1582 1067 1610 trem,
1094 1577 1183 1605 honor
1195 1577 1240 1605 ille
1255 1577 1323 1605 Filio
1345 1582 1515 1613 praeparatus
1532 1579 1643 1613 spurius
1656 1583 1683 1606 et
1697 1579 1783 1614 magis

986 1624 1164 1659 opprobrium
1183 1624 1236 1651 erit
1262 1623 1329 1659 ipsi;
1352 1624 1373 1652 si
1393 1632 1458 1652 vero
1477 1624 1587 1656 Filium.
1606 1625 1740 1661 gravioris
1756 1625 1783 1653 id

986 1669 1145 1698 temeritatis
1167 1675 1219 1697 est.
1239 1669 1332 1705 Neque
1350 1670 1423 1698 enim
1439 1670 1564 1698 sutlieere
1579 1671 1645 1706 ipsis
1667 1678 1783 1699 censue-

985 1715 1041 1742 rint
1068 1715 1103 1743 ad
1124 1715 1281 1750 impietatis,
1315 1723 1397 1750 quam
1438 1716 1597 1749 intendunt,
1637 1724 1782 1745 excessum

984 1760 1053 1788 Filio
1065 1765 1205 1796 paternam
1221 1761 1409 1793 causalitatem
1432 1762 1571 1790 ascribere
1585 1769 1701 1798 eamque
1711 1763 1783 1791 divi-

984 1807 1060 1840 dere,
1081 1807 1135 1834 nisi
1151 1812 1178 1835 et
1191 1808 1313 1847 potiores
1334 1813 1426 1843 partes
1442 1808 1568 1835 auferant
1581 1813 1609 1836 et
1619 1808 1679 1836 loco
1693 1808 1783 1837 Patris

985 1853 1084 1882 Filium
1108 1853 1223 1889 Spiritui
1244 1853 1408 1889 principium
1424 1858 1556 1882 statuant.
1579 1854 1679 1882 Verum
1692 1863 1783 1891 neque

986 1900 1029 1927 his
1042 1904 1207 1935 premuntur
1221 1899 1321 1933 Latini,
1345 1900 1391 1935 qui
1403 1900 1484 1928 toties
1497 1900 1646 1934 inculcant,
1668 1901 1783 1936 aequali-

985 1950 1026 1975 ter
1036 1951 1065 1975 et
1077 1947 1135 1982 pari
1153 1947 1234 1975 modo
1255 1946 1365 1974 Patrem
1381 1951 1409 1974 et
1421 1946 1520 1974 Filium
1536 1954 1597 1975 esse
1606 1946 1784 1982 principium,

984 1999 1013 2022 et
1035 1994 1123 2022 solum
1145 1998 1261 2021 eatenus
1283 1992 1392 2021 Patrem
1422 1993 1526 2029 primas
1552 1998 1645 2030 partes
1669 1994 1782 2027 habere,

984 2046 1121 2077 quatenus
1140 2045 1182 2068 est
1197 2040 1256 2076 ipse
1267 2040 1354 2076 prima
1379 2048 1474 2073 causa,
1486 2048 1501 2068 a
1514 2048 1567 2075 qua
1583 2047 1611 2069 et
1622 2041 1708 2069 Filius
1724 2042 1784 2078 ipse

985 2093 1038 2122 est,
1052 2095 1142 2122 neque
1157 2094 1223 2115 vero
1238 2087 1301 2114 inde
1318 2087 1446 2122 injuriam
1461 2087 1519 2114 ﬁeri
1532 2087 1610 2122 Filio,
1628 2088 1700 2116 sicut
1714 2088 1784 2116 nihil

984 2141 1047 2161 eum
1071 2133 1154 2166 laedit,
1178 2133 1250 2168 quod
1273 2140 1326 2159 non
1354 2132 1415 2160 sine
1439 2140 1522 2161 causa
1547 2140 1599 2161 nec
1613 2133 1783 2161 innascibilis

985 2184 1036 2208 est.
1060 2179 1154 2214 Neque
1166 2178 1256 2206 honor
1278 2177 1348 2205 Filio
1362 2178 1442 2206 datus
1465 2178 1575 2212 spurius
1590 2183 1617 2205 et
1631 2178 1666 2206 ab
1680 2179 1784 2206 extrin-

985 2233 1048 2254 seco
1070 2225 1194 2261 adjectus
1217 2224 1323 2252 censeri
1351 2228 1458 2259 potest;
1476 2224 1531 2251 imo
1547 2225 1730 2258 necessarius,
1749 2233 1784 2253 ex

139 2267 176 2295 de
191 2267 278 2295 .‘ribus
294 2267 395 2295 dicitur
424 2267 558 2302 personis,
577 2273 604 2294 et
617 2267 847 2302 quemadmodum
874 2275 933 2294 om-
946 2273 974 2303 1)
987 2271 1092 2299 interna
1123 2271 1261 2307 prolectus
1283 2270 1455 2303 necessitate,
1479 2277 1512 2297 ex
1539 2270 1606 2314 ipsis
1626 2271 1781 2300 divinarum

139 2313 197 2344 nia,
213 2320 274 2347 qua:
293 2312 384 2348 specie
402 2311 576 2348 participant,
600 2313 722 2348 ejusdem
746 2317 851 2341 natura:
867 2320 934 2341 cen-

139 2364 248 2392 sentur,
281 2366 314 2386 ac
345 2357 586 2387 eonsubstantialia
614 2359 682 2386 :sic
712 2359 806 2394 utique
841 2358 931 2392 Pater,

139 2405 228 2434 Filius
255 2410 335 2440 atque
363 2404 482 2440 Spiritus
510 2408 621 2432 sanctus
647 2405 784 2440 aequaliter
809 2405 933 2441 ejusdem

138 2455 246 2479 naturae
264 2451 392 2479 dicuntur
405 2455 488 2486 atque
509 2450 757 2478 consubstantialcs
782 2451 933 2479 secundum

138 2497 301 2526 substantiae
325 2505 435 2530 nomen,
450 2501 478 2525 ct
492 2504 548 2524 non
565 2497 714 2532 :equivoce.
738 2497 809 2532 Ergo
832 2504 934 2525 secun—

138 2544 206 2572 dum
222 2551 304 2578 quem
331 2543 441 2570 modum
461 2542 562 2570 dicitur
578 2542 696 2578 Spiritus
712 2543 934 2571 consubstantia-

139 2590 176 2618 lis
196 2589 279 2621 Patri,
305 2589 456 2617 secundum
475 2590 602 2618 eumdem
625 2592 653 2617 et.
662 2589 731 2617 Filio
750 2589 934 2617 consubstan-

139 2636 214 2664 tialis
254 2639 312 2668 est;
342 2639 369 2662 et
397 2635 469 2663 sicut
503 2635 587 2663 Filius
621 2635 859 2663 consubstantialis
892 2640 934 2664 est

139 2680 267 2716 Spiritui,
295 2680 332 2707 ita
358 2679 476 2715 Spiritus
495 2679 563 2708 Filio
583 2685 611 2708 et
628 2680 713 2709 Patri.
737 2680 844 2708 Nullam
860 2681 934 2710 enim

140 2727 281 2763 possident
303 2726 487 2755 dill‘erentiam
506 2725 534 2754 in
557 2734 600 2760 eo,
622 2727 693 2763 quod
716 2728 934 2755 consubstantia-

140 2774 199 2808 les;
218 2780 302 2810 quare
323 2773 451 2807 nonquia
476 2773 605 2808 procedit,
634 2773 868 2801 consubstantialis
895 2778 933 2802 est

177 2852 216 2887 (5)
231 2852 297 2888 Cap.
312 2853 342 2881 9|
368 2859 499 2888 expresse
517 2852 599 2880 docet
623 2852 759 2880 Photius:
785 2861 794 2879 ι
814 2852 933 2888 Spiritus

139 2887 216 2915 Patri
234 2887 484 2919 ciuisubstantialis,
507 2888 570 2923 quia
586 2895 620 2915 ex
642 2889 702 2922 ipso
724 2887 865 2923 procedit;
885 2890 934 2918 sed

141 2930 195 2951 ιωι
208 2930 241 2951 cx
258 2930 291 2951 eo
303 2923 419 2959 procedit
432 2923 497 2959 quia
512 2923 763 2953 consubstantialis.
783 2934 793 2951 ι
810 2923 933 2954 Priorem

985 2325 1165 2353 personarum
1189 2316 1367 2344 relationibus
1394 2315 1529 2344 deductus
1548 2321 1600 2349 est,
1613 2321 1644 2344 ut
1660 2317 1782 2346 Catholi-

984 2370 1080 2390 corum
1096 2370 1146 2398 pro
1160 2362 1213 2390 hoc
1227 2362 1355 2398 dogmate
1377 2362 1504 2391 universa
1530 2368 1690 2397 argumenta
1705 2371 1782 2391 com-

985 2412 1148 2436 monstrant.
1164 2407 1262 2436 Nonne
1277 2408 1350 2444 quod
1375 2408 1462 2436 Filius
1479 2408 1550 2435 solus
1566 2409 1598 2436 de
1616 2409 1672 2436 solo
1689 2408 1780 2443 Patre,

985 2461 1083 2488 magna
1109 2454 1169 2489 ejus
1194 2453 1373 2489 praerogativa
1401 2457 1454 2486 est,
1488 2460 1550 2488 quae
1575 2453 1650 2482 hunc
1669 2455 1782 2484 omnino

985 2502 1109 2536 exposcit
1125 2502 1276 2530 honorem?
1294 2501 1347 2537 (Cl.
1361 2506 1413 2529 art.
1429 2502 1547 2537 praeced.
1559 2501 1576 2537 ᾗ
1588 2502 1628 2538 6.)

1022 2547 1098 2583 [512]
1109 2547 1153 2575 25.
1165 2557 1175 2574 ι
1186 2548 1318 2583 Majorem
1328 2547 1429 2580 dicere,
1439 2547 1551 2575 ctsinon
1562 2554 1658 2576 natura
1668 2550 1780 2585 (apage;

985 2593 1226 2621 consubstantialis
1252 2593 1325 2620 enim
1340 2597 1382 2621 est
1399 2592 1542 2629 Trinitas),
1564 2602 1658 2622 verum
1677 2595 1783 2623 ratione

985 2646 1082 2670 cauam.
1098 2638 1191 2674 genito
1206 2639 1368 2675 genitorem,
1387 2639 1468 2667 docet
1483 2640 1593 2675 quidem
1611 2648 1661 2669 nos
1673 2640 1781 2669 Domini

985 2692 1038 2712 vox
1063 2684 1146 2720 idque
1179 2684 1262 2712 tradit
1286 2684 1384 2712 exinde
1414 2685 1538 2714 initiatus
1560 2694 1638 2714 sacer
1670 2685 1781 2715 Patrum

985 2735 1143 2759 nostrorum
1172 2731 1289 2764 chorus;
1325 2739 1412 2759 cauete
1439 2737 1530 2760 autem
1554 2733 1657 2764 ratione
1682 2732 1782 2760 Filium

985 2778 1088 2813 Spiritu
1115 2778 1244 2813 majorem
1266 2786 1355 2814 neque
1369 2787 1403 2807 ex
1422 2779 1526 2811 divinis
1548 2778 1672 2815 Eloquiis
1686 2780 1782 2810 audire

986 2857 1209 2894 propositionem
1231 2861 1315 2892 negat
1338 2857 1426 2894 Ilugo,
1456 2858 1504 2888 sed
1526 2858 1683 2893 immerito;
1712 2859 1782 2890 alter

987 2892 1077 2929 potius
1094 2892 1221 2929 neganda
1236 2897 1305 2922 erat.
1385 2892 1395 2894 “
1420 2892 1423 2894 ⁷
1543 2896 1545 2898 ·
1588 2895 1592 2900 ·
1676 2892 1679 2893 ⁷
1717 2895 1719 2897 ‘
