1945 3088
181 98 231 131 531

767 97 900 132 PHO'I‘II
915 98 1168 133 PATRIARCHIE
1186 92 1248 135 cr;

1755 101 1811 135 3,32

179 156 254 184 enim
268 155 330 191 est),
344 155 460 184 alterum
473 155 547 192 [318]
563 162 630 184 vero
640 162 672 184 ex
688 157 808 185 secundo
825 161 853 184 et
869 157 969 192 princi-
982 156 1008 186 A
1019 157 1080 184 dem
1094 157 1199 192 genitor
1229 159 1279 190 est,
1298 163 1352 184 non
1365 155 1521 192 productor,
1539 153 1658 191 Spiritus
1672 161 1808 192 veropro-

180 202 254 237 piato
267 203 367 237 (neque
385 202 457 230 enim
472 206 513 230 est
540 201 643 237 absque
675 202 820 238 principio)
842 202 967 237 spiritum

181 247 326 276 admittere
340 248 466 283 debent)»
482 248 553 283 (cap.
575 248 633 283 45).
654 247 756 275 Eadem
780 248 885 275 ratione
897 248 969 283 apud

182 292 300 321 Beccum
317 293 358 328 (de
375 301 447 328 proc.
464 293 558 328 Spirit.
583 301 609 321 c.
626 294 657 327 6;
679 294 710 322 Ο.
731 294 762 322 0.
787 294 808 327 Ι,
829 294 882 321 288
897 294 968 328 seq.)

182 337 241 365 haec
257 338 389 365 dubitatio
403 338 559 373 proponitur
577 348 584 366 :
600 339 628 367 Si
644 338 763 374 Spiritus
790 344 900 367 sanctus
921 347 970 374 per

183 381 281 409 Filium
308 383 441 417 procedit,
463 383 600 418 quomodo
612 391 668 410 non
679 388 744 411 sunt
755 383 816 411 dua‘.
836 383 970 410 exsistcn—

183 428 226 455 tia».
242 427 394 464 (ὑπάρξεις)
416 428 544 463 Spiritus,
560 431 647 457 altera
663 437 697 457 ex
721 429 810 462 Patre,
826 429 911 457 altera
935 437 968 457 ex

181 474 271 501 Filio?
286 474 336 502 Cui
357 475 505 510 respondet
540 475 586 502 ille
605 475 631 503 id
660 475 832 510 potissimum
858 483 968 511 urgens,

182 527 271 555 neque
284 519 312 547 in
334 520 416 547 rebus
427 520 603 548 inferioribus
612 525 640 548 et
665 521 759 548 sensui
781 521 922 555 subjectis,
940 521 968 548 in

181 566 281 600 quibus
296 567 350 594 duo
371 566 484 595 effectus
502 567 709 602 conspiciuntur
729 575 762 594 ex
774 568 860 603 prima
886 575 969 596 causa

183 612 385 644 provenicntes,
411 619 529 646 quorum
551 620 624 640 unus
649 619 697 648 per
722 611 805 639 alium
830 618 882 646 est,
903 613 970 641 duas

182 656 314 691 ὑπάρξεις
336 656 390 683 dici
402 663 482 691 posse
495 657 578 690 illius,
602 657 675 692 quod
686 662 727 685 est
741 657 850 685 tertium
875 658 971 686 ordine

182 707 276 730 etnon
291 702 465 730 continenter
481 704 645 739 (npoosxtbg)
658 712 692 731 ex
707 704 794 739 prima
807 711 889 732 causa
904 705 971 732 sub-

183 749 265 777 sistit.
287 748 387 776 «Dicite
400 749 488 782 nobis,
505 750 543 777 ait
558 749 671 783 Beccus,
684 757 719 777 an
745 750 806 777 duze
818 750 914 778 solaris
929 742 971 778 iu-

183 797 266 824 minis
277 796 441 824 exsistentia:
458 801 531 829 sunt,
552 804 606 823 una
630 803 664 823 ex
688 796 774 830 disco,
802 796 887 824 altera
923 805 971 833 per

184 842 290 870 radium
308 842 424 869 ?Palam
450 841 531 869 facite
546 842 637 875 nobis,
664 850 699 870 an
719 842 780 870 duae
803 843 970 872 exsistentiae

185 888 267 915 unius
281 891 344 915 sunt
360 886 444 919 fluvii,
473 894 527 913 una
552 894 585 914 ex
604 887 694 920 oculo,
710 887 795 914 altera
816 895 850 915 ex
875 887 970 916 fonte?

185 933 297 967 (Alludit
326 933 360 959 ad
383 932 514 968 imagines
531 933 643 960 Patrum
664 937 716 960 art.
744 933 762 960 2
778 953 786 966 ,
806 933 820 969 ς
840 933 879 969 6.)
893 934 971 967 Quod

185 979 206 1006 si
223 978 250 1006 in
275 978 409 1006 similibus
424 978 516 1006 sensui
530 978 661 1013 subjectis
692 983 720 1006 et
748 983 854 1007 naturae
873 985 972 1008 creatas

185 1025 285 1053 ﬁnibus
299 1024 451 1052 terminatis
464 1032 519 1051 non
533 1032 681 1059 possumus
707 1024 800 1053 dicere
816 1026 884 1054 duas
911 1033 972 1054 esse

185 1071 268 1100 unius
292 1071 331 1099 rei
344 1071 530 1105 exsistentias,
551 1078 612 1106 quae.
636 1079 686 1107 per
704 1071 831 1100 allectum
847 1080 900 1100 una
931 1080 973 1100 se-

184 1126 247 1146 cum
260 1121 431 1146 cmanantem
448 1125 479 1145 ex
496 1117 582 1153 prima
594 1125 674 1145 causa
696 1118 882 1147 exsistentiam
907 1127 973 1155 pos-

184 1164 265 1198 sidet,
284 1164 422 1200 quomodo
435 1163 522 1197 deiis,
542 1163 576 1192 de
589 1163 688 1198 quibus
710 1169 815 1193 naturae
837 1165 906 1193 ratio
919 1173 973 1193 nu-

185 1214 233 1242 tat,
251 1209 347 1237 similia
366 1213 393 1237 et
406 1216 576 1244 quaecunque
591 1209 636 1236 illa
649 1209 718 1244 sint,
735 1210 899 1238 dubitatis?»
914 1211 973 1240 Alia

185 1263 239 1284 non
259 1256 350 1284 minus
364 1255 477 1283 evidens
494 1255 637 1291 responsio
652 1263 684 1283 ex
699 1255 813 1291 Hugone
827 1256 974 1285 Etheriano

185 1302 240 1337 peti
274 1306 363 1336 potest
391 1301 421 1336 (1.
454 1309 491 1333 ιι,
522 1309 549 1336 p.
575 1300 645 1328 1955
674 1301 717 1336 F.)
751 1301 788 1329 ita
815 1303 973 1331 scribente:

187 1356 197 1372 «
208 1347 344 1374 Caeterum
358 1346 380 1374 si
395 1346 465 1380 ideo,
478 1346 541 1381 quia
566 1354 598 1374 ex
615 1346 723 1374 duobus
739 1348 876 1382 procedit,
904 1350 974 1376 divi-

185 1393 252 1419 duus
276 1392 450 1427 sitSpiritus,
472 1392 582 1419 Patrem
600 1393 674 1421 dicat
689 1394 752 1428 quis
766 1394 864 1422 eodem
892 1395 975 1423 modo

185 1438 320 1465 dividuum
335 1437 402 1470 fore,
412 1445 474 1465 cum
486 1445 519 1465 ex
535 1445 564 1466 se
579 1437 678 1466 Filium
692 1444 804 1474 generet
814 1440 974 1475 emittatque

1020 203 1127 236 ductor,
1148 208 1175 230 et
1186 211 1241 230 non
1258 203 1375 239 genitor,
1387 203 1458 230 alius
1469 207 1551 238 atque
1570 202 1641 230 alius
1663 210 1677 229 a
1691 210 1722 230 se
1748 202 1808 237 ipso

1019 247 1099 276 Pater
1115 249 1177 280 erit.
1198 249 1315 284 indeque
1330 249 1412 276 etiam
1427 248 1604 283 compositus.
1618 248 1651 276 Et
1665 248 1808 275 nihilomi-

1019 300 1071 322 nus
1085 294 1201 329 Spiritus
1229 303 1263 323 ex
1288 300 1404 330 utroque
1420 302 1579 330 progressus
1590 294 1727 330 (πρόοδος)
1737 301 1809 321 unus

1020 341 1146 376 idemque
1158 346 1209 373 est,
1238 341 1285 368 sed
1296 340 1409 368 facultas
1424 341 1571 376 generandi
1596 343 1623 368 et
1638 340 1807 375 producendi

1019 388 1107 415 Patris
1117 387 1167 414 alia
1179 392 1207 414 et
1231 387 1295 414 alia.
1320 387 1375 415 Sed
1403 387 1632 422 qnemadmodum
1663 391 1808 422 propterea

1019 432 1097 460 Pater
1111 433 1185 460 nullo
1200 433 1281 461 modo
1296 433 1322 460 in
1341 439 1431 469 partes
1442 433 1573 460 scinditur
1586 440 1675 468 neque
1696 440 1809 468 compo-

1020 479 1110 507 sitioni
1125 479 1268 514 subjicitur
1285 479 1326 513 (οὐ
1339 479 1465 514 mmo;
1481 479 1617 511 ἐντεῦθεν,
1629 479 1659 505 οὐ
1677 478 1730 514 μὴν
1745 478 1810 505 σύν-

1020 523 1119 559 θετος),
1141 524 1204 559 quia
1229 524 1273 551 illa
1298 524 1410 551 Deitatis
1437 528 1526 559 partes
1555 524 1666 551 minitne
1683 526 1756 555 sunt,
1781 528 1810 551 et

1019 574 1220 604 consequenter
1239 576 1328 605 neque
1342 570 1494 604 compositio
1508 577 1518 602 ;
1533 569 1647 604 simplex
1667 568 1740 596 enim
1764 576 1811 595 su-

1020 624 1069 653 pra
1084 624 1192 644 omnem
1212 616 1416 651 simplicitatem
1440 616 1529 642 Deitas
1544 619 1586 642 est
1601 620 1628 642 et
1655 622 1737 650 supra
1751 622 1811 641 om-

1020 670 1082 691 nem
1103 661 1264 690 divisionem
1276 662 1392 689 indivisa
1409 661 1492 696 (ἀπλὴ
1511 661 1566 696 γὰρ
1583 661 1599 695 ὴ
1616 660 1711 695 θεότης
1738 660 1810 694 ὑπὲρ

1021 708 1112 735 πᾶσαν
1129 707 1279 742 ἀπὶ-ότητα,
1290 707 1339 733 καὶ
1348 707 1455 742 ἀμερὴς
1467 706 1536 741 ὑπὲρ
1550 706 1639 732 πᾶσαν
1651 704 1809 740 ἀμέρειαν),

1021 755 1068 781 sed
1083 753 1263 789 proprietates
1276 753 1348 780 circa
1369 753 1455 787 ipsam
1469 751 1649 779 considerata
1667 749 1810 784 (ἰδιότητες

1021 800 1086 836 περὶ
1099 799 1184 835 αὐτὴν
1198 797 1394 834 θεωρεΰμεναι)
1410 807 1418 826 :
1435 797 1494 833 pari
1507 797 1588 825 modo
1611 802 1700 831 neque
1716 795 1762 830 qui
1775 801 1811 822 ex

1021 845 1128 873 duobus
1152 849 1194 872 est
1209 851 1368 879 progressus
1382 842 1498 878 Spiritus
1509 868 1512 871 ,
1525 849 1540 869 a
1556 847 1603 869 sua
1624 841 1709 876 ipsius
1733 840 1811 867 iden-

1021 890 1099 918 titate
1115 888 1347 916 eumexterminat
1360 883 1743 921 autcompositumconstituit
1760 882 1813 918 (se-

1022 935 1128 971 ιστησιν
1143 934 1208 962 αὐτὸ
1220 933 1270 968 τῆς
1283 933 1445 968 ταυτότητος
1455 931 1553 958 ἑαυτοῦ
1568 930 1584 966 ἢ
1600 929 1726 957 σύνθετον
1738 937 1811 964 παρ-

1023 981 1146 1017 ιστάνει),
1173 980 1220 1008 setl
1237 987 1270 1007 ex
1284 979 1365 1006 Patre
1386 983 1429 1006 est
1451 983 1479 1005 et
1508 985 1542 1005 ex
1564 977 1642 1009 Filio,
1662 983 1696 1003 ex
1728 974 1811 1003 Patre

1021 1034 1120 1062 nempe
1136 1034 1185 1061 per
1200 1025 1311 1058 Filium,
1326 1024 1441 1059 simplex
1455 1031 1486 1051 ex
1499 1022 1679 1058 simplicibus,
1693 1029 1726 1049 ex
1743 1021 1811 1049 sim-

1021 1072 1085 1109 plici
1102 1072 1161 1099 scil.
1178 1079 1228 1107 per
1243 1071 1368 1106 simplex,
1395 1074 1425 1097 ut
1438 1069 1591 1097 divinorum
1621 1067 1732 1094 Patrum
1748 1074 1812 1094 sen-

1024 1118 1107 1146 tentia
1129 1121 1196 1145 esto
1215 1116 1273 1150 Qua
1292 1115 1452 1143 dexteritate
1466 1113 1610 1142 Metocbita
1621 1117 1810 1149 argumentum

1023 1164 1057 1192 ab
1081 1163 1194 1199 Hugone
1211 1162 1361 1190 indicatum
1388 1161 1433 1188 hic
1457 1160 1568 1193 evolvit,
1585 1159 1680 1187 eadem
1699 1158 1810 1185 Patrum

1023 1208 1269 1244 comparationibus
1286 1207 1393 1244 egregie
1405 1207 1492 1234 utitur
1512 1207 1552 1241 (p.
1577 1205 1639 1237 957,
1651 1205 1714 1237 948,
1735 1204 1810 1240 949).

1023 1256 1080 1283 Nec
1109 1254 1200 1282 minus
1229 1257 1341 1281 strenue
1370 1252 1513 1280 Bessarion
1527 1251 1651 1279 eamdem
1684 1250 1813 1277 Planuda:
1854 1255 1859 1260 '

1024 1300 1258 1328 ratiocinationem
1269 1298 1378 1331 evertit,
1393 1305 1474 1333 quam
1491 1297 1562 1324 haud
1578 1295 1716 1324 immerito
1733 1295 1808 1322 velut

1023 1347 1171 1375 materialia
1189 1354 1221 1373 ac
1236 1345 1372 1373 crassiora
1383 1344 1515 1372 duntaxat
1530 1342 1696 1378 sapientium
1712 1346 1740 1368 et
1751 1349 1812 1368 car—

1023 1394 1131 1422 nalibus
1159 1391 1349 1419 inhaerentium
1365 1398 1426 1418 esse
1448 1397 1529 1425 posse
1545 1389 1638 1417 statuit
1652 1387 1721 1423 (M).
1736 1386 1814 1420 ὀυκ

1024 1446 1087 1467 cum
1101 1438 1138 1465 ita
1158 1437 1223 1470 sint,
1244 1436 1327 1463 inane
1351 1442 1464 1471 prorsus
1479 1439 1521 1462 est
1550 1434 1720 1469 figmentum,
1737 1431 1813 1467 [520]

187 1483 328 1518 Spiritum.
346 1482 488 1515 Quomodo
500 1483 573 1510 enim
587 1491 621 1511 ex
642 1484 802 1512 indivisibili
826 1485 880 1513 duo
894 1486 970 1521 quasi
985 1497 1007 1526 α
1024 1484 1097 1520 quod
1108 1483 1221 1511 Pbotius
1232 1482 1295 1509 inde
1303 1481 1423 1514 deducit,
1438 1481 1498 1508 loco
1511 1479 1691 1526 fraternitatis
1701 1482 1814 1526 quater-

186 1529 293 1558 diversa
316 1527 401 1556 Filius
418 1528 528 1564 quidem
556 1536 605 1565 per
627 1530 840 1565 generationem,
856 1531 973 1567 Spiritus

188 1583 252 1603 vero
267 1583 316 1610 per
330 1575 532 1610 processionem
548 1576 774 1612 progrediantur?
792 1577 910 1606 Fallacia
925 1586 974 1613 pro

186 1626 262 1649 certo
277 1621 303 1649 id
321 1625 375 1654 est,
392 1629 451 1648 cum
464 1629 496 1649 ea;
512 1621 630 1649 relativis
645 1623 796 1658 compositio
815 1624 872 1658 ﬁeri
894 1630 974 1660 puta-

187 1671 258 1694 tur.»
284 1666 416 1693 Audiatur
430 1670 457 1693 et
469 1666 601 1702 Georgius
610 1666 756 1694 Metochita
790 1667 898 1694 Maximi
915 1667 975 1695 Pla-

187 1713 268 1740 nudee
277 1712 404 1740 refellens
423 1717 614 1748 argumentum
640 1713 681 1748 (G.
699 1712 727 1741 Ο.
751 1713 785 1745 ΙΙ,
809 1713 873 1747 959,
885 1713 948 1749 940)
967 1723 973 1740 :

190 1759 281 1786 «Sicut
308 1759 382 1786 enim
403 1758 483 1786 Pater
498 1766 586 1793 neque
599 1758 727 1787 dividuus
741 1763 784 1787 est
795 1767 885 1794 neque
900 1767 976 1787 com-

186 1805 303 1840 positus,
317 1805 390 1840 quod
401 1809 510 1841 generet
524 1803 620 1832 Filium
638 1809 665 1832 et
678 1804 809 1840 Spiritum
832 1805 974 1840 producat,

187 1852 251 1880 licet
268 1847 341 1879 aliud
371 1855 452 1886 atque
463 1850 537 1879 aliud
555 1858 686 1887 generare
707 1855 736 1878 et
745 1850 895 1886 producere
908 1857 976 1879 con-

186 1898 323 1925 sideretur
340 1905 347 1930 ;
363 1905 397 1925 ex
425 1897 559 1924 ambobus
577 1896 642 1924 item
665 1903 794 1932 egressus
805 1897 877 1925 idem
891 1902 933 1925 est
949 1902 978 1925 et

187 1951 269 1975 unus,
282 1942 354 1978 quod
370 1942 428 1976 ista;
442 1947 532 1977 partes
543 1950 597 1969 non
613 1946 686 1976 sunt,
705 1942 752 1970 sed
780 1943 976 1977 proprietates;

187 1998 276 2025 neque
291 1989 440 2016 secundum
456 1988 530 2024 [519]
557 1988 675 2024 aliquam
693 1988 854 2016 recisionem
877 1989 978 2017 utrius-

187 2043 241 2071 que
275 2042 434 2070 progressus
457 2034 628 2070 cognoscitur
644 2034 723 2070 :pari
752 2034 858 2063 ratione
888 2043 978 2070 neque

189 2081 309 2116 Spiritus
329 2079 456 2108 dividuus
477 2084 520 2108 est
544 2088 633 2115 neque
660 2081 838 2116 compositus,
855 2081 928 2116 quod
943 2089 978 2110 ex

188 2127 269 2154 Patre
302 2131 331 2154 e‘t
352 2126 430 2159 Filio,
444 2133 476 2153 ex
490 2126 659 2162 simplicibus
675 2130 727 2159 est,
748 2134 848 2161 nempe
863 2134 895 2154 ex
914 2127 979 2154 sim-

1023 1532 1136 1560 nitatem
1147 1528 1305 1557 christianis
1320 1527 1378 1555 fore
1392 1526 1544 1558 colendam,
1561 1525 1585 1553 si
1592 1524 1750 1552 Latinorum
1763 1524 1815 1551 do-

1024 1577 1111 1606 ctrina
1125 1576 1271 1604 obtineret.

1059 1621 1105 1648 2'1.
1127 1621 1194 1653 Quae
1208 1627 1268 1654 cap.
1295 1618 1331 1646 44
1353 1621 1517 1652 sequuntur,
1549 1616 1577 1642 in
1600 1614 1736 1642 Trinitate
1755 1613 1815 1641 fore
1839 1619 1844 1623 ”

1026 1666 1188 1702 principium
1201 1664 1401 1700 imperfectum,
1417 1661 1522 1693 inutile.
1545 1668 1682 1693 mancum,
1703 1668 1735 1687 ex
1754 1668 1816 1695 per-

1025 1712 1097 1740 fecto
1109 1716 1138 1739 et
1165 1710 1325 1745 imperfecto
1353 1708 1544 1744 compositum,
1573 1706 1672 1734 Filium
1699 1706 1814 1738 scilicet,

1025 1757 1123 1793 partim
1146 1756 1228 1784 exiis
1254 1764 1315 1790 qua:
1341 1761 1415 1782 nunc
1445 1753 1563 1781 diximus
1587 1752 1613 1788 (ᾗ
1628 1751 1686 1787 26),
1715 1750 1815 1786 partim

1025 1811 1060 1832 ex
1083 1807 1146 1831 ante
1158 1802 1239 1831 dictis
1255 1802 1318 1837 (art,
1338 1801 1366 1834 ὅ,
1381 1801 1394 1836 §
1410 1801 1447 1833 ις
1473 1803 1524 1827 art.
1543 1799 1570 1832 4,
1588 1798 1601 1834 §
1616 1798 1643 1830 4,
1664 1797 1708 1832 Li)
1736 1796 1816 1825 facile

1026 1849 1141 1878 refutari
1155 1851 1281 1884 possunt.
1297 1842 1340 1875 Ad
1355 1855 1411 1874 rem
1428 1846 1504 1881 Hugo
1519 1844 1682 1872 Etherianus
1699 1844 1728 1879 (l.
1754 1843 1791 1878 c.)
1806 1852 1814 1870 :

1031 1895 1095 1923 «Ast
1107 1895 1274 1926 indubitato,
1288 1893 1385 1928 inquit,
1402 1891 1508 1927 (Filius)
1522 1890 1631 1926 quidem
1650 1894 1718 1916 totus
1733 1896 1816 1916 causa

1028 1947 1056 1970 et
1066 1947 1134 1970 totus
1150 1948 1277 1969 excausa
1301 1944 1358 1972 est,
1378 1947 1440 1966 cum
1461 1937 1616 1965 individuus
1636 1936 1672 1963 sit
1684 1940 1712 1963 ct
1724 1935 1816 1962 incor-

1028 1994 1140 2022 poreus.
1172 1985 1306 2019 Quoniam
1331 1991 1397 2012 vero
1421 1991 1502 2010 causa
1517 1985 1541 2009 et
1565 1981 1728 2009 causativum
1745 1989 1816 2007 com-

1028 2033 1183 2068 positionem
1204 2039 1256 2058 nou
1279 2030 1417 2062 inducunt,
1444 2028 1627 2056 manifestum.
1649 2027 1719 2054 Ecce
1740 2035 1817 2054 nam-

1028 2086 1082 2115 que
1094 2077 1178 2105 Filius
1195 2081 1224 2105 et
1239 2076 1357 2112 Spiritus
1372 2075 1536 2111 principium
1555 2079 1582 2101 et
1589 2081 1670 2102 causa
1687 2080 1749 2100 cum
1763 2072 1817 2099 Pa-

1031 2129 1073 2152 tre
1088 2127 1153 2151 sunt
1179 2122 1315 2150 conditrix
1342 2121 1583 2154 universitatis.“
1607 2121 1687 2148 Patre
1706 2120 1814 2155 quidem

189 2173 258 2208 plice
272 2180 322 2207 per
337 2171 489 2207 simplicem
511 2172 637 2207 simplex,
663 2176 691 2199 et
707 2179 741 2199 ex
769 2171 917 2200 individuis
932 2172 975 2200 in-
989 2179 1016 2209 D
1029 2177 1110 2198 causa
1125 2169 1195 2197 Filio
1221 2174 1248 2196 et
1269 2173 1363 2196 sancto
1386 2167 1487 2202 Spiritu
1511 2168 1659 2195 secundum
1684 2167 1764 2194 aliam
1788 2171 1817 2193 et

188 2219 325 2252 dividuus,
346 2218 509 2254 ct-ejusdem
531 2221 636 2245 natura:
648 2225 710 2246 cum
727 2218 770 2251 iis,
790 2218 836 2254 qui
856 2218 978 2254 ejusdem

188 2269 293 2291 natura:
304 2270 366 2291 cum
383 2263 443 2299 ipso
461 2267 552 2291 sunt.)
573 2262 606 2290 Et
619 2270 727 2290 rursum
743 2262 792 2297 (ib.
811 2263 875 2294 947.
891 2262 953 2297 948)
970 2271 978 2290 :

191 2309 236 2337 «Si
247 2310 328 2337 Pater
352 2309 491 2345 ingenitus
506 2314 569 2337 cum
584 2309 628 2343 sit,
644 2308 752 2344 genitor
770 2312 811 2336 est
824 2312 852 2336 et
875 2308 980 2343 produ-

189 2361 258 2388 ctor,
275 2355 326 2384 hoc
351 2355 461 2390 quidem
489 2355 619 2390 Spiritus,
648 2354 696 2383 illo
708 2354 780 2388 Filii,
798 2359 826 2382 et
838 2354 899 2382 Filii
916 2354 979 2390 qui-

225 2463 282 2499 (14)
296 2464 404 2491 Bessar.
421 2472 443 2491 ε.
470 2462 629 2499 Planud._ﬂ(
639 2470 684 2498 ap.
707 2462 808 2499 arcud:
825 2465 853 2491 et
874 2463 902 2491 in
917 2463 977 2492 cod.

189 2495 262 2540 l‘l‘foin.
274 2495 316 2540 ’ᾏΊ
332 2498 406 2540 .f."80
417 2499 448 2540 _b.
465 2498 506 2540 75_
516 2506 542 2540 a:
555 2495 698 2540 )“Iﬁlp'qiat
712 2517 720 2529 ,
735 2498 793 2540 ‘61:;
791 2495 808 2535 ᾖ
826 2499 911 2540 μονὰς
931 2499 980 2526 καὶ

188 2534 256 2564 Θεὸς
271 2534 312 2564 εις
327 2534 342 2560 ὁ
356 2533 449 2569 fieri“)
461 2533 510 2569 gat
528 2534 543 2559 ὸ
555 2531 625 2569 re:
647 2531 697 2560 stat
718 2532 749 2569 τὺ
770 2531 883 2569 Πνεῦμα
912 2542 979 2568 προ-

189 2570 287 2602 άγουσι
301 2568 347 2594 καὶ
359 2567 403 2594 διὰ
425 2567 506 2594 irati-ro
517 2568 548 2594 οὐ
563 2567 674 2595 δύναται
697 2568 744 2594 καὶ
766 2567 863 2595 rati-:6»;
880 2567 978 2595 ἑαυτοῦ

189 2603 260 2631 εἶναι
275 2603 306 2629 τὸ
322 2602 432 2638 Πνεῦμα
447 2603 477 2630 τὸ
488 2603 565 2637 ἆγιον
577 2611 584 2618 ⁸
602 2603 660 2629 ἀλλ’
674 2603 781 2638 ἀνάγκη
797 2603 896 2638 μᾶλλον
907 2602 979 2631 εἶναι

189 2638 287 2681 ταύτὸν
309 2638 399 2681 esum?)
416 2638 499 2681 χόν,ὰί
512 2638 591 2681 τοῦτο
617 2638 794 2681 προξέναιηὲκ
816 2638 918 2681 τούτων
941 2639 978 2670 ὡς

190 2675 223 2700 ἐκ
251 2674 363 2708 μονάδος
377 2680 384 2688 ·
414 2673 444 2700 τὺ
469 2673 524 2712 γὰρ
544 2673 639 2733 ἓτεςον
667 2673 764 2699 ἑαυτοῦ
788 2674 835 2699 καὶ
853 2673 979 2714 εξύνθετον

191 2708 376 2743 ὑπολαμϐάνει
397 2707 427 2734 τὺ
449 2716 557 2742 πνευμα
577 2716 592 2734 τ
617 2707 710 2743 ηᾷγιον
730 2708 773 2734 διὰ
793 2708 824 2734 τὺ
839 2708 903 2735 ἄλλο
929 2708 979 2743 μὲν

190 2733 390 2771 ἑέὲῦἒῖιὶάῖἒὲδ
404 2733 447 2769 ἐκ
465 2733 589 2777 naz'pbg,
608 2733 671 2769 sit};
686 2733 718 2769 δὲ
733 2733 819 2775 est:
835 2733 906 2775 ius;
923 2733 979 2769 ἑῶν

192 2778 263 2805 πάνυ
283 2778 446 2813 σωματικῶν
467 2777 541 2804 ἔστιν
565 2778 665 2813 ἐννοεῖν
680 2777 728 2804 καὶ
752 2777 812 2804 λίαν
832 2778 933 2809 ὑλικῶς
947 2786 977 2803 τε

193 2813 240 2837 καὶ
262 2813 399 2848 capiundi;
418 2813 451 2840 τὰ
472 2813 561 2839 ἐκεῖσε
578 2812 720 2839 νοούντων·
734 2813 764 2839 οὐ
784 2812 835 2848 γὰρ
855 2812 940 2844 οὕτως
960 2814 977 2848 ἡ

1029 2217 1109 2245 aliam
1121 2216 1238 2251 speciem
1248 2235 1256 2247 ,
1274 2216 1300 2242 in
1324 2223 1379 2250 quo
1388 2214 1474 2250 magis
1484 2222 1565 2249 quam
1573 2213 1663 2249 aliquo
1673 2212 1727 2240 alio
1739 2220 1817 2240 com-

1030 2263 1131 2299 positio
1148 2262 1200 2298 (ed.
1230 2260 1393 2297 composito)
1423 2255 1562 2295 appareat,
1596 2259 1815 2291 exsistentibus;

1029 2309 1130 2345 quippe
1142 2312 1330 2336 creaturarum
1346 2307 1477 2334 alteruter
1500 2306 1636 2341 (uterque)
1648 2313 1730 2334 causa
1748 2305 1817 2332 dici-

1029 2360 1084 2389 tur,
1101 2360 1132 2383 ut
1149 2355 1269 2383 elliciens
1292 2353 1428 2382 conditrix
1454 2353 1526 2385 scil.,
1555 2352 1705 2380 secundum
1733 2359 1816 2387 quam

1029 2462 1075 2506 ἐοξ
1087 2464 1193 2506 lineo;
1204 2464 1330 2506 éyépyetg
1342 2464 1391 2506 ’ἰῆς
1404 2462 1530 2506 τοξγὶοὖ
1545 2463 1761 2506 ἀρεῖς-χοινιεξτᾳι,
1777 2463 1816 2506 ᾡς

1029 2475 1075 2493 του
1089 2472 1193 2506 ιιατεος
1204 2472 1330 2500 ενεργεια
1342 2472 1391 2499 της
1404 2472 1450 2490 τον
1469 2472 1479 2490 ι
1490 2472 1530 2490 ιου
1545 2472 1761 2524 απεσξοινισται,
1777 2472 1816 2496 ως

1028 2502 1045 2536 ὴ
1065 2501 1119 2535 ἐμὴ
1134 2500 1256 2536 τηςγσῆς,
1269 2499 1420 2536 οὐδ’-οῢῖως
1431 2498 1509 2536 ἄλλος
1525 2499 1572 2536 καὶ
1587 2498 1621 2536 ἄλ
1637 2507 1665 2530 ος
1683 2498 1761 2536 elatio,
1778 2498 1817 2536 ὡς

1028 2531 1087 2571 {Td}.
1100 2531 1148 2571 ιζαὶ
1160 2531 1205 2560 ὲὺ·
1222 2531 1282 2571 ideo
1298 2534 1358 2571 Aydp
1373 2533 1405 2560 ἂν
1422 2534 1501 2571 pavo:
1513 2531 1569 2571 eixe
1588 2533 1680 2571 χῴραν
1694 2534 1717 2571 ὴΔ
1730 2533 1762 2571 ἐν
1772 2533 1817 2571 ’τῷ

1029 2568 1230 2605 dirutasque-tt
1245 2569 1390 2605 σύνθεσις)
1402 2570 1436 2605 ret
1456 2569 1508 2605 γὰρ
1523 2569 1569 2605 {ei
1583 2568 1662 2605 ἀλλες
1675 2568 1723 2605 κα).
1737 2568 1818 2605 ang;

1027 2608 1084 2644 τρῖς
1098 2601 1253 2644 προέξῦιζεοις
1271 2604 1424 2644 deludit]?
1437 2601 1512 2644 ᾳῦδξν
1526 2601 1607 2644 ᾖττςιν
1623 2601 1663 2644 eis
1677 2604 1725 2630 καὶ
1769 2603 1818 2644 αξι-

1028 2636 1140 2672 adcrete't
1149 2641 1183 2674 τῇ
1197 2639 1304 2674 θεότητι
1318 2639 1364 2665 καὶ
1381 2637 1421 2670 εἷς
1436 2636 1545 2673 ἀριθμῷ
1559 2647 1565 2654 ·
1580 2638 1618 2674 ᾡς
1636 2636 1704 2665 εἶναι
1727 2638 1818 2674 ᾳὺτῶν

1029 2670 1075 2703 καὶ
1092 2676 1155 2710 μίαν
1168 2670 1206 2709 ’ἷῷ
1221 2670 1330 2709 ἀριθμῷ
1339 2673 1388 2710 τὴν
1402 2670 1541 2710 ὲνέργειζαν
1555 2682 1562 2689 ·
1576 2670 1613 2710 ὧν
1625 2674 1680 2710 δὲλὴ
1692 2673 1818 2710 ἐνέργεια.

1030 2707 1097 2746 μιαί
1121 2707 1246 2746 πῶςίοῦ
1265 2707 1373 2746 κᾲὶῖ-τᾷ
1401 2707 1623 2746 exuuiis-gesti
1650 2707 1683 2735 ἂν
1712 2707 1818 2746 ἁπλοῦν

1029 2742 1082 2807 iii},
1099 2745 1148 2785 uati.
1168 2744 1258 2780 πάντη
1283 2743 1431 2771 ἀσύνθετον
1450 2744 1499 2771 καὶ
1519 2742 1550 2777 ἐξ
1572 2744 1694 2780 ἀνάγκης
1717 2742 1818 2771 ταῦτὸν

1044 2788 1134 2807 surtu:

1044 2788 1117 2816 αυτῳ
1127 2788 1134 2812 ;
