1945 3088
108 121 162 154 533

461 121 512 153 DE
527 123 557 152 S.
579 122 676 152 SPIR.
695 120 946 152 MYSTAGOGIA.
961 133 996 138 —
1013 117 1386 151 ANIMADVERSIONES.

1684 116 1737 148 534

104 175 223 211 speciem
251 174 420 203 habitudinis
441 176 516 203 nullo
530 177 610 204 modo
624 175 742 210 Spiritus
755 175 797 202 rel
810 174 896 202 Filius
911 180 933 208 Α
948 177 1006 200 tum
1022 172 1106 199 infert
1121 171 1255 204 ﬁliationi,
1272 171 1344 206 quod
1359 178 1413 197 non
1429 176 1481 204 qua
1493 169 1577 197 Filius
1593 170 1673 204 spirat
1692 170 1738 196 Fi-

103 229 138 249 cx
155 221 233 248 l'atre
259 223 416 257 prodeunt;
434 229 528 249 eorum
555 222 626 250 enim
652 222 767 256 quisque
789 226 895 249 creator

103 274 156 301 est,
172 277 227 296 non
242 274 401 296 creatura...
426 269 508 304 Igitur
532 269 554 297 si
577 277 659 297 causa
675 273 702 296 et
727 269 895 297 causativum

103 314 268 349 (causatum)
283 315 431 341 secundum
449 315 619 342 diﬁ‘ercntem
633 315 821 342 habitudinem
835 315 894 349 Spi-

103 360 174 387 ritus
199 359 267 386 Filio
282 360 452 394 Spirituique
471 361 657 395 competentia
669 361 771 388 nullam
786 361 812 387 in
839 361 895 388 eis-

104 407 165 434 dem
180 407 284 434 faciunt
307 409 543 442 compositionem,
558 409 746 440 manifestum,
761 408 832 443 quod
846 416 895 435 ne-

103 461 156 488 que
172 453 258 481 Filius
275 461 307 480 ex
323 461 356 481 eo
366 455 438 489 quod
455 455 580 483 similiter
596 455 669 483 Patri
685 455 802 490 Spiritus
816 462 896 482 causa

103 503 288 534 nuncupetur.
313 500 537 535 compositionem
565 502 689 529 habeam
716 501 766 528 Hic
779 508 896 536 sequens

105 545 194 572 Photii
223 552 413 582 argumentum
439 549 475 583 (ο.
492 548 537 583 15)
566 556 620 583 quo
645 548 735 584 arguit
749 555 893 576 causarum

104 591 262 619 dualitatem
286 592 400 619 minime
417 601 569 629 congruere
582 594 677 621 unitati
693 599 720 621 et
730 594 896 629 simplicitati

106 639 226 674 Spiritus
253 641 338 667 sancti
365 641 491 676 hancque
519 642 591 669 illam
615 643 769 674 excludere,
795 642 898 678 pariter

105 685 303 721 expediendum
319 692 380 720 est;
401 695 485 715 unum
513 696 578 715 sane
597 694 639 716 est
654 689 828 723 principium,
843 698 897 717 una

104 732 193 759 virtus
208 737 234 760 et
245 734 316 760 actio
326 734 454 768 spirativa
471 742 557 769 eaque
570 734 695 770 simplex.
713 743 784 763 unus
797 741 825 763 et
832 737 896 763 sim-

105 779 167 813 plex
181 783 223 806 est
237 779 318 814 hujus
341 780 457 808 actionis
479 782 622 809 terminus.
646 782 685 809 Ad
707 782 733 809 id
752 783 824 817 quod
840 782 898 810 Me-

106 826 248 853 thonensis
274 827 330 853 ait:
351 827 443 860 «Quod
469 835 503 855 ex
517 828 624 855 duobus
649 834 701 860 est,
717 829 741 856 ei
759 830 831 865 quod
862 838 894 857 ex

106 879 162 898 uno
185 877 301 905 tantum,
315 881 455 908 nunquam
472 879 513 903 est
527 875 656 910 aequale»
672 876 740 903 scite
750 876 898 911 respondet

106 918 184 954 Hugo
193 919 355 948 Etherianus
370 922 400 955 (l.
414 921 446 955 11,
463 929 487 949 c.
506 922 549 954 12,
564 930 592 957 p.
612 921 690 956 l226)
707 928 894 958 argumenturr
915 938 933 953 ι,

105 965 142 993 ita
167 970 328 1001 retorquens
347 977 354 995 :
375 977 383 992 ι
403 968 480 1000 Quod
494 976 528 995 ex
553 976 618 1000 uno,
641 969 665 996 ei
688 969 761 1003 qttod
776 977 808 996 ex
824 969 897 996 nullo

105 1016 158 1043 est.
166 1020 304 1047 nunquam
320 1018 362 1040 est
375 1014 486 1048 aequale.
497 1013 532 1040 At
547 1022 611 1041 vero
621 1013 705 1041 Filius
716 1022 749 1041 ex
760 1023 815 1042 uno
827 1015 895 1048 solo,

86 1058 88 1060 ⁷
106 1057 186 1086 Patre
202 1060 273 1093 scil.,
284 1060 329 1094 qui
344 1067 359 1086 a
374 1060 448 1086 nullo
462 1060 542 1087 habet
555 1060 759 1093 exsistentiam;
777 1061 898 1096 inaequa»

106 1105 146 1132 les
159 1111 224 1133 sunt
239 1113 304 1141 ergo
319 1106 399 1133 Pater
413 1111 440 1134 et
456 1106 565 1134 Filius.)
581 1107 634 1134 Sed
656 1116 665 1133 ι
688 1115 743 1134 non
755 1113 818 1135 sunt
838 1109 896 1136 haec

106 1150 134 1178 in
155 1151 337 1185 quantitatum
354 1152 533 1186 proprietate,
565 1152 629 1187 quia
651 1160 740 1188 neque
767 1161 895 1182 mensura

106 1204 195 1231 neque
209 1198 346 1231 quantitas
361 1197 387 1224 in
399 1197 498 1225 divinis
513 1202 566 1226 est.

141 1242 187 1269 28.
207 1253 216 1268 ι
234 1242 287 1270 Sed
304 1244 388 1270 Filius
403 1252 479 1272 suam
500 1249 592 1272 servat
605 1244 809 1280 proprietatem,
825 1247 895 1274 ﬁlia-

107 1289 222 1321 tionem,
238 1293 264 1316 et
279 1289 396 1323 Spiritus
425 1298 500 1317 suam
526 1291 728 1325 precessionem
743 1300 776 1320 ex
791 1293 871 1320 Patre
885 1302 893 1326 ;

106 1339 135 1362 et
164 1335 236 1362 sicut
254 1336 372 1371 Spiritus
394 1345 410 1364 a
425 1337 505 1366 Patre
527 1339 679 1374 procedens
701 1340 801 1368 nullam
825 1341 894 1369 acti-

106 1389 168 1408 vam
186 1382 392 1416 productionem
418 1383 461 1411 vel
477 1385 680 1420 generationem
699 1387 830 1422 possidet,
857 1389 893 1416 ita

106 1435 158 1455 nec
181 1428 267 1455 Filius
287 1436 301 1456 a
317 1428 397 1457 Patre
414 1430 521 1465 genitus
545 1432 632 1459 activa
653 1434 826 1468 generatione
851 1436 893 1463 vel

106 1473 255 1501 emissione
265 1475 471 1511 praerogativam
486 1476 623 1505 ﬁliationis
638 1478 773 1506 adulterat
794 1489 802 1506 ι
820 1481 892 1516 (cap.

106 1520 164 1554 46).
175 1519 454 1575 Sane-proprietatem
475 1522 724 1575 characteris‘ticam
738 1530 795 1552 tum
811 1526 895 1554 Filius
909 1531 929 1560 c

107 1571 164 1593 tum
185 1567 301 1601 Spiritus
321 1572 433 1596 sanctus
446 1569 527 1596 etiam
546 1569 572 1596 in
589 1569 748 1599 Latinorum
772 1572 896 1600 doctrina

105 1617 287 1646 conservant;
316 1622 409 1641 verum
429 1615 502 1650 quod
529 1615 573 1643 hic
590 1616 690 1644 nullius
715 1625 838 1652 persona:
861 1619 897 1646 sit

106 1658 282 1693 principium,
297 1659 342 1687 ille
352 1667 418 1687 vero
433 1668 494 1688 cum
511 1661 591 1689 Patre
605 1662 640 1690 sit
653 1663 817 1697 principimn
834 1664 897 1699 Spi-

106 1704 184 1735 ritus,
206 1705 233 1731 id
253 1705 286 1732 ad
309 1705 433 1734 neutrius
458 1707 633 1735 constitutiva
659 1708 788 1743 pertinet.
813 1709 893 1737 Nulla

106 1753 238 1784 prmterea
267 1750 295 1777 in
317 1757 351 1777 co
381 1756 424 1778 est
443 1752 633 1784 contradictio,
660 1754 733 1788 quod
755 1753 838 1781 Filius
860 1755 896 1783 sit

106 1796 271 1831 principium
287 1797 369 1824 simul
391 1802 418 1825 et
433 1798 637 1834 principiatum,
655 1801 717 1834 quia
733 1809 788 1828 non
803 1806 844 1829 est
860 1802 894 1830 ad

105 1842 178 1869 idem
192 1849 240 1869 seu
251 1842 283 1869 ad
299 1843 424 1871 eamdem
439 1851 583 1878 personam
602 1846 657 1880 (l5)
670 1855 677 1879 ;
693 1852 816 1882 respectu
833 1849 894 1882 qui-

105 1888 168 1914 dem
191 1887 266 1923 [522]
290 1888 379 1916 Patris
400 1894 441 1918 est
465 1891 596 1923 αἰτιατὺς,
623 1897 749 1927 respectu
775 1893 894 1928 Spiritus

104 1933 189 1965 αττιος
203 1934 258 1970 (16)
271 1943 279 1968 ;
292 1935 374 1964 habet
385 1944 449 1973 ergo
458 1938 544 1965 solum
553 1937 723 1966 diﬂ'erentem
734 1940 893 1967 relationem

105 1981 139 2008 ad
155 1982 262 2009 Patrem
277 1987 305 2010 et
319 1983 353 2010 ad
371 1982 513 2018 Spiritum.
528 1983 606 2011 Nulla
621 1984 739 2020 denique
754 1986 781 2012 in
794 1994 827 2013 eo
851 1991 893 2013 cst

105 2026 244 2054 ﬁliationis
268 2027 439 2062 adulteratio,
461 2030 532 2064 quod
555 2029 686 2065 Spiritum
705 2031 791 2059 Filius
808 2032 894 2066 spirat

105 2079 167 2099 cum
183 2072 282 2107 Patre;
297 2073 391 2102 ﬁliatio
405 2075 478 2102 enim
500 2076 642 2103 constituit
652 2084 714 2103 eum
730 2077 757 2104 in
773 2085 834 2105 esse
848 2077 892 2105 Fi-

105 2118 134 2145 lii
153 2123 181 2146 et
195 2119 306 2147 denotat
329 2120 388 2155 ejus
403 2121 561 2149 relationem
576 2122 611 2149 ad
627 2123 736 2150 Patrem
765 2128 868 2151 tantum
882 2133 889 2157 ;

105 2171 195 2199 neque
214 2165 331 2200 Spiritus
352 2167 438 2194 sancti
455 2167 526 2194 ﬁlius
546 2167 630 2195 Filius
646 2172 697 2201 est,
713 2176 802 2204 neque
822 2178 889 2204 qua-

105 2215 180 2236 tenus
203 2210 288 2238 Filius
303 2211 363 2245 ejus
384 2212 512 2246 spirator.
533 2213 645 2240 Nullum
665 2214 717 2241 hoc
741 2215 892 2242 detrimcn-
908 2206 930 2233 Ῑ)

141 2275 197 2318 (PS)
217 2276 298 2318 Geor.
314 2277 436 2318 Scholar.
453 2279 550 2318 ςρῃιζα
566 2279 651 2318 Marc.
676 2281 771 2316 Ephes.
796 2283 891 2318 syllog.

106 2312 136 2353 1ἱ
159 2312 332 2353 (qod._tton_.
361 2314 394 2353 g7
417 2314 436 2341 r.
454 2315 499 2353 l8}
523 2315 550 2353 b_.
578 2316 630 2353 tea
643 2318 680 2353 a.)
700 2312 894 2353 "Amxstpah

129 2345 214 2383 svoﬁy
230 2347 284 2373 εἰσι
299 2348 329 2374 τὸ
342 2349 428 2375 αἴτιον
450 2349 497 2376 καὶ
519 2350 550 2376 τὸ
570 2345 700 2383 αἱτιατὸν,
729 2353 777 2378 καὶ
802 2345 831 2378 ἐκ)
853 2353 893 2383 τῷ

107 2354 158 2405 ἵεν
168 2355 214 2372 ουν
230 2354 284 2373 εισι
299 2354 329 2374 τὸ
342 2354 428 2375 αῐτιον
450 2354 497 2376 καὶ
519 2354 550 2376 τὸ
570 2354 700 2383 αιτιατὸν,
729 2354 777 2378 καὶ
802 2354 830 2378 ὲν
853 2354 892 2380 τῶ

121 2380 165 2422 ’ἰῷ
180 2380 356 2422 εἷμαι-τᾳῦτάῠ
368 2392 451 2422 paratu
468 2385 491 2410 ot
506 2385 676 2422 Aarivotxat
694 2387 752 2422 ἅμα
764 2396 772 2403 ·
789 2388 848 2414 ἀλλ’
862 2379 892 2414 οὗ

107 2416 216 2458 πὶρδξῖτδ
230 2418 362 2458 ἀῡτδ1κιξιςι
375 2416 518 2458 mandenti
525 2428 532 2435 ·
552 2419 582 2458 εδ
597 2420 647 2454 μὲν
663 2416 721 2458 γάρ’
740 2423 798 2448 ἐστι
826 2423 894 2458 πρὸς

107 2450 154 2492 Ξὺν
167 2451 284 2492 [1ατέρα,
293 2453 322 2479 τὺ
333 2454 363 2492 ῥὲ
377 2454 445 2492 πρὸς
455 2450 607 2492 τρλΠνλεῦῗμᾶ
618 2450 686 2492 ξκσίὶ
699 2450 765 2492 ἆτρὸς
783 2458 833 2492 μὲν
847 2450 894 2484 ἒὸῦ

106 2485 215 2527 [luteast
229 2489 375 2527 γεγξῃτῷίε
393 2485 460 2527 arpi):
470 2489 499 2515 δὲ
514 2489 543 2527 Eo
563 2485 889 2527 llveﬁjtarfnpodkﬁttxtbr

105 2520 178 2561 ρῦτω
191 2520 220 2563 δκὲ
240 2520 309 2548 0-553
328 2520 457 2551 ἁδύναὲόν
475 2532 502 2550 τι
520 2520 754 2558 ἓπεται,ὀῦδὲ’τδ
781 2520 889 2562 ἆξίωμᾶ

105 2563 268 2590 αναιρειται.

143 2590 290 2632 (l6)_ld'c_r_n
318 2592 580 2632 Scholarinsjpaulo
609 2599 673 2622 ante
700 2595 781 2624 citata
812 2598 893 2625 verba

106 2626 388 2673 Sxflntiiﬂflli'ﬁteté
415 2626 513 2673 "Uti
530 2632 669 2673 ξτατρβτηξ
690 2632 737 2673 {et
752 2633 768 2673 ὴ
783 2633 892 2673 rtem.

106 2660 169 2702 ᾖ,ῖρ
180 2661 265 2702 αξτιιον
277 2663 302 2688 εὶ
311 2663 459 2702 βούλει-καὶ
465 2660 637 2702 socient-av,
647 2660 683 2702 ἢν
695 2667 723 2702 ἐν
734 2660 772 2702 τῷ
783 2660 891 2694 Ὶσαάἱξί

108 2695 176 2738 attat
190 2696 256 2738 6t6tt
269 2695 337 2738 πρὸς
366 2699 433 2738 duo
442 2700 492 2738 7x91
507 2700 570 2738 ᾴλλο
589 2695 667 2738 coite"
683 2695 765 2738 stxev;
781 2703 894 2738 θάτερον

109 2730 160 2773 tibi
177 2732 239 2773 ‘yjip
263 2730 331 2773 1:521,-
354 2734 400 2773 ⁵[τὸν
423 2735 573 2773 ξΑξραᾲμη
589 2730 749 2773 θᾴτερονῖὲ
758 2730 834 2773 ’πρὸς
848 2730 894 2765 Ῐπὺν

115 2765 292 2805 Ἰατλξῲισέημίά
306 2767 339 2805 ἦν
356 2770 372 2804 ἡ
390 2769 437 2796 τοῦ
458 2765 721 2803 diiudico-noctemq,
733 2780 760 2799 κ.
774 2765 799 2799 τ’.
814 2765 839 2800 λζ.

144 2802 199 2842 (17)
212 2802 515 2842 Νἱοθιιεέιτέυιιιεηωηι
527 2807 596 2840 apud
613 2802 751 2842 llugonem
766 2808 818 2835 tale
835 2815 891 2835 est:

113 2846 123 2863 ε
143 2837 197 2867 Aut
211 2847 265 2867 non
282 2849 316 2868 ex
332 2837 413 2869 causa
427 2837 560 2869 exsistcns
575 2837 754 2871 habet-Filius
770 2843 890 2879 Spiritus

947 219 1021 251 lius;
1038 226 1126 253 neque
1144 218 1215 245 enim
1233 218 1326 244 ﬁliatio
1341 216 1456 244 ulterius
1465 223 1494 243 se
1510 216 1642 248 extendit,
1657 223 1738 250 quam

946 264 1077 291 diximus.
1090 263 1152 290 llaec
1163 267 1258 290 contra
1273 262 1394 290 Nicetam
1410 262 1569 298 Byzantium
1594 261 1649 297 (l7)
1663 267 1739 288 notat

947 309 1024 344 [Iugo
1050 308 1215 336 Etherianus
1241 308 1270 343 (l.
1295 316 1313 334 ι.
1334 315 1358 334 c.
1381 307 1423 340 l7,
1448 315 1475 342 p.
1497 307 1587 340 1211),
1606 307 1739 334 obscurus

947 353 1096 385 interdum,
1119 354 1166 381 sed
1183 361 1321 388 nunquam
1345 353 1403 380 sale
1430 358 1457 380 et
1477 352 1603 380 acumine
1631 353 1738 386 penitus

947 400 1107 427 destitutus.
1126 409 1135 425 ‹
1152 399 1264 432 Quaerit,
1280 407 1341 434 qua:
1355 398 1561 426 exhaereditatio
1576 398 1637 430 ista,
1654 402 1681 425 et
1693 397 1738 424 Fi—

947 446 975 473 lii
987 446 1193 478 detrimentum,
1210 449 1239 472 ut
1257 453 1309 471 non
1322 445 1349 470 in
1373 452 1402 470 eo
1417 444 1485 476 quod
1500 442 1585 470 Filius
1597 443 1676 470 Pater
1693 443 1737 470 sit.

947 493 1023 526 Quod
1037 493 1146 528 quidem
1165 493 1341 527 quaerendum
1356 499 1412 518 non
1428 495 1497 522 erat,
1515 491 1562 518 sed
1585 491 1672 517 multo
1686 491 1738 516 mi-

949 547 1002 566 nus
1021 539 1204 571 inferendum,
1222 543 1252 566 ut
1270 545 1302 565 ex
1317 537 1441 572 pluribus
1453 537 1512 564 aliis
1527 537 1611 563 videri
1627 541 1736 571 potest;

948 585 1028 611 velut
1042 584 1063 612 si
1077 584 1158 612 Pater
1175 585 1203 611 in
1219 591 1253 611 eo
1267 584 1340 618 quod
1356 583 1442 610 factor
1456 582 1540 609 ﬁlium
1555 582 1684 609 factorem
1699 591 1740 609 os-

949 629 1044 656 tendat
1060 629 1163 665 (omnia
1185 629 1258 656 enim
1273 637 1322 663 per
1340 628 1430 662 ipsum
1445 627 1515 654 facta
1531 627 1617 662 sunt),
1640 635 1738 654 ncces-

947 676 1048 704 sarium
1073 677 1118 708 sit,
1140 676 1237 703 Filium
1263 674 1371 701 Patrem
1397 681 1458 701 esse
1484 674 1516 700 ad
1541 673 1738 700 ostendendum

948 730 1011 749 eum
1031 721 1107 758 [525]
1127 723 1153 748 in
1184 729 1216 748 eo
1235 721 1307 756 quod
1332 720 1420 747 factor
1445 720 1608 754 genitorem,
1635 718 1739 745 nullum

947 776 1013 796 vero
1031 768 1224 795 detrimentum
1241 767 1313 795 circa
1341 766 1459 793 divinam
1473 769 1597 792 naturam
1616 764 1740 791 invenia-

949 819 1012 841 tur:
1039 822 1100 849 quue
1128 813 1242 845 fallacia,
1261 813 1284 840 si
1303 813 1337 839 de
1360 812 1402 839 his
1415 819 1475 846 quae
1503 811 1574 846 apud
1593 818 1643 838 nos
1664 815 1738 851 sunt2

910 852 932 879 Β
951 858 1106 892 exemplum
1127 862 1261 889 sumatur,
1275 856 1447 891 apertissima
1461 859 1502 882 est
1515 855 1566 882 hoc
1585 855 1683 882 modo:
1711 854 1739 881 S'

951 908 1029 938 pater
1055 903 1130 930 ineo
1149 902 1220 937 quod
1244 901 1355 937 desipit.
1373 901 1458 928 ﬁlium
1478 901 1647 928 demonstrat
1672 900 1740 926 insi-

951 949 1082 983 pientem,
1111 948 1184 975 nulla
1213 952 1289 975 certo
1305 947 1412 974 videtur
1433 946 1582 973 necessitas
1604 944 1670 972 fatui
1691 944 1739 971 ﬁlii

950 996 1156 1031 generationem
1174 995 1284 1027 inferre,
1300 1003 1335 1022 ne
1352 994 1397 1022 ﬁat
1414 998 1534 1029 paternae
1545 993 1738 1021 detrimentum

949 1041 1092 1068 faluitatis.
1112 1041 1214 1068 Putoin
1228 1040 1313 1076 ﬁgura
1327 1039 1455 1067 dictionis
1473 1038 1631 1074 huiusmodi
1646 1045 1740 1072 pecca-

951 1091 1007 1113 tum
1034 1086 1154 1118 ohvolvi,
1171 1093 1204 1112 eo
1218 1085 1289 1120 quod
1305 1093 1360 1112 non
1385 1085 1456 1112 idem
1471 1084 1565 1111 eadem
1586 1086 1740 1118 exponatur

949 1130 1185 1165 interpretatione.
1198 1129 1306 1156 Etenim
1321 1129 1437 1164 hujusce
1450 1127 1609 1156 consecutio
1618 1127 1740 1154 substan-

949 1174 1055 1201 tialium
1083 1179 1134 1207 est,
1151 1183 1201 1201 non
1214 1175 1424 1209 proprietatum;
1451 1174 1522 1209 quod
1536 1173 1651 1200 reclusis
1672 1180 1739 1199 con—

949 1219 1063 1247 siderari
1075 1224 1164 1255 potest
1182 1219 1312 1251 latihulis,
1333 1219 1356 1246 si
1372 1219 1472 1246 omissa
1489 1218 1618 1253 religione
1631 1218 1663 1245 ad
1678 1225 1737 1245 Ino-

948 1265 1039 1293 dicum
1058 1266 1150 1293 divina
1166 1270 1284 1293 mentem
1301 1266 1334 1293 ad
1353 1265 1464 1293 humani
1487 1265 1594 1300 generis
1607 1271 1739 1300 propaga-

948 1311 1051 1339 tionem
1084 1311 1145 1346 quis
1171 1316 1289 1338 revocet.
1322 1310 1422 1338 Nonne
1444 1310 1590 1345 cujuslibet
1620 1309 1740 1337 hominis

947 1356 1029 1389 ﬁlius,
1052 1364 1114 1384 cum
1139 1356 1241 1389 omnia,
1268 1364 1328 1391 qua:
1351 1356 1421 1391 patri
1448 1355 1636 1383 substantialia
1663 1360 1737 1387 sunt,

948 1392 1056 1433 hab'eat.
1075 1409 1169 1429 eorum
1186 1409 1246 1436 qua:
1262 1401 1324 1428 talia
1340 1409 1394 1428 non
1413 1405 1486 1432 sunt,
1505 1400 1644 1427 minimam
1658 1400 1740 1427 inter-

946 1449 1021 1482 dum,
1050 1449 1200 1483 portionem
1225 1448 1348 1475 retinet?
1376 1447 1404 1475 Si
1432 1448 1501 1474 Patri
1526 1446 1738 1474 substantialilcr

946 1495 984 1530 (id
1005 1499 1049 1522 est
1063 1499 1191 1529 tanquam
1209 1494 1372 1527 substantia)
1393 1494 1494 1521 inesset
1510 1493 1571 1534 Filii
1598 1492 1737 1528 generatio

1293 1546 1327 1566 ex
1350 1539 1515 1566 necessitate
1537 1537 1623 1566 Filius
1649 1538 1737 1572 ipsum

949 1585 1021 1612 idem
1036 1590 1132 1612 nactus
1155 1585 1236 1616 foret,
1248 1583 1314 1620 quin
1335 1585 1416 1611 etiam
1435 1588 1462 1611 et
1478 1583 1595 1618 Spiritus
1615 1586 1737 1613 sanctus.

948 1631 1042 1659 ct‘hoc
1059 1631 1087 1658 in
1109 1631 1245 1658 inﬁnitum
1261 1639 1269 1663 ;
1285 1630 1332 1657 sed
1350 1629 1461 1664 (neque)
1477 1629 1557 1656 Pater
1571 1628 1597 1655 in
1614 1635 1647 1655 eo
1665 1628 1737 1663 quod

945 1678 1095 1705 substantia
1122 1682 1234 1713 generat
1255 1682 1302 1704 aut
1318 1677 1449 1712 Spiritum
1465 1676 1575 1708 emittit,
1593 1683 1681 1710 neque
1709 1675 1736 1702 in

945 1731 978 1750 eo
994 1723 1066 1758 quod
1092 1723 1162 1750 Deus
1180 1723 1279 1750 aFilio
1301 1723 1344 1750 vel
1363 1731 1378 1750 a
1404 1723 1505 1758 Spiritu
1532 1722 1639 1755 diﬁ‘ert;
1664 1729 1737 1748 unus

945 1769 1018 1796 enim
1033 1774 1059 1796 et
1076 1769 1146 1796 idem
1172 1769 1245 1796 Deus
1259 1769 1287 1796 hi
1301 1773 1355 1796 tres
1370 1773 1435 1796 sunt
1448 1777 1454 1801 ;
1473 1768 1520 1796 sed
1531 1768 1558 1795 in
1573 1775 1605 1795 eo
1627 1768 1736 1803 quidem

944 1814 1017 1849 quod
1040 1815 1120 1842 Pater
1138 1819 1260 1850 generat,
1285 1822 1301 1841 a
1316 1812 1385 1841 Filio
1400 1813 1511 1846 diﬁert;
1529 1813 1557 1840 in
1585 1820 1619 1840 eo
1644 1818 1735 1840 autem

944 1861 1017 1896 quod
1029 1861 1140 1893 emittit,
1155 1869 1171 1887 a
1184 1860 1287 1896 Spiritu
1301 1860 1366 1887 solo.
1379 1860 1437 1893 Qua
1451 1861 1485 1887 de
1501 1867 1530 1887 re
1547 1859 1733 1892 manifestum,

944 1906 1017 1941 quod
1033 1914 1112 1941 penes
1129 1906 1319 1933 substantialia
1342 1910 1448 1933 tantum
1462 1905 1523 1932 talis
1543 1905 1633 1932 locum
1654 1905 1736 1932 habet

944 1952 1112 1979 consecutio.
1139 1951 1207 1978 Nam
1227 1951 1407 1979 indubitabile
1429 1957 1470 1979 est
1490 1951 1647 1986 personales
1678 1950 1735 1978 sive

944 1996 1129 2032 hypostaticas
1151 1996 1334 2031 proprietates
1368 1997 1594 2032 impermutabiles
1628 2004 1688 2023 esse
1708 2000 1735 2023 et

942 2050 1039 2070 earum
1069 2042 1298 2077 permutationem
1314 2047 1415 2070 tantam
1428 2043 1615 2071 confusionem
1633 2047 1660 2070 et
1677 2042 1735 2069 dis-

942 2088 1105 2123 paritionem
1122 2095 1301 2123 personarum
1313 2088 1414 2120 facere,
1425 2088 1523 2124 quibus
1537 2088 1601 2115 solis
1619 2088 1735 2115 circum-

943 2133 1053 2168 scriptis
1067 2133 1195 2160 omnibus
1205 2133 1265 2161 aliis
1280 2134 1439 2162 ditIerentes
1453 2138 1657 2169 cognoscuntur
1673 2141 1735 2168 per-

943 2188 1038 2212 sonat;
1065 2184 1093 2206 at
1115 2187 1197 2207 causa
1209 2184 1248 2210 et,
1271 2184 1301 2207 ut
1329 2180 1365 2208 ita
1380 2181 1479 2210 dicam.
1503 2181 1683 2211 causativum,
1706 2183 1734 2206 et

943 2225 1052 2252 mittere
1076 2229 1104 2252 et
1119 2225 1200 2256 mitti,
1221 2229 1248 2252 et
1269 2233 1351 2260 quam
1365 2225 1466 2271 νιυηὲδ
1479 2226 1538 2252 alia;
1564 2225 1734 2259 hypostatictz

944 2289 1059 2316 emissor
1079 2297 1141 2316 esse
1157 2294 1205 2316 aut
1229 2297 1262 2317 ex
1285 2298 1366 2317 causa
1388 2295 1534 2320 exsmtens.
1562 2288 1642 2318 Patre
1670 2291 1729 2319 scil.

945 2324 1026 2358 Atqui
1044 2324 1066 2350 si
1085 2332 1135 2351 non
1158 2325 1293 2352 exsistens
1317 2333 1348 2352 ea:
1373 2333 1465 2356 causa,
1490 2330 1571 2352 erunt
1588 2333 1683 2352 rursus
1702 2326 1731 2353 in

944 2359 1077 2386 Triuitate
1090 2359 1152 2395 duo
1176 2359 1305 2395 principia
1331 2364 1358 2395 et
1382 2360 1442 2386 duae
1466 2367 1566 2386 causae.
1593 2359 1620 2386 Si
1638 2365 1730 2387 autem

943 2402 975 2420 ex
995 2394 1174 2429 causarFilius
1189 2394 1324 2422 exsistens
1339 2394 1458 2429 Spiritus
1472 2395 1587 2421 emissor
1605 2395 1650 2427 sit,
1671 2403 1730 2422 om-

944 2429 1014 2464 nino
1024 2436 1056 2464 είς
1071 2428 1152 2455 Patre
1162 2429 1213 2456 hoc
1224 2430 1336 2456 sortitus
1349 2428 1424 2456 est...
1438 2429 1484 2456 Sin
1498 2434 1589 2464 autem
1603 2437 1635 2456 ex
1651 2430 1729 2458 Patre

945 2464 997 2491 hoc
1010 2463 1101 2494 habet,
1114 2470 1174 2498 qua:
1188 2468 1230 2491 est
1248 2465 1299 2491 ista
1314 2464 1508 2491 exlzwreditatio
1533 2467 1561 2491 et
1585 2465 1729 2491 detrimen-

945 2503 1000 2534 tum
1018 2498 1110 2532 ﬁlialia
1130 2499 1296 2529 euidentius,
1322 2504 1351 2526 ut
1372 2507 1423 2526 non
1450 2499 1477 2525 in
1502 2508 1531 2526 eo
1554 2500 1623 2534 quod
1645 2500 1729 2528 Filius

945 2532 1042 2560 Filium
1063 2538 1184 2567 generet.
1202 2539 1228 2561 et
1249 2534 1329 2561 Pater
1351 2538 1503 2566 censeatur,
1525 2532 1586 2562 cuin
1603 2535 1683 2562 Pater
1700 2535 1728 2562 in

944 2575 977 2594 eo
986 2568 1059 2602 quod
1070 2568 1185 2595 emissor
1194 2568 1291 2595 Filium
1305 2576 1400 2596 rursus
1413 2569 1571 2597 emissorem
1587 2570 1729 2598 ostendat?

946 2602 975 2629 Si
984 2602 1055 2630 enim
1063 2610 1097 2629 ex
1105 2603 1183 2640 Patre
1192 2603 1327 2640 indemnis
1335 2608 1377 2640 est
1385 2603 1443 2630 Filii
1450 2605 1589 2638 generatio
1596 2605 1728 2640 Spiritus-

944 2644 997 2671 que
1014 2638 1163 2672 processio,
1180 2639 1406 2672 quemadmodum
1417 2640 1531 2666 emissor
1540 2638 1624 2667 Filius
1634 2645 1727 2667 osten-

944 2672 1024 2699 detur
1039 2679 1172 2700 :necesse
1188 2673 1310 2704 omnino,
1327 2678 1357 2700 ut
1373 2674 1566 2701 detrimentum
1592 2675 1662 2701 circa
1685 2675 1728 2701 di-

943 2707 1034 2743 vinam
1048 2711 1172 2743 naturam
1184 2715 1238 2734 non
1252 2708 1406 2736 inveniatur
1414 2709 1485 2743 quod
1498 2713 1609 2743 generet
1618 2709 1727 2741 Filium,

943 2747 971 2769 et
989 2742 1027 2779 sit
1050 2742 1218 2779 nepaaltine
1247 2742 1457 2777 complasmatus
1479 2742 1587 2779 aliquis.
1614 2751 1675 2770 cum
1701 2748 1728 2771 et

943 2777 1058 2803 emissor
1075 2776 1191 2810 Spiritus
1208 2777 1234 2804 in
1250 2786 1278 2804 eo
1293 2776 1361 2813 quod
1385 2788 1416 2806 ea:
1436 2776 1532 2811 Patre;
1548 2779 1631 2805 Filius
1647 2787 1727 2806 mon-

945 2816 1067 2850 stretur;
1095 2813 1166 2845 quod
1192 2813 1213 2839 si
1228 2813 1269 2850 _ita
1292 2818 1343 2846 est,
1361 2815 1503 2850 congeries
1528 2814 1675 2848 impietatis
1699 2819 1728 2842 et

946 2846 1079 2881 profunda
1091 2853 1210 2883 emerget
1225 2847 1310 2875 fovea.
1330 2858 1339 2874 ι
