1945 3088
190 109 244 141 535

759 111 889 142 ΡΗΟἸἹΙ
908 111 1161 143 PATRIARCH/E
1180 113 1234 144 CP.

1595 89 1610 97 ο

1778 113 1832 146 338

191 176 247 196 non
263 173 336 199 sunt.
351 169 409 196 sive
425 169 602 204 personales;
621 168 737 204 ideoque
756 177 812 198 non
823 169 853 198 tit
866 170 990 198 confusio
1004 173 1026 202 Α
1042 171 1142 199 emittit
1171 171 1312 207 Spiritum,
1329 171 1426 199 Filium
1440 171 1531 205 habet,
1545 179 1605 207 quae
1628 171 1832 200 indemonstra-

191 223 382 250 personarum.
396 215 505 249 quando
520 215 620 242 dicitur
633 225 640 242 :
655 215 714 243 Una
730 223 812 243 causa
825 216 910 243 sancti
922 216 985 251 Spi-

192 262 261 289 ritus
288 261 373 289 Filius
393 266 420 289 et
439 261 518 288 Pater
538 267 589 289 est.
611 271 620 287 ι
645 261 757 289 Demum
772 262 845 296 quod
869 269 929 297 cap.
952 262 986 289 47

191 307 317 342 adiungit
338 307 461 340 Photius,
480 308 505 334 id
534 308 632 343 partim
653 316 687 334 ex
703 308 748 335 hic
769 308 859 338 dictis.
886 309 985 343 partim

191 363 225 381 ex
254 354 296 385 iis,
322 362 382 389 quae
399 355 433 382 ad
448 354 561 381 eil'atum
580 355 624 381 hic
646 363 740 382 rursus
755 355 901 390 repetitum
923 357 984 390 (art.

189 399 217 432 5,
235 399 274 434 §8
289 400 359 434 seq.)
378 400 506 427 adnotata
522 405 597 433 sunt,
616 399 683 427 solvi
703 400 783 427 facile
800 404 900 435 potest.

227 443 303 479 [524]
328 444 373 471 29.
393 445 447 472 Sed
461 445 583 472 nondum
599 445 730 472 exhausta
747 445 913 472 schismatici
939 452 988 479 pa-

190 490 318 518 triarchze
331 491 499 525 sophismata
514 500 520 518 :
538 491 644 518 tertiam
664 495 724 525 post
741 491 872 525 prolixam
887 491 919 518 de
932 491 987 518 Ga-

191 536 245 564 lat.-
256 544 293 568 tv,
310 536 336 569 6,
352 536 566 571 disputationem
582 541 808 572 argumentorum
823 536 988 571 theologico-

192 591 251 610 rum
265 590 268 594 ‘
281 584 380 611 seriem
399 584 555 619 auspicatur
572 592 711 616 novasque
730 584 876 611 auxiliares
895 584 988 619 copias

193 630 220 657 in
237 639 334 665 agmen
352 631 488 666 producit.
506 641 514 657 α
533 630 559 657 Si
586 631 704 666 genitus,
722 630 759 657 ait
771 638 831 665 cap.
845 630 888 663 6!,
904 630 988 658 Filius

193 684 226 703 ex
240 676 331 709 Patre,
345 678 469 712 procedit
485 686 549 705 vero
567 677 686 712 Spiritus
708 685 739 704 ex
758 677 836 710 Filio,
851 677 988 712 quomodo

195 724 323 758 impietas
334 732 389 751 non
407 725 559 752 secundum
581 724 720 759 propriam
734 724 899 751 sententiam
925 723 988 758 Spi-

194 770 278 797 ritum
311 775 429 805 nepotem
445 771 593 798 constituet
616 775 643 798 et
657 771 828 798 tremendutn
848 769 989 805 theologia:

195 821 297 843 nostra
323 816 482 852 mysterium
507 816 533 842 in
552 816 646 851 longas
662 821 689 842 et
704 824 793 843 meras
807 823 893 850 nugas
913 815 988 842 able-

196 862 271 897 gabit
285 862 296 888 ‘?
316 872 325 888 ι
352 848 454 889 Verum
468 870 482 889 e
506 848 706 889 contra-Latini
722 870 836 897 arguere
848 848 986 896 possunt,
1005 848 1025 875 Β

195 907 324 934 Photium
347 907 476 942 Spiritum
498 908 587 934 facere
611 907 700 934 Patris
718 908 816 941 filium,
837 915 899 934 cum
926 915 988 934 cum

196 962 229 981 ex
255 954 334 981 Patre
350 962 402 988 qua
419 953 498 980 Pater
522 958 563 980 est
580 954 727 988 procedere
743 958 854 987 statuat,
882 958 910 980 et
927 953 990 981 hinc

197 1000 297 1028 Filium
317 1005 344 1027 et
355 1001 486 1035 Spiritum
502 1001 671 1027 constituere
688 1001 796 1036 fratres,
810 1008 871 1028 cum
884 1006 989 1027 utrum-

197 1055 250 1082 que
279 1055 311 1074 ex
335 1048 393 1074 solo
408 1047 487 1074 Patre
502 1055 562 1074 esse
578 1047 731 1074 decernat:
760 1047 875 1081 Ἀδελφὰ
901 1048 934 1072 τὰ
961 1047 990 1080 ἐξ

198 1094 257 1126 ἑνὸς
279 1093 432 1128 ὑφεστῶτα,
449 1098 478 1120 ut
499 1093 614 1120 Basilius
636 1094 674 1120 ait
690 1094 744 1128 (cp.
762 1094 794 1120 ad
821 1101 921 1120 canon.
945 1093 989 1124 5‘2,

199 1142 234 1169 al.
261 1141 336 1176 500),
353 1141 398 1168 hic
418 1148 512 1167 revera
533 1141 620 1166 locum
635 1140 747 1167 habere.
772 1139 906 1167 Przeterea
932 1147 991 1166 res-

199 1187 321 1223 pondent
333 1187 467 1214 Catholici
483 1196 489 1213 z
506 1196 514 1211 ι
537 1186 572 1214 Ut
595 1194 681 1220 nepos
699 1186 832 1220 quispiam
857 1186 901 1219 sit,
919 1186 991 1221 gigni

199 1241 261 1260 eum
286 1237 395 1267 oportet
424 1241 438 1259 a
455 1235 543 1266 patre,
568 1237 594 1258 et
610 1231 720 1258 diversa
741 1231 851 1266 quidem
876 1239 991 1266 genera-

200 1279 274 1307 tione
291 1279 325 1306 ab
352 1279 476 1312 illa,‘qua
502 1278 525 1305 is
542 1278 588 1312 qui
606 1282 734 1312 nepotem
760 1277 882 1312 proxime
899 1277 993 1311 genuit

200 1331 310 1362 pater,a
325 1334 375 1353 suo
392 1330 480 1359 patre,
497 1323 605 1358 nepotis
620 1331 681 1354 avo,
696 1323 805 1359 genitus
817 1327 867 1350 est.
881 1325 916 1349 At
930 1323 993 1357 Spi-

200 1371 270 1398 ritus
296 1370 383 1398 sancti
407 1369 549 1404 processio
562 1377 650 1403 neque
665 1367 806 1404 generatio
824 1372 876 1399 est.
906 1374 994 1401 neque

201 1416 291 1443 Patris
312 1421 339 1443 et
356 1416 416 1442 Filii
432 1415 503 1442 actio
516 1415 633 1442 diversa.
654 1423 664 1440 ι
695 1414 790 1448 (Nalal.
807 1413 884 1440 Alex.
901 1412 936 1439 H.
960 1412 992 1440 Ε.

201 1463 222 1490 1.
250 1470 274 1490 c.
294 1471 321 1497 p.
340 1461 412 1495 552).
429 1460 509 1487 Joan.
526 1461 628 1488 Bcccus
651 1460 746 1488 eodem
767 1460 848 1487 modo
872 1459 993 1495 arguenti

203 1507 347 1534 Camatero
367 1506 402 1532 ita
416 1506 536 1533 occurrit
550 1504 592 1541 (ϐ.
617 1508 648 1532 ο.
667 1505 700 1538 ll,
720 1505 781 1538 599,
797 1504 860 1540 400)
875 1515 881 1532 :
911 1514 919 1530 ι
936 1504 995 1531 Non
1009 1524 1030 1554 ϐ

204 1558 245 1581 est
258 1561 344 1588 nepos
362 1552 493 1588 (ἔκγονος)
508 1552 595 1579 Patris
611 1552 737 1586 Spiritus,
756 1551 802 1586 qui
822 1550 906 1578 Filius
921 1556 996 1586 pater

206 1600 326 1636 Spiritus
338 1608 390 1627 non
407 1605 457 1627 est.
472 1601 539 1627 Cum
555 1607 620 1627 vero
635 1599 723 1627 dicis:
740 1598 767 1626 Si
784 1607 837 1626 non
852 1604 894 1626 est
913 1598 996 1626 Filius

206 1652 294 1682 pater,
317 1646 456 1681 quomodo
471 1654 504 1673 ex
529 1646 588 1681 ipso
605 1645 723 1681 Spiritus
741 1645 848 1672 fuerit?
874 1645 997 1680 proiecto

207 1699 290 1728 negas
316 1693 400 1720 etiam
425 1692 560 1727 Spiritum
583 1699 617 1718 ex
631 1691 711 1718 Patre
734 1699 804 1719 esse.
822 1691 902 1718 Pater
923 1691 997 1718 enim

207 1746 262 1764 non
276 1741 318 1764 est
332 1737 450 1772 Spiritus
469 1742 545 1772 pater
569 1741 596 1764 et
613 1737 794 1764 nihilominus
806 1745 840 1764 cx
860 1737 919 1772 ipso
937 1736 998 1772 Spi-

208 1784 276 1810 ritus
304 1788 356 1810 est.
380 1792 388 1808 ι
406 1783 436 1810 id
458 1783 511 1818 iam
526 1783 645 1810 declarat
665 1787 775 1811 sanctus
795 1782 929 1810 Maximus
956 1783 998 1810 di—

208 1838 297 1858 cens:
321 1839 329 1855 |
351 1829 469 1864 Sp’ritus
497 1829 602 1856 l'atrem
617 1837 671 1856 non
685 1829 785 1863 habet;
811 1836 900 1861 [neque
925 1829 998 1856 enim

210 1876 319 1912 genitus
339 1879 381 1902 est
395 1874 436 1910 (τὸ
454 1875 508 1910 γὰρ
521 1874 633 1910 Πνεῦμα
655 1874 765 1910 Πατέρα
778 1874 828 1901 οὐκ
843 1874 916 1909 ἔχει·
937 1872 999 1900 οὐδὲ

208 1923 264 1958 γὰρ
279 1921 432 1957 ἐγεννήθη).
455 1931 464 1947 ι
484 1921 618 1948 Audiatur
632 1926 659 1948 et
672 1921 748 1957 [lngo
761 1920 923 1948 Etherianus
937 1920 965 1955 (l.
978 1920 998 1953 l,

210 1977 236 1997 c.
248 1969 274 2002 8,
289 1977 316 2004 p.
334 1968 414 2003 1205)
431 1978 438 1996 ;
455 1978 464 1994 ι
483 1968 635 2002 Propositio
651 1976 711 2002 qua:
726 1967 811 1995 dicit:
827 1967 904 2000 Quod
921 1967 1000 1994 emit-

210 2015 243 2042 tit
258 2014 399 2049 Spiritum,
415 2013 511 2041 Filium
530 2014 621 2044 habet.
639 2014 726 2048 major
747 2013 936 2040 universalitcr
954 2013 1001 2040 de-

212 2061 290 2089 beret
311 2068 372 2087 esse
391 2064 419 2087 et
441 2059 642 2094 particulariter
662 2059 807 2094 accipitur.
830 2059 898 2086 Nam
921 2058 1002 2085 illatae

213 2106 398 2135 conclusionis
412 2113 493 2132 causa
509 2105 667 2140 propositio,
684 2113 745 2140 quae
770 2109 842 2132 recte
855 2104 935 2132 debet
947 2103 1001 2139 syl-

212 2155 355 2189 logismum
383 2152 463 2179 talem
491 2152 631 2186 perlicere,
657 2152 715 2178 hate
737 2156 802 2178 est:
825 2150 911 2178 Omne
928 2149 1002 2185 quod

1017 2192 1040 2221 D

248 2236 305 2278 (l8)
322 2241 423 2269 Revera
438 2238 877 2278 MacedonianiapttdFrclgorium
887 2237 1005 2278 Nazian-

213 2273 312 2306 zeuum
335 2281 405 2315 orat.
424 2276 472 2315 _57,
488 2283 514 2310 p.
527 2274 584 2315 _596
601 2273 658 2315 ed.’
671 2273 732 2301 Bill.
751 2273 847 2315 (Clem.
870 2278 940 2300 orat.
959 2273 1004 2313 5i)

213 2317 341 2348 arguunt,
359 2312 491 2347 Spiritum
511 2311 533 2338 si
552 2311 690 2348 ingenitus
707 2317 762 2336 non
782 2311 829 2348 sit.
849 2311 1004 2348 necessario

213 2343 261 2377 aut
275 2356 290 2375 a
307 2343 388 2375 Patre
403 2347 523 2381 genitum
541 2350 570 2372 et
584 2343 655 2381 tunc
669 2344 779 2381 fratrem
795 2344 852 2381 fore
861 2343 940 2381 filii,
957 2348 1006 2381 aut

213 2393 228 2412 a
244 2383 323 2416 Filio,
339 2388 366 2409 et
379 2378 446 2410 tunc
459 2388 520 2409 eSsc
529 2380 626 2408 υἱωνὸν
641 2379 750 2416 Patris,
760 2379 837 2416 Quod
856 2378 1006 2414 Gregorius

215 2419 318 2447 refellit
331 2418 434 2445 docens
449 2416 569 2444 medium
584 2423 646 2443 esse
659 2416 730 2442 inter
741 2415 888 2448 ἀγέννητον
902 2418 930 2441 et
944 2422 1005 2448 γενι

162 2459 168 2464 ’
214 2454 307 2489 νητδν.
324 2458 353 2489 ut
367 2452 513 2489 Scriptura:
524 2450 759 2489 manifestant,_':b
780 2449 955 2489 ὲκτξςιξευὶὸν,
976 2453 1005 2489 et

215 2483 543 2528 pioeeSsionem'ditTerre
568 2495 584 2514 a
602 2485 791 2527 generatione:
815 2483 868 2520 (α’.
898 2483 944 2511 Gr.

215 2524 248 2556 ll,
265 2523 408 2557 365-567.)
434 2523 550 2550 Bastltus
572 2519 816 2557 dubitationi‘llh‘:
839 2519 887 2545 Διὰ
913 2518 939 2546 τι
962 2528 1004 2557 Δμη

214 2554 246 2586 re
262 2558 375 2592 Πνεῦμα
392 2554 422 2585 ea
445 2558 523 2592 ἅγιον
545 2558 609 2589 Υἱὸς
628 2556 675 2583 τοῦ
694 2555 760 2592 Υζὶοῇ
775 2554 982 2592 ;_ita_oc(_:urrit
996 2563 1002 2581 :

216 2595 254 2622 Οὐ
269 2594 312 2620 διὰ
326 2589 356 2619 ’ἐὺ
373 2593 411 2629 μὴ
425 2589 496 2620 εῐνὰι
511 2594 543 2620 ἐκ
555 2592 628 2629 Θετξῦ¹
640 2590 768 2629 διἠϊξωῦή
784 2589 876 2629 (verba
900 2589 928 2616 ill
952 2589 1004 2629 hee

216 2632 346 2656 coiitextu
365 2625 445 2663 plane
470 2627 652 2662 decretoria),
672 2626 729 2663 ἀλλ’
748 2625 802 2663 ivi}
825 2625 863 2663 μῂ
887 2625 1002 2663 νομξσοῇ

216 2665 319 2699 πλῆθος
334 2660 447 2699 bin-etp!»
462 2664 478 2699 ἡ
494 2665 572 2697 τριὰς
588 2660 668 2699 “ob;
693 2661 723 2694 ἐξ
748 2660 820 2699 Itan!
840 2660 878 2691 ὡς
905 2660 952 2699 δεξιὶ

216 2695 373 2735 ἀνθρώποις
395 2695 478 2735 ν’ἑχειν
505 2695 721 2735 ὗπρπτευθεῐςαε
742 2696 787 2735 _Ad
813 2695 897 2735 hunc.
912 2695 1002 2735 Basilii

217 2730 321 2764 textum
336 2730 372 2762 cf.
390 2730 518 2766 Beccttm,
536 2734 574 2760 De
589 2741 660 2768 proc.
675 2733 790 2768 Spiritus
813 2731 897 2768 sancti
920 2738 943 2757 c.
975 2730 1001 2762 1,

217 2779 246 2807 n_.
263 2771 321 2807 Nil;
343 2770 434 2806 Epigr.
447 2777 469 2807 t.
493 2769 524 2797 ϐ.
545 2766 614 2807 0.],
630 2766 1001 2807 Ξρὄξλιιηξὶόξξωβοιλειςιηι.

218 2801 339 2833 Meliten.
366 2801 434 2832 erat.
461 2806 486 2838 1,
515 2813 539 2832 c.
569 2804 602 2832 15
628 2803 671 2838 (G.
696 2803 727 2830 0.
747 2802 779 2833 ll.
798 2801 1000 2838 7665);»Ge0rg.

219 2838 333 2875 Trapez.
357 2841 396 2868 De
418 2836 488 2875 prec.
505 2836 722 2868 Sttiritur‘sancti
742 2838 775 2866 ad
791 2837 868 2866 Joan.
888 2836 999 2864 Cubocl.

1037 218 1099 245 bilis
1126 222 1168 246 est
1190 222 1216 246 et
1233 217 1446 253 impossibiliter,
1466 217 1528 252 quia
1544 225 1632 252 neque
1645 219 1763 245 maxima
1789 222 1834 246 est

1037 271 1128 298 neque
1144 263 1224 291 [idem
1244 263 1318 299 [5‘25]
1335 264 1369 290 ab
1385 263 1474 297 aliqua
1494 263 1610 290 maxima
1625 262 1659 296 (s.
1683 263 1831 294 axiomate)

1038 309 1178 344 suscipere
1201 310 1324 344 (potest).
1347 308 1464 336 Einissio
1480 307 1599 343 Spiritus
1620 316 1674 335 non
1700 308 1764 336 facit
1779 307 1832 335 Pa-

1039 361 1107 384 trem
1122 363 1182 383 csse
1195 363 1285 390 neque
1301 355 1412 387 Filium,
1429 354 1558 390 quoniam
1574 362 1629 381 non
1645 359 1686 381 est
1701 354 1834 381 uincibili-

1038 406 1083 428 tas
1104 400 1219 436 Spiritus
1244 400 1398 436 progressio
1421 408 1435 426 a
1455 399 1546 431 Patre,
1568 407 1621 434 qua
1637 400 1693 427 sola
1711 399 1794 427 Filius
1817 407 1834 426 a

1038 446 1118 474 Patre
1130 446 1230 474 diﬂ‘crt.
1249 456 1257 472 ι
1272 446 1305 473 Et
1320 453 1426 473 rursum
1440 445 1488 481 (ib.
1505 453 1530 473 c.
1545 445 1589 473 17.
1603 453 1630 481 p.
1649 446 1833 480 uincentm

1039 493 1111 521 idem
1137 497 1345 528 argumentum:
1379 502 1387 517 ι
1409 491 1466 520 Hoc
1486 499 1576 527 neque
1601 492 1629 519 in
1659 491 1833 519 naturalibus

1039 539 1263 567 consecutionem
1288 539 1387 572 habet;
1405 543 1435 566 ut
1454 539 1510 566 ales
1522 539 1631 574 quidem
1653 538 1740 573 prima
1756 546 1833 565 ouum

1039 585 1155 620 peperit,
1171 593 1203 612 ex
1219 584 1283 612 alite
1298 590 1388 611 autem
1403 589 1492 612 etoro
1502 592 1594 618 passer
1609 584 1709 620 prodiit
1727 592 1734 617 ;
1751 584 1835 620 igitur

1039 641 1100 668 quae
1114 641 1258 669 progressa
1272 637 1314 660 est
1330 633 1446 666 avicula,
1469 634 1552 668 neptis
1566 633 1735 668 judicabi‘lur
1748 633 1832 660 alitis.

1039 679 1121 706 Multo
1134 679 1220 706 "tinus
1231 680 1258 706 in
1272 679 1366 706 divinis
1383 679 1472 706 locum
1490 680 1592 714 reperit
1603 679 1758 715 redargntio
1780 679 1834 706 hu-

1039 725 1201 760 juscemodi,
1215 725 1259 752 ubi
1275 733 1364 759 neque
1379 733 1510 760 corporea
1527 726 1667 761 generatio
1682 730 1733 757 est,
1743 732 1836 760 neque

1039 771 1190 806 passibile;
1210 779 1292 799 omne
1314 777 1405 798 autem
1428 772 1501 806 quod
1525 771 1625 799 talibus
1648 771 1835 807 generationi-

1040 818 1092 845 bus
1106 817 1239 852 suhjacet,
1252 825 1365 845 necesse
1385 822 1427 844 est
1442 817 1545 850 secari;
1561 825 1642 845 omne
1656 822 1746 844 autem
1761 817 1836 852 quod

1041 869 1157 896 secatur,
1173 863 1311 899 passibile.
1326 873 1334 889 ι
1362 864 1463 891 Deinde
1475 868 1549 891 notat
1563 864 1618 898 jam
1632 863 1838 897 antiquissimos

1042 910 1185 937 limreticos
1197 910 1323 937 eumdem
1339 910 1547 945 paralogismum
1561 909 1693 937 cllutiisse
1710 909 1776 944 (I8).
1792 914 1836 936 at-

1041 964 1094 990 que
1109 957 1143 983 ad
1157 956 1284 990 superius
1295 956 1433 990 disputata
1456 955 1530 992 (526]
1557 963 1707 990 provocans
1721 955 1756 982 ita
1773 963 1838 989 per—

1041 1003 1099 1038 git:
1121 1012 1130 1028 ‹
1153 1001 1231 1035 Quod
1244 1001 1266 1028 si
1292 1001 1397 1036 genitor
1414 1002 1441 1028 in
1457 1009 1490 1029 eo
1507 1001 1578 1036 quod
1593 1000 1673 1027 Pater
1689 1005 1741 1032 est,
1757 999 1838 1026 babi-

1044 1049 1167 1076 tudincm
1187 1048 1403 1082 relationemque
1431 1048 1512 1075 habet
1525 1048 1558 1074 ad
1579 1046 1722 1081 Spiritum,
1736 1053 1838 1073 consc—
1857 1049 1862 1053 ”

1042 1096 1137 1131 quitur
1161 1103 1192 1122 ex
1210 1095 1374 1122 necessitate
1393 1099 1503 1129 propter
1524 1093 1696 1120 identitatcm
1725 1092 1836 1119 habitu-

1043 1142 1116 1169 diuis
1144 1142 1278 1178 genitoris
1301 1141 1433 1176 Spiritum
1453 1139 1573 1175 genitum
1601 1147 1661 1166 esse
1681 1143 1708 1166 et
1729 1138 1836 1170 lilium;

1044 1187 1160 1222 ideoque
1185 1191 1232 1214 aut
1250 1187 1379 1214 confundi
1410 1193 1540 1220 personas
1565 1190 1614 1212 aut
1635 1184 1748 1212 fratrem
1775 1183 1837 1210 Filii

1044 1233 1174 1268 Spiritum
1192 1233 1358 1268 contingere,
1371 1231 1441 1267 quod
1455 1232 1526 1258 idem
1539 1238 1670 1266 personas
1683 1229 1836 1257 confundit.

1044 1281 1138 1315 Itaque
1162 1280 1268 1315 genitor
1282 1287 1337 1306 non
1360 1280 1386 1306 in
1406 1287 1440 1306 eo
1462 1278 1534 1313 quod
1553 1278 1671 1313 genitor,
1687 1285 1768 1304 causa
1795 1280 1838 1303 est

1046 1326 1177 1361 Spiritus,
1200 1324 1254 1352 sed
1264 1327 1289 1352 in
1301 1333 1334 1352 eo
1346 1326 1418 1359 quod
1435 1333 1516 1351 causa
1533 1323 1750 1358 principiumque
1771 1321 1838 1356 (spi-

1047 1373 1133 1407 rans),
1146 1376 1173 1398 ut
1189 1372 1290 1407 saepius
1306 1371 1473 1398 inculcatum
1486 1375 1537 1397 est.
1555 1369 1644 1402 Quare
1659 1376 1749 1404 neque
1768 1368 1837 1394 alie-

1045 1425 1098 1444 nus
1125 1425 1140 1443 ιι
1156 1416 1223 1443 Filio
1248 1416 1366 1451 Spiritus
1389 1420 1431 1442 est
1449 1423 1538 1449 neque
1551 1414 1656 1449 absque
1678 1413 1839 1441 habitudine

1046 1463 1079 1490 ad
1095 1463 1183 1498 ipsum
1201 1462 1375 1497 judicandus.
1391 1461 1443 1488 Sed
1458 1469 1547 1495 neque
1563 1461 1615 1488 hoc.
1631 1459 1838 1491 inconveniens,

1048 1509 1070 1535 si
1100 1508 1184 1535 Filius
1207 1515 1261 1534 non
1279 1507 1306 1534 in
1329 1515 1362 1534 eo
1376 1507 1448 1542 quod
1462 1506 1546 1533 Filius
1559 1506 1690 1541 Spiritum
1719 1504 1839 1534 emittat,

1047 1562 1109 1582 eum
1133 1554 1213 1582 Pater
1238 1562 1291 1581 non
1309 1554 1336 1580 in
1357 1561 1390 1581 eo
1414 1554 1487 1588 quod
1512 1553 1592 1580 Pater
1617 1552 1734 1587 Spiritus
1757 1559 1840 1578 causa

1047 1601 1169 1628 exsistat.
1193 1610 1201 1625 ι
1226 1600 1346 1627 Breviter
1361 1604 1388 1626 et
1413 1607 1527 1626 nervoso
1551 1598 1715 1625 liatramnns
1736 1597 1766 1631 (l.
1800 1603 1838 1627 tu,

1049 1654 1072 1673 c.
1086 1646 1114 1678 ὃ,
1133 1654 1162 1683 p.
1183 1646 1270 1681 c288)?
1291 1654 1300 1671 ι
1317 1645 1362 1672 Sic
1375 1645 1495 1673 evidenti
1507 1645 1611 1671 ratione
1628 1647 1796 1670 monstratur
1805 1642 1841 1668 ab

1049 1698 1164 1727 utroque
1178 1692 1326 1726 procedere
1343 1691 1462 1727 Spiritus
1478 1697 1599 1722 sancltts,
1614 1691 1677 1717 dum
1695 1689 1840 1716 manifeste

1048 1739 1162 1766 docetur
1188 1747 1239 1765 non
1265 1746 1327 1765 eum
1344 1747 1360 1765 ιι
1375 1738 1430 1765 sola
1445 1737 1526 1765 Patre
1540 1737 1697 1772 procedcm,
1710 1743 1745 1763 ne
1769 1734 1841 1769 ﬁlius

1049 1792 1110 1812 esse
1129 1784 1215 1812 Patris
1231 1785 1348 1816 dicatur,
1364 1784 1412 1812 sed
1437 1792 1483 1811 nec
1502 1792 1517 1810 α
1534 1783 1589 1810 solo
1602 1783 1679 1814 Filio,
1694 1790 1730 1809 ne
1756 1781 1843 1809 Filius

1050 1835 1126 1866 pater
1141 1838 1201 1858 esse
1217 1831 1433 1865 blasphemetur,
1449 1830 1497 1857 sed
1521 1829 1622 1857 dicitur
1640 1828 1758 1864 Spiritus
1776 1835 1842 1855 san-

1050 1880 1112 1904 ctus
1124 1881 1148 1904 et
1161 1875 1302 1911 procedens
1311 1881 1334 1903 et
1344 1877 1375 1903 de
1387 1881 1496 1911 utroque
1506 1876 1654 1910 procedens.
1669 1874 1738 1910 I(Ci.
1747 1874 1841 1902 Petav.

1051 1923 1083 1950 de
1094 1922 1166 1950 Trin.
1187 1931 1235 1956 vn,
1254 1922 1297 1955 16,
1309 1923 1348 1957 5).
1364 1923 1431 1949 Cum
1446 1922 1488 1950 his
1505 1930 1536 1950 ea
1553 1921 1741 1949 connectenda
1766 1927 1842 1952 sunt,

1051 1977 1112 2004 qua:
1125 1977 1206 2004 supra
1222 1969 1284 2004 (art.
1298 1969 1416 2003 prmced.
1431 1967 1444 2003 §
1456 1968 1488 1995 Π
1505 1968 1576 2003 seq.)
1592 1968 1626 1995 de
1640 1967 1731 1997 Patre.
1745 1970 1844 2001 quate-

1052 2022 1104 2041 nus
1126 2014 1225 2041 dicitur
1254 2014 1419 2048 principium
1445 2013 1488 2040 vel
1513 2014 1667 2048 proximum
1692 2012 1734 2039 vel
1755 2019 1845 2039 remo-

1053 2064 1122 2091 tum.
1140 2059 1211 2086 dicta
1231 2058 1343 2086 fuerunt
1358 2059 1511 2093 quibusque
1527 2067 1646 2094 sequens
1662 2058 1751 2086 Pbotii
1762 2057 1845 2092 syllo-

1053 2105 1155 2141 gismus
1172 2105 1242 2139 (cap.
1256 2104 1300 2139 6‘2)
1319 2104 1461 2131 refutatur.

1088 2150 1131 2178 50.
1152 2150 1182 2177 lu
1200 2149 1306 2177 duobus
1332 2158 1391 2185 quae
1404 2155 1556 2185 sequuntur
1570 2149 1738 2186 argumentis
1757 2157 1790 2178 ex
1812 2157 1848 2178 eo

1059 2242 1137 2276 (ibid.
1164 2241 1294 2277 l,7509);
1319 2241 1508 2277 Bessarionem
1532 2242 1617 2277 (Orat.
1645 2242 1732 2276 dogm.
1762 2249 1788 2277 c.
1812 2241 1847 2274 6;

1058 2277 1142 2304 Hard.
1170 2276 1215 2309 IX,
1231 2277 1319 2312 7556).
1340 2276 1396 2304 Nec
1411 2277 1503 2304 minus
1520 2277 1601 2312 digna
1627 2276 1850 2304 consideratione

1057 2316 1131 2344 sunt,
1151 2320 1212 2347 quin
1229 2311 1257 2338 in
1279 2313 1412 2339 Ancarato
1435 2312 1532 2347 scribit
1553 2312 1742 2347 Epiphanius:
1776 2312 1849 2347 Ἀλλ’

1057 2348 1116 2383 ἐρεῖ
1129 2346 1171 2378 τις
1187 2355 1193 2362 ·
1206 2347 1311 2374 Οὐκοῦν
1325 2347 1372 2373 δύο
1389 2348 1481 2383 φαμὲν
1500 2346 1689 2383 εἷναιίΥιοὺςς
1713 2347 1767 2374 Καὶ
1787 2346 1850 2383 πῶς

1079 2383 1227 2417 ονογενής;
1249 2402 1256 2409 .
1279 2401 1287 2409 .
1308 2401 1316 2409 .
1336 2383 1372 2408 Σὺ
1393 2380 1437 2414 ξιξ
1457 2380 1482 2408 εἶ
1505 2383 1520 2408 ὁ
1546 2382 1784 2417 ἀντιλογιζόμενος
1807 2382 1844 2417 τᾷ

1079 2391 1227 2417 ονογενης;
1249 2402 1256 2409 .
1279 2401 1287 2409 .
1308 2401 1316 2409 .
1336 2391 1372 2408 bu
1393 2391 1435 2414 τις
1457 2391 1482 2408 ει
1505 2391 1520 2408 ο
1546 2391 1784 2417 αντιωγιςομενος
1807 2391 1824 2408 τ

1079 2417 1135 2452 εῷ;
1151 2417 1182 2443 Et
1199 2418 1253 2452 γὰρ
1275 2418 1321 2444 τὸν
1338 2417 1403 2443 Υἱδν
1427 2417 1507 2444 καλεῖ
1530 2418 1575 2444 τὸν
1594 2417 1624 2449 ἐξ
1650 2417 1744 2449 αὐτοῦ,
1767 2417 1797 2443 τὸ
1820 2391 1851 2444 6‘:

1057 2452 1134 2488 ᾶγιφν
1150 2453 1265 2488 Πνεῦμα
1276 2453 1307 2479 τὸ
1322 2453 1387 2487 παρ’
1403 2453 1567 2488 ἀμφοτέρων
1582 2453 1681 2480 κ.τ.’λ.
1693 2453 1732 2480 De
1746 2452 1850 2487 quibus

1055 2487 1230 2523 cialleccum'
1248 2487 1347 2523 Epigr.
1363 2495 1391 2520 ις
1410 2487 1556 2523 Constant.
1583 2487 1704 2515 Meliten.
1728 2492 1798 2515 orat.
1819 2488 1849 2520 2,

1055 2531 1080 2550 c.
1097 2522 1150 2554 29;
1166 2527 1195 2550 et
1208 2521 1445 2558 GeorgfiMetoch.
1459 2521 1489 2549 (Σ.
1511 2523 1624 2550 Mutarim.
1644 2523 1724 2550 Plan.
1739 2527 1767 2550 et
1781 2523 1852 2550 Can-

1057 2563 1099 2594 ιτα
1115 2559 1191 2594 Man.
1204 2557 1341 2594 eremo.
1357 2557 1388 2585 0.
1409 2557 1441 2590 ιι,
1458 2558 1521 2590 552,
1539 2559 1602 2589 85⁵1,
1617 2559 1681 2591 956,
1705 2559 1767 2589 957,
1784 2558 1850 2591 977,

1057 2593 1148 2627 1059).
1171 2593 1293 2628 Denique
1307 2598 1335 2620 et
1349 2594 1491 2620 Athanasii
1505 2593 1581 2621 locus
1596 2594 1630 2621 ad
1644 2594 1752 2628 Scrap.,
1766 2600 1849 2628 quem

1056 2629 1121 2656 citat
1136 2629 1239 2656 Beccus
1256 2628 1348 2664 Epigr.
1366 2636 1425 2664 xnt.
1447 2629 1487 2661 (G.
1508 2628 1539 2656 0.
1556 2629 1590 2661 ll,
1609 2630 1684 2664 659),
1704 2630 1757 2656 hnc
1785 2635 1850 2663 spe-

1056 2668 1113 2692 Ctat
1127 2673 1133 2690 :
1145 2665 1202 2690 Οὐχ
1215 2664 1290 2691 ἐστιν
1305 2663 1471 2700 anagnia;
1482 2663 1564 2700 ἔστιν
1582 2666 1596 2691 ὁ
1612 2663 1718 2700 Πατὴρ,
1741 2663 1849 2700 [lati-,9,

1055 2701 1103 2726 καὶ
1116 2700 1147 2725 οὺ
1164 2700 1288 2730 πάππος,
1303 2700 1351 2726 καὶ
1366 2699 1380 2725 ὁ
1396 2698 1461 2730 Υἱὸς
1480 2699 1545 2731 Υἱός
1558 2700 1617 2726 ἐστι
1631 2698 1781 2727 ’ποῦ’ἺΘεοῦ.
1803 2699 1853 2725 καὶ

1055 2736 1085 2762 οὐ
1102 2734 1199 2770 Πατὴρ
1214 2734 1260 2761 τοῦ
1277 2734 1447 2770 Πνεῦματος,
1466 2735 1514 2761 καὶ
1535 2735 1566 2761 τὸ
1582 2735 1694 2770 Πνεῦμα
1715 2734 1746 2760 τὸ
1761 2733 1850 2770 ἅγιον,

1055 2769 1167 2806 Πνξῦμσ.
1186 2769 1275 2806 ἆγῗιον,
1295 2770 1344 2806 agat
1358 2770 1408 2797 οὐκ
1437 2769 1549 2806 ἔκγονον
1576 2770 1623 2798 τοῦ
1654 2769 1761 2806 Πατρδς
1789 2769 1853 2796 οὐδὲ

1054 2805 1166 2840 ἁδελφὸς
1185 2805 1232 2832 τοῦ
1248 2805 1324 2832 Υιοῦ.
