1945 3088
127 95 178 130 537

127 147 308 186 proliscicitur
328 147 417 175 Photii
435 148 619 179 ratiocinatio,
637 147 710 183 quod
726 147 802 183 prius
817 152 845 176 et
857 155 922 183 pos-
936 149 959 178 Α

127 196 214 224 terius
234 202 248 222 a
266 195 433 229 sempiterna
452 193 586 222 Trimtate
600 201 713 229 prorsus
737 194 772 221 sit
787 193 917 226 alienum,

126 241 199 277 quod
214 248 295 276 quam
312 240 470 276 longissime
485 241 631 275 praedicata
643 245 752 276 tempus
768 239 921 276 significan-

127 289 165 315 tia
182 296 196 314 a
209 295 317 314 summe
329 291 431 314 (eterna
444 287 535 314 absint
554 286 713 314 Divinitate.
733 288 797 314 Inde
809 288 921 315 deduci-

127 338 181 366 tur,
195 332 276 360 simul
291 332 463 368 cogitandam
481 340 542 360 esse
556 338 583 360 et
597 334 801 368 generationem
817 339 844 361 et
858 342 921 369 pro-

126 378 291 410 ccssionem,
308 385 362 405 non
379 378 491 405 alteram
506 379 590 406 altera
613 379 654 406 vel
668 380 786 415 priorem
801 380 842 407 rel
857 388 920 415 pos—

127 425 255 452 teriorem
270 424 468 459 accipiendam.
488 424 548 457 Quo
563 425 651 460 posito
672 426 697 452 in
711 426 796 453 altero
811 426 920 461 quidem

127 470 216 505 capite
231 471 286 505 (05)
298 471 333 497 ita
346 475 554 505 argumentatur
567 479 574 495 2
588 481 596 496 ‹
611 470 752 504 Quomodo
763 479 814 499 non
828 472 921 499 theur-

127 515 248 551 gicarnm
271 524 414 543 causarum
431 517 584 544 (lifl‘erentia
598 517 755 544 differentes
774 518 923 545 constituet

127 570 259 598 personas
283 567 310 589 et
325 562 473 590 sectionem
494 563 594 590 inferet
611 568 706 591 contra
732 564 921 596 insecabilcm,

127 608 280 642 simplicem
303 613 331 635 et
346 609 454 636 unicam
479 609 598 644 Spiritus
612 609 793 645 hypostasin?
808 609 848 637 Ex
876 617 923 637 ea-

127 654 189 682 dem
209 655 282 681 cnim
300 663 419 690 persona
438 655 561 683 diiersas
578 657 686 691 prodire
702 657 875 691 operationes
896 660 924 683 et

126 702 253 734 virtutes,
271 702 424 736 pra:sertim
440 701 466 728 in
482 701 516 728 iis
532 709 593 736 qure
608 706 732 728 naturam
748 705 830 736 atque
846 700 922 736 (327]

127 747 262 775 rationem
290 747 370 783 plane
383 752 525 782 superant,
542 747 649 775 facilius
669 753 711 776 est
723 748 875 784 intelligere
897 753 924 775 et

128 792 272 819 innumera
303 793 362 826 ejus
386 793 424 819 rei
439 793 646 826 deprehendere
662 793 847 825 documenta;
874 792 922 819 sed

128 840 224 867 nullibi
251 840 388 873 reperitur
399 847 482 874 posse
501 839 569 871 fieri,
589 839 653 873 quin
671 838 834 874 hypostasis.
862 846 922 873 qum

127 886 161 912 ad
180 885 335 912 dEfl'ercntia
358 885 477 912 refertur
490 885 633 920 principia,
656 884 811 911 dill'erentia
825 893 856 912 ac
881 885 922 912 di-

128 931 257 958 versitate
268 939 411 958 causarum
423 938 475 958 non
492 935 520 958 et
539 931 595 965 ipsa
609 939 622 957 a
637 939 666 957 se
680 931 787 958 differat
798 936 825 958 et
841 931 920 957 simul

127 976 288 1003 disseeetur.
311 986 320 1002 ›
334 976 361 1002 ln
379 977 464 1003 altero
478 983 544 1003 vero
560 976 596 1010 (ρ.
611 975 656 1010 6i)
672 976 760 1010 arguit
788 975 920 1010 Spiritum

127 1021 186 1049 f‘ore
208 1027 234 1049 et
254 1023 428 1058 cengcnitum
443 1022 511 1048 Filio
526 1026 554 1049 et
573 1022 765 1056 procedentem
791 1029 824 1048 ex
850 1022 919 1056 ipso,

127 1068 165 1096 ita
183 1073 213 1095 ut
236 1069 317 1095 simul
333 1069 441 1103 genitus
455 1073 481 1095 et
496 1068 648 1103 procedens
662 1067 715 1097 sit;
738 1077 747 1092 «
764 1075 794 1094 ac
819 1069 921 1103 genitus

128 1114 249 1149 quidem.
274 1115 318 1149 qui
339 1115 420 1141 simul
444 1114 617 1149 progreditur
631 1122 693 1140 etim
718 1114 786 1141 Filio
815 1115 918 1149 genito,

128 1163 269 1196 procedens
287 1170 360 1194 vero,
372 1162 434 1197 quia
446 1162 581 1197 duplicem
593 1162 666 1188 snbit
678 1162 892 1196 proccssionem.
908 1172 917 1188 ι

128 1209 200 1234 Sane
230 1208 256 1234 id
279 1216 376 1234 omnes
397 1209 495 1234 docent
520 1216 551 1234 ae
573 1212 745 1243 propugnant
777 1208 918 1242 Deitatcm,

129 1254 245 1288 ideoque
261 1260 287 1281 et
309 1261 363 1281 tros
382 1262 512 1288 resonas
536 1259 610 1280 e.\tra
628 1260 734 1289 templis
757 1262 816 1281 esse
836 1255 921 1282 nihil-

127 1306 181 1335 que
202 1301 229 1327 in
248 1300 281 1327 iis
305 1308 365 1328 esse
388 1301 587 1334 temporarium.
607 1309 615 1325 ι
632 1300 711 1327 Nulla
738 1301 774 1327 ibi
797 1305 919 1336 tempora

127 1347 293 1383 cogitantur,
315 1347 352 1374 ait
377 1346 543 1381 Augustinus
559 1346 610 1379 (De
626 1346 695 1374 Trin.
716 1354 760 1377 xv.
779 1346 837 1380 26),
860 1355 920 1382 quae

129 1394 232 1422 habent
247 1394 322 1428 prius
336 1399 362 1421 et
384 1394 521 1428 posterius
538 1393 592 1429 (11))
613 1403 637 1420 ›.
657 1394 690 1420 lit
707 1393 762 1420 Leo
783 1393 818 1420 Μ.
835 1402 917 1422 serm.

127 1441 155 1474 3,
180 1441 214 1468 de
239 1441 350 1468 Peutec.
379 1449 404 1468 e.
431 1441 447 1467 li
465 1440 542 1475 (Ball.
567 1449 649 1467 scrin.
672 1442 715 1472 77,
745 1449 771 1476 p.
795 1442 847 1468 ltl5
874 1443 918 1469 ed.

127 1486 256 1518 Mrem-1.):
281 1495 290 1512 ε
308 1486 376 1513 Cum
400 1486 433 1513 ad
453 1486 638 1514 conliteudmn
658 1486 763 1514 Patrem
779 1493 806 1514 et
820 1487 917 1515 Filium
932 1504 954 1534 ο

127 1537 156 1560 et
181 1532 312 1567 Spiritum
333 1536 470 1564 sanctum,
501 1532 586 1560 aciem
618 1533 718 1562 mentis
739 1532 917 1565 intendimus,

127 1578 223 1613 procul
243 1578 277 1606 ab
288 1577 379 1605 animo
396 1577 497 1604 formas
509 1577 653 1605 visibilium
672 1586 763 1605 rerum
779 1583 807 1605 et
827 1583 918 1605 wtates

128 1625 316 1658 temporalium
338 1629 508 1656 naturarum,
532 1624 627 1658 procul
651 1631 765 1659 corpora
794 1624 918 1652 locorum

127 1676 155 1699 et
165 1671 224 1699 loca
237 1679 382 1706 corporum
392 1671 566 1705 repellamus.
582 1671 707 1698 Discedat
716 1679 730 1697 a
743 1671 834 1703 corde,
846 1671 919 1706 quod

127 1718 217 1753 spatio
242 1718 409 1747 extenditur,
429 1717 502 1752 quod
517 1717 571 1744 ﬁne
590 1717 772 1750 concluditur,
791 1722 818 1744 et
841 1718 919 1751 quid-

126 1764 193 1799 quid
205 1771 256 1790 ncc
270 1771 378 1798 semper
389 1762 489 1797 ubique
504 1769 556 1789 nec
569 1766 654 1789 totum
669 1767 721 1790 est.
739 1762 872 1798 Cogitatio
885 1763 919 1790 de

126 1811 232 1838 Deitate
252 1810 394 1837 Trinitatis
408 1813 539 1844 concepta
554 1808 622 1835 nihil
642 1817 690 1844 per
704 1810 859 1836 distantian
876 1809 919 1836 in-

127 1857 242 1891 telligat,
266 1856 335 1883 nihil
351 1864 399 1890 per
413 1856 513 1890 gradus
528 1859 640 1890 quaerat.
660 1865 669 1881 ι
686 1854 738 1883 ενα
753 1855 776 1883 si
799 1856 920 1882 excludi-

127 1908 173 1931 tur
200 1902 227 1929 in
249 1902 349 1930 divinis
373 1902 500 1936 prioritus
526 1902 659 1936 temporis,
686 1909 741 1929 non
767 1902 920 1930 excluditur

127 1949 206 1984 plane
232 1949 358 1982 prioritas
382 1948 494 1974 rationis
511 1946 578 1983 (20).
601 1956 610 1973 ι
637 1947 708 1975 Sane
723 1948 798 1983 prius
827 1955 919 1977 mente
935 1971 945 1981 .

127 1995 279 2031 concipitur
304 2002 384 2022 causa
408 2002 490 2029 quam
513 1994 637 2027 effectus,
660 1994 736 2029 prius
756 1994 918 2029 principium

126 2049 208 2076 quam
238 2040 443 2075 principiatum,
470 2039 547 2075 prius
567 2039 647 2066 Pater
664 2047 744 2074 quam
768 2039 861 2072 Filius,
892 2044 919 2068 et

127 2087 205 2122 prius
230 2085 311 2113 Pater
325 2090 354 2112 et
365 2085 450 2112 Filius
466 2093 546 2120 quam
564 2084 639 2121 [5'28]
658 2084 776 2120 Spiritus
796 2091 916 2112 sanctus.

127 2132 347 2168 l‘rogressioncm
365 2131 556 2158 simultaneam
572 2131 631 2158 Filii
649 2136 677 2158 ct
691 2130 810 2166 Spiritus
822 2139 856 2159 ex
867 2131 918 2159 Pa-

128 2182 179 2209 tre,
205 2185 265 2212 quae
290 2185 344 2204 non
360 2176 448 2203 solum
475 2177 615 2212 temporis,
633 2177 680 2204 sed
706 2181 733 2204 et
753 2177 920 2212 cogitationis
936 2179 957 2207 D

127 2221 298 2257 prioritatem
325 2220 462 2253 excludat,
486 2220 615 2248 refellunt
642 2229 673 2248 ea
700 2222 812 2250 Patrum
836 2223 919 2256 dicta,

127 2275 190 2302 quze
215 2268 314 2294 docent
331 2266 466 2302 Spiritum
493 2267 529 2294 ita
542 2275 572 2294 se
586 2268 686 2295 habere
709 2269 742 2295 ad
756 2268 865 2301 Filium,
891 2274 921 2297 ut

128 2314 213 2342 Filius
228 2322 257 2341 se
271 2313 354 2341 habet
370 2313 402 2340 ad
413 2313 521 2341 Patrem
534 2313 578 2348 (Il,
590 2313 603 2349 ᾗ
616 2314 643 2347 2,
656 2319 719 2342 nota
730 2315 757 2349 5)
771 2324 778 2348 ;
793 2315 921 2342 refellunt

128 2360 230 2389 diserta
252 2360 416 2393 testimonia,
436 2359 536 2395 quibus
559 2359 655 2387 Filium
674 2361 843 2396 pra-intelligi
864 2369 920 2397 prae

939 829 960 856 Β

165 2467 221 2503 (l9)
237 2467 335 2495 Totum
347 2468 400 2495 hoc
414 2467 558 2503 Augustini
574 2472 655 2502 caput
675 2468 709 2495 ad
724 2476 780 2495 rem
798 2469 919 2503 pertinet

126 2508 261 2535 nostram,
286 2503 324 2539 de?
346 2511 401 2538 quo
424 2508 456 2539 et,
473 2511 507 2530 ex
532 2511 586 2539 quo
612 2503 684 2530 haud
704 2504 775 2531 male
798 2504 919 2539 disputat

127 2539 305 2568 Ratramnus,
318 2538 337 2566 l.
358 2546 387 2570 n,
401 2546 426 2566 (ι.
442 2538 469 2570 5,
482 2546 509 2573 ρ.
525 2538 588 2565 285.

164 2573 221 2614 ($0)
246 2573 347 2600 Praiter
370 2573 543 2614 priorilatenl
569 2573 699 2614 temporis
727 2579 770 2602 est
792 2574 919 2614 prioritas

126 2609 239 2645 ordinis,
259 2616 313 2643 quo
328 2616 412 2635 unum
431 2613 495 2636 ante
510 2609 582 2645 aliud
600 2614 760 2636 nmneratur
788 2614 815 2637 ct
840 2611 918 2645 poni-

127 2649 182 2676 tur.
198 2644 240 2671 vui
258 2648 372 2680 natura,
393 2651 448 2678 quo
468 2644 613 2680 exhibetur
636 2650 786 2680 conceptus
802 2644 916 2678 naturae,

125 2682 188 2715 qua:
201 2679 337 2714 completa
364 2683 407 2705 est
430 2683 469 2715 et?
480 2679 519 2715 ab,
527 2679 579 2706 alia
593 2679 730 2715 distincta
740 2681 855 2712 exsistit,
875 2682 917 2708 vel

126 2714 247 2750 originis.
264 2721 317 2749 qua
341 2721 425 2750 unum
447 2714 481 2741 ab
496 2714 550 2742 alio
565 2719 655 2742 ortum
673 2714 766 2743 habet.
783 2716 811 2743 Si
829 2722 871 2743 est
889 2717 916 2744 in

127 2749 259 2785 Trinitata
274 2749 359 2785 ordo,
369 2749 485 2777 habetur
498 2754 526 2785 et
541 2750 668 2785 prioritas
681 2751 805 2785 quaadam
819 2752 916 2779 saltem

127 2785 224 2823 logica.
240 2784 319 2823 Greg.
336 2783 415 2823 Nyss.
429 2785 447 2812 l.
462 2785 475 2823 l_
487 2784 519 2813 C.
535 2783 647 2823 Eunoni.
665 2783 716 2823 ((1:
736 2785 766 2813 0.
793 2786 824 2819 ll,
852 2787 916 2823 524)

128 2819 232 2848 diserte
247 2819 329 2849 habet
341 2828 348 2848 :
361 2819 495 2856 ⁷Ἐπινοιᾳ
514 2820 583 2857 μόνῃ
607 2820 678 2848 κατὰ
688 2820 734 2849 τὸν
754 2823 804 2858 τῆς
825 2819 917 2855 αἰτιαέ

483 94 532 125 DE
553 94 583 125 S.
604 93 703 124 SPIR.
723 92 976 125 MYSTAGOGIA.
991 92 1414 126 —ANIMADVERSIONES.

1718 94 1771 128 538

974 147 1078 182 Spiritu
1095 147 1230 176 aliirmant
1248 147 1304 184 (IV.
1319 148 1333 184 ς
1357 148 1393 175 24
1406 147 1465 183 lin.)
1481 156 1488 182 ;
1505 147 1634 176 refellunt
1649 150 1770 179 rationes

970 201 986 221 c
999 195 1036 221 rei
1051 194 1200 222 visceribus
1219 195 1321 230 petitae,
1336 202 1397 229 quae
1412 194 1618 230 generationem
1630 201 1694 224 ante
1706 205 1770 232 pro-

971 240 1124 268 cessioncm
1148 241 1322 276 prtesupponi
1350 242 1509 268 ostendunt.
1533 241 1592 277 (IV,
1616 242 1630 278 ᾗ
1654 243 1686 270 15
1709 242 1768 279 lin.]

972 287 1121 322 θηριωά
1134 287 1154 314 si
1168 287 1262 314 Patres
1270 287 1351 314 simul
1364 295 1426 314 cum
1436 288 1506 315 Filio
1516 289 1623 323 prodire
1631 289 1769 325 (συμπρο-

972 334 1060 367 tam)
1087 333 1219 368 Spiritum
1235 333 1381 366 afﬁrmant,
1407 333 1432 361 id
1459 334 1520 361 ideo
1538 335 1576 367 lit,
1594 339 1623 361 ut
1645 336 1768 370 temporis

973 379 1121 416 posteritas
1139 383 1276 406 arceatur.
1294 379 1369 406 Dicta
1386 380 1519 414 ejusmodi
1537 387 1598 407 cum
1614 380 1685 412 aliis,
1709 389 1770 416 quae

972 426 1167 453 mediationem
1202 425 1264 453 Filii
1284 425 1341 461 (ill,
1364 425 1377 460 §
1405 425 1449 461 16)
1464 426 1631 460 exprimunt,
1656 427 1770 454 omnino

973 472 1139 499 concordare
1156 471 1269 503 Beccus,
1287 472 1325 498 De
1349 481 1421 507 proc.
1443 471 1560 506 Spiritus
1575 474 1671 504 sancti,
1688 481 1712 500 ε.
1729 473 1745 500 9
1759 482 1767 507 ;

973 521 1000 544 (ιι
1017 517 1215 544 Constantinus
1240 517 1418 550 Meliteniota,
1438 524 1510 545 orat.
1525 518 1552 549 2,
1568 526 1592 545 c.
1614 519 1649 545 9.3
1665 516 1707 553 (G.
1735 519 1767 547 0.

973 562 993 595 1,
1010 563 1148 594 508515:
1167 563 1199 595 i'l,
1213 563 1262 589 704
1278 565 1347 598 seq.)
1364 565 1495 599 prmelare
1509 565 1668 592 ostendunt.
1685 565 1768 600 Egre-

973 609 1016 644 gie
1027 616 1060 635 ex
1073 609 1125 643 iam
1141 610 1264 637 adductis
1274 609 1397 646 Gregorii
1410 609 1524 646 Nysseni
1539 610 1630 637 verbis
1647 610 1672 646 (§
1687 611 1732 646 24)
1742 616 1770 639 et

974 663 1007 681 ex
1021 655 1194 691 praestitutaa
1206 664 1235 682 se
1250 646 1435 683 declaratione
1447 656 1471 691 l§
1487 656 1529 691 l8)
1539 656 1627 692 arguit
1637 656 1770 692 Georgius

975 701 1176 736 Trapezuntius
1204 701 1246 735 (G.
1265 702 1298 729 0.
1315 702 1336 733 1,
1358 703 1421 735 529)
1438 712 1445 729 :
1463 711 1471 727 ι
1492 701 1610 736 Uterque
1626 702 1718 736 (Pater
1742 707 1770 730 et

975 747 1071 782 Filius)
1097 748 1311 783 pra-intelligitur
1332 747 1450 783 Spiritus
1467 749 1605 783 liypostasi
1635 748 1769 784 (προοεωσ

978 795 1063 828 ρεῖται
1076 794 1125 828 τῆς
1139 793 1185 820 τοῦ
1198 794 1356 829 lli/stipato;
1375 795 1576 827 ὑποστάςεως),
1593 800 1622 822 ιιι
1632 795 1770 830 Nyssenus

973 840 1090 873 asserit;
1109 845 1251 875 propterea
1267 841 1301 867 ab
1316 847 1431 875 utroque
1454 841 1495 875 (ἐξ
1509 841 1621 875 ἀμφοῖν)
1639 840 1756 876 Spiritus

974 886 1001 913 Si
1017 895 1069 914 non
1092 887 1126 913 ab
1156 891 1280 921 utroque,
1310 894 1365 913 non
1393 887 1640 921 prmintellignntur
1665 887 1768 919 auiho;

972 936 1015 960 sed
1031 933 1274 969 pra'intclligtmtnr
1288 942 1296 965 ;
1311 941 1342 960 ex
1358 938 1473 968 utroque
1490 933 1582 968 igitur.
1601 942 1609 958 ι
1631 933 1684 960 Sed
1700 933 1769 960 dilli-

972 980 1099 1007 cultatern
1125 984 1236 1007 movent
1253 980 1401 1006 adversarii
1420 990 1426 1006 :
1447 989 1455 1005 ι
1479 980 1565 1006 Causa
1583 979 1767 1015 prmiatelligi-

973 1030 1017 1052 tur
1031 1025 1138 1052 effecturi
1152 1034 1159 1057 ;
1190 1026 1305 1052 elleelus
1319 1032 1384 1052 vero
1401 1024 1542 1060 (αἰτιατὺς)
1559 1025 1645 1052 Filius
1659 1029 1686 1052 et
1705 1033 1768 1059 pro-

972 1071 1073 1097 ducere
1105 1070 1291 1106 (πρθϐάλλειν)
1320 1078 1411 1098 causa:
1438 1075 1480 1097 est
1511 1079 1517 1102 ;
1549 1070 1768 1106 pra-intelligitur

972 1123 1037 1151 ergo
1055 1117 1191 1151 liyposlasi
1219 1115 1291 1143 Filii.
1311 1126 1320 1141 ι
1353 1116 1455 1142 Auctor
1477 1120 1570 1143 noster
1590 1117 1737 1149 respondet
1759 1125 1766 1143 :

975 1172 984 1187 ‹
1005 1162 1082 1188 llatio
1097 1161 1154 1193 ista
1171 1170 1202 1188 cx
1219 1169 1291 1196 penu
1318 1162 1508 1196 Sophistarum
1525 1166 1576 1189 est.
1604 1161 1768 1189 l‘raciutelli-

971 1208 1044 1243 gitur
1055 1208 1127 1234 enim
1146 1207 1226 1234 Pater
1242 1207 1310 1234 Filio
1330 1215 1411 1234 causa
1424 1215 1475 1233 non
1491 1215 1521 1234 ea
1536 1215 1595 1242 qua’
1609 1213 1647 1234 est
1673 1216 1767 1234 senm-

971 1254 1035 1279 dum
1048 1252 1123 1289 [5:29]
1135 1253 1326 1287 proccssionem
1342 1252 1391 1287 (τῷ
1411 1252 1490 1287 αἰτίῳ
1505 1253 1535 1278 οὺ
1553 1253 1591 1287 τῷ
1606 1253 1666 1279 κατ’
1682 1253 1766 1279 ἐκπό-

972 1302 1094 1333 ρευσιν);
1120 1306 1238 1333 namque
1263 1298 1307 1325 hic
1322 1299 1421 1326 modus
1436 1299 1505 1325 alitis
1533 1299 1700 1326 exsistentize
1725 1304 1767 1326 est

971 1343 1060 1380 (illo;
1070 1344 1169 1379 τρόπος
1185 1343 1338 1378 ὑπάρξεως)
1352 1351 1358 1375 ;
1372 1351 1453 1370 causa
1466 1352 1531 1370 vero
1542 1352 1602 1378 qua:
1615 1345 1766 1372 secundum

972 1392 1173 1426 processioucm
1197 1395 1226 1417 et
1257 1390 1392 1425 προϐολὴν
1408 1395 1458 1422 est,
1474 1398 1564 1425 neque
1590 1396 1654 1418 ante
1677 1399 1767 1427 neque

971 1442 1032 1473 post
1055 1437 1215 1473 intelligitur
1241 1437 1313 1472 (οὔτε
1333 1437 1527 1472 ἐπιθεωρείται
1554 1436 1618 1463 οὔτε
1644 1439 1766 1473 προοεω-

973 1484 1068 1517 ρεῖται)
1087 1484 1167 1509 Pater
1182 1481 1259 1508 Filio.
1277 1481 1361 1508 Nemo
1372 1482 1445 1508 enim
1468 1489 1500 1508 ex
1525 1482 1591 1516 ipsis
1604 1490 1666 1517 erga
1682 1483 1766 1509 alium

970 1533 1017 1555 aut
1035 1528 1114 1555 Veluti
1134 1528 1297 1562 principium
1320 1532 1366 1554 aut
1383 1528 1464 1555 vcluli
1481 1528 1543 1556 finis
1560 1528 1705 1564 (terminus
1729 1528 1764 1556 cf.

970 1574 984 1610 §
999 1574 1040 1609 l8)
1055 1579 1096 1601 est
1109 1573 1297 1608 hujuscemodi
1317 1582 1489 1609 progressus,
1514 1582 1549 1601 ne
1565 1582 1677 1609 prorsus
1693 1583 1765 1602 nllus

970 1628 1002 1648 ex
1034 1621 1076 1648 his
1101 1620 1219 1655 Spiritus
1246 1620 1292 1647 sit.
1322 1620 1358 1646 Τὸ
1390 1620 1592 1656 προϐάλλεσθαι
1614 1628 1678 1648 vero
1704 1626 1766 1655 post

972 1672 1117 1701 utrumque
1133 1666 1302 1702 intelligitur.
1316 1675 1325 1691 ι
1343 1666 1396 1694 Sed
1414 1671 1657 1694 mstantrursum:
1675 1677 1684 1693 ι
1702 1666 1765 1694 Dri-

971 1716 1021 1743 tas,
1044 1720 1103 1746 qua:
1126 1712 1152 1738 in
1174 1711 1252 1738 Patre
1275 1717 1327 1744 est,
1346 1711 1564 1747 prmiutelligitur
1583 1712 1620 1739 illi
1638 1720 1699 1747 qua)
1722 1718 1765 1740 est

970 1759 997 1785 in
1013 1757 1081 1785 Filio
1105 1762 1132 1784 et
1146 1757 1171 1784 in
1191 1757 1304 1792 Spiritu,
1321 1762 1349 1784 et
1366 1758 1545 1785 nihilominus
1558 1766 1616 1785 eam
1641 1766 1765 1786 commu-

970 1804 1042 1831 nicat
1057 1804 1136 1831 Pater
1147 1804 1186 1830 eis
1198 1812 1258 1837 qua!
1269 1811 1300 1830 ex
1319 1811 1348 1830 se
1363 1808 1438 1831 sunt.
1460 1813 1469 1829 ν
1489 1803 1589 1831 Verum
1606 1805 1663 1832 haec
1678 1804 1764 1831 solida

970 1859 1024 1878 non
1054 1858 1114 1878 esse
1139 1850 1286 1884 respondet
1303 1849 1523 1884 Trapezuntius:
1541 1860 1550 1876 ‹
1574 1849 1665 1877 Deitas
1689 1850 1763 1877 enim

969 1904 1030 1931 quae
1041 1897 1067 1922 in
1080 1896 1159 1923 Patre
1174 1901 1226 1928 est,
1242 1904 1294 1931 qua
1311 1895 1404 1922 Deitas
1429 1893 1455 1932 (ᾖ
1471 1896 1587 1931 ϐεότης),
1600 1904 1654 1923 non
1666 1896 1765 1931 praeiu-

971 1941 1101 1974 telligitur
1114 1940 1161 1972 illi,
1173 1949 1232 1975 qme
1246 1940 1272 1967 in
1286 1939 1355 1967 Filio
1372 1945 1424 1972 est,
1439 1949 1501 1967 cum
1513 1940 1607 1968 eadem
1619 1941 1654 1968 sit
1665 1949 1766 1969 secun-

970 1987 1034 2015 dum
1047 1987 1137 2014 omnia
1150 1988 1277 2022 nullaque
1302 1987 1398 2015 relatio
1411 1987 1608 2022 interjiciatur;
1624 1988 1671 2016 sed
1693 1996 1765 2023 pne-

969 2033 1130 2068 intclligitur
1143 2033 1251 2068 quidem
1259 2041 1320 2068 qua:
1335 2033 1362 2060 in
1373 2034 1451 2060 Patre
1467 2038 1509 2060 est
1521 2033 1611 2060 Deitas
1625 2042 1675 2069 qua
1691 2042 1765 2069 gene-

970 2087 1023 2113 rat,
1038 2078 1066 2118 (ᾖ
1078 2080 1181 2115 γεννᾷ),
1194 2084 1287 2114 postea
1298 2079 1493 2114 intelligiturin
1504 2079 1580 2113 Filio,
1591 2088 1644 2115 qua
1658 2088 1764 2115 genera-

970 2131 1014 2154 tur
1026 2123 1052 2163 (ᾖ
1067 2126 1218 2160 γεννᾶται),

1007 2173 1051 2200 5|.
1074 2172 1121 2199 Est
1142 2180 1207 2207 ergo
1231 2172 1372 2208 generatio
1394 2172 1468 2206 prior
1489 2172 1683 2207 processione,
1707 2180 1763 2200 non

973 2223 1112 2253 tempore,
1133 2220 1179 2246 sed
1203 2218 1322 2254 ἐπινοίᾳ,
1338 2219 1516 2253 cogitatione,
1529 2218 1645 2251 ordine;
1662 2219 1763 2253 prmia-

973 2265 1103 2301 tclligitur
1129 2265 1282 2292 intellectus
1308 2265 1467 2296 voluntate,
1495 2264 1614 2291 Verbum
1642 2266 1762 2298 Amore,

971 2310 1076 2345 Spiritu
1098 2310 1194 2337 Filius.
1211 2310 1282 2345 Ergo
1304 2310 1369 2337 licet
1391 2310 1496 2337 nullum
1518 2314 1627 2345 tempus
1647 2310 1761 2344 dividat,

971 2362 1063 2384 tamen
1081 2365 1136 2384 non
1156 2356 1238 2384 simul
1257 2357 1445 2392 intelliguntur
1457 2362 1549 2384 mente
1568 2362 1662 2385 nostra
1677 2364 1762 2393 gene-

969 2467 1048 2529 ἒόέἓν
1063 2463 1306 2529 προοὲιῖρουμένου
1322 2463 1371 2491 τοῦ
1383 2464 1460 2492 Υἰοῦ.
1478 2464 1583 2502 (Vide§
1600 2466 1626 2499 7,
1641 2470 1706 2494 nota
1727 2466 1759 2501 1;

1036 2522 1042 2529 .
1055 2507 1120 2528 nota
1168 2521 1174 2527 .

997 2502 1042 2534 24,
1055 2507 1120 2528 nota
1135 2502 1174 2529 2).

972 2502 985 2538 s
997 2502 1042 2534 24,
1055 2507 1120 2528 nota
1135 2502 1174 2529 2).

1006 2537 1061 2572 (ξι)
1077 2535 1234 2573 Qrcs:,Cp,l-
1248 2535 1322 2573 ᾼροι-
1341 2543 1364 2573 ς·
1387 2535 1474 2573 Marc?
1500 2535 1568 2573 Eph-
1591 2535 1666 2573 Conf-
1685 2536 1760 2571 (cod-

969 2570 1090 2601 Mon.‘2'l
1110 2570 1376 2608 [.⁷1,15)).λΗϋηει.)ί
1402 2570 1471 2608 Ἀλλ’
1487 2572 1549 2608 οὐδὲ
1573 2572 1626 2608 μὴν
1646 2570 1675 2599 'az
1690 2570 1762 2607 ἀτρό-

968 2611 1023 2637 οδοι
1039 2609 1097 2644 ἅμα
1112 2606 1189 2644 εἶτά)
1206 2605 1312 2644 βξὸαῳῖ
1329 2605 1410 2644 ῖοῦτο
1429 2605 1580 2644 Γρηγόριοξ
1594 2605 1760 2644 totum;

969 2641 1092 2680 tpa'tcxtoy,
1120 2641 1182 2680 ξΤὸ
1200 2641 1251 2680 τῇς
1275 2641 1432 2680 ὲκςρᾴνσεως
1456 2641 1585 2680 διᾴφὸρον
1651 2642 1682 2669 τὸ
1709 2643 1761 2678 τῆς

969 2651 1092 2680 φάσκων.
1121 2651 1129 2667 ι
1152 2651 1182 2668 ιο
1200 2651 1251 2675 της
1275 2651 1432 2675 εκφανσεως
1456 2651 1536 2677 οιαφο
1556 2651 1585 2669 ον
1608 2651 1625 2677 η
1651 2651 1682 2669 το
1709 2651 1760 2678 της

968 2682 1037 2716 apt;
1051 2677 1293 2716 ai.).q),a_t_exécatu;
1308 2677 1436 2716 ᾆιάφρρον
1456 2679 1504 2716 κα).
1520 2651 1572 2716 τῇ(
1590 2677 1686 2716 adﬁatu
1710 2687 1760 2716 τεε-

968 2712 1090 2752 πξπιηκεξ
1112 2712 1216 2752 ι-ὂῆξκον
1232 2712 1288 2752 γὰρ
1302 2712 1340 2744 ὡς
1354 2713 1379 2752 ει
1397 2713 1461 2752 ἆξαι
1475 2713 1502 2740 αἱ
1521 2712 1640 2752 aptato}.
1655 2713 1760 2752 odiodi!

968 2745 1044 2786 ἕλε-ξε
1060 2750 1089 2777 τὸ
1105 2748 1154 2782 τῆς
1165 2745 1409 2786 ’ξκῳάνᾴεωςεῖνᾳι
1419 2745 1560 2786 eam».
1577 2747 1680 2786 Deinde
1693 2748 1761 2786 citat

967 2783 1069 2814 Athan.
1085 2783 1196 2820 orat.§,
1211 2791 1236 2820 ς,
1253 2783 1303 2820 Ar.
1316 2783 1363 2820 (G1
1374 2785 1404 2810 ο.
1421 2783 1521 2820 ιιι-550
1534 2791 1541 2815 ;
1553 2787 1623 2820 orat.
1635 2783 1664 2816 4,
1677 2783 1759 2820 epist.

968 2823 980 2849 l
999 2823 1032 2850 ad
1049 2821 1147 2855 Serap.
1159 2818 1237 2855 (ibid.
1256 2818 1331 2854 552),
1343 2817 1424 2854 Greg.
1443 2817 1523 2854 Nyss.
1537 2818 1670 2854 aliosque.
