1945 3088
212 125 267 159 515

795 123 928 154 ΡΗΟΤΙΙ
946 122 1202 154 PATRIARCHAEI
1216 123 1273 154 ΟΡ-

1797 126 1849 159 516

209 189 328 218 persona
354 181 380 208 in
409 185 534 208 naturam
558 179 724 207 dissolvatur
747 179 856 215 (c.19);
887 180 1000 216 spiratio
1012 182 1185 213 Atutorum,
1198 180 1322 214 sequitur
1333 180 1359 207 id
1372 179 1684 216 quoddiximuszPatcr
1698 185 1848 213 essetduas

209 229 298 256 activa
310 235 365 254 non
378 226 503 254 essentia:
516 234 568 261 qua
582 226 629 253 ta1i
643 233 693 254 nec
705 230 735 253 ut
752 226 889 262 principio
908 226 998 262 agenti

207 273 378 305 vindicatur;
398 272 488 299 Patris
508 279 625 306 persona
648 279 725 306 atque
745 279 777 299 ac
796 279 912 307 persona
938 271 999 298 Filii

207 319 262 355 jam
276 319 423 346 constituta
437 318 600 353 supponitur
617 325 706 352 neque
719 318 819 345 exinde
834 317 998 349 destruitur;

207 362 532 400 constitutiva'pcrsonte
561 371 615 391 non
643 364 798 398 eripiuntur
826 363 920 396 Patri,
951 364 999 390 sed

207 412 308 440 intacta
318 420 430 447 prorsus
443 415 565 444 manent,
577 416 606 438 ut
619 411 684 438 satis
695 411 751 445 jam
761 411 926 438 declaratum
937 410 997 437 fuit.

245 457 291 485 15.
330 458 357 486 Si
372 458 513 493 proprium
529 457 617 484 Patris
633 467 641 483 ι
663 457 710 493 (ita
733 456 847 484 Photius
862 464 923 491 cap.
942 456 998 491 18),

210 513 221 530 α
236 503 402 531 transfertur
417 503 446 530 in
461 503 572 536 Filium,
583 504 664 531 etiam
679 504 819 539 proprium
832 502 891 530 Filii
908 507 999 530 trans-

207 548 296 576 fertur
326 548 354 576 in
375 549 493 581 Patrem,
514 549 551 576 ita
579 554 608 576 ut
637 553 664 576 et
686 548 767 576 Pater
791 548 998 583 generationem

207 594 302 623 subeat
312 603 343 623 ac
353 596 459 631 genitus
470 596 660 623 censeaturJtt
671 603 733 622 cum
744 596 816 630 quod
829 594 997 622 fundamenti

207 641 268 668 loco
284 642 370 676 ponit,
388 641 485 669 falsmn
501 650 561 669 esse
574 642 629 677 jam
644 642 710 669 satis
726 646 843 674 constet,
860 649 950 676 neque
966 648 999 668 ea

207 687 365 714 consecutio
390 687 538 722 quidquam
566 687 664 714 virium
697 687 817 714 habebit.
842 687 881 714 Ne
903 687 998 715 eadem

208 737 378 768 repetamus,
400 733 571 761 Bessarionis
601 734 758 769 praeclaram
787 733 997 768 disputationem

209 780 254 808 hic
280 779 473 807 exhibebimus
492 780 546 814 jam
576 780 648 807 dicta
666 780 780 807 uberius
805 780 996 806 illustrantem.

207 826 310 860 Quaerit
324 827 415 861 itaque
427 826 570 853 Bessarion
586 827 640 861 (ep.
656 827 689 854 ad
704 827 780 854 Alex.
797 826 909 854 Lasear.
924 834 948 853 c.
970 825 996 858 5;

1051 226 1208 261 personales
1222 226 1324 254 formas
1339 227 1456 260 habens,
1472 228 1544 255 sicut
1561 229 1582 255 si
1600 230 1662 264 quis
1677 230 1760 258 homo
1778 232 1847 261 duas

1051 272 1163 300 haberet
1189 271 1265 309 [296]
1292 273 1407 305 animas,
1435 274 1507 309 quod
1535 274 1682 302 absurdum
1708 281 1751 303 est
1776 277 1845 313 (94).

1050 319 1127 353 Quod
1140 319 1162 346 si
1178 327 1243 347 vero
1256 328 1311 347 non
1330 325 1445 356 utraque
1465 328 1514 355 per
1533 329 1573 353 se,
1593 321 1640 349 sed
1661 322 1748 350 ambat
1762 324 1846 351 simul

1051 364 1131 400 (ἅμα)
1156 365 1372 399 constituerent,
1401 372 1491 401 neque
1519 366 1565 401 qui
1600 367 1705 395 diceret
1731 367 1839 396 Patrem

1051 411 1138 438 solum
1149 432 1157 444 ,
1173 411 1338 447 signiﬁcaret
1354 420 1496 446 personam
1517 417 1658 447 paternam
1671 435 1678 447 ,
1693 422 1783 449 neque
1798 417 1845 450 qui

1050 457 1194 492 προὸολέα.
1210 457 1337 485 Attamen
1359 458 1441 494 hujus
1462 463 1549 486 totum
1570 460 1738 488 contrarium
1755 466 1798 488 est
1817 462 1844 489 in

1049 510 1117 537 usu;
1135 512 1231 532 omnes
1246 505 1320 532 enim
1335 505 1461 533 doctores
1473 510 1501 533 et
1524 506 1613 533 omnis
1625 506 1766 542 Scriptura
1781 515 1844 535 cum

1048 547 1144 575 dicunt
1155 547 1273 581 Putrem,
1293 549 1413 577 divinam
1428 551 1488 585 ejus
1503 558 1648 585 personant
1664 552 1820 587 signiﬁcant
1836 563 1843 586 ;

1049 593 1133 620 nostri
1153 594 1233 621 ctiam
1252 594 1360 629 (Graeci)
1383 604 1445 623 cum
1466 597 1560 624 dicunt
1588 597 1734 632 προϐολέα,
1751 600 1842 634 ipsum

1049 638 1156 666 Patrem
1172 640 1258 666 solum
1274 645 1371 675 putant
1391 641 1557 676 signiﬁcare.
1579 641 1664 678 igitur
1686 652 1738 671 nec
1756 645 1845 673 amba:

1047 685 1202 713 simul'sunt
1213 686 1398 714 eonstitutiva:
1409 695 1531 722 persona:
1539 693 1659 723 paternae
1670 698 1722 718 nec
1729 695 1846 727 utraque

1048 739 1095 766 per
1108 740 1146 758 se.
1159 730 1254 759 Restat
1270 739 1337 768 ergo
1357 738 1404 760 attt
1420 734 1613 768 paternilatem
1631 743 1692 764 esse
1709 738 1845 765 constitu-

1048 777 1129 805 tivam
1143 783 1170 805 et
1186 779 1324 813 propriam
1341 779 1430 807 Patris
1446 780 1571 813 fortnam,
1586 782 1763 817 spirationem
1778 792 1845 812 vero

1049 823 1124 858 sequi
1137 831 1199 850 cum
1213 824 1270 858 jam
1286 826 1476 860 constitutum,
1491 831 1539 854 aut
1561 834 1577 854 c
1606 835 1750 856 converso.
1765 850 1772 857 .
1785 850 1792 857 .
1809 830 1846 857 At

207 871 291 900 Hard.
303 872 350 903 IX,
362 872 455 908 1060),
470 872 600 907 quidnam
619 873 653 899 sit
672 880 796 907 personae
816 872 905 899 Patris
928 879 995 899 con-

1050 869 1070 896 sl
1085 869 1116 895 τὸ
1132 870 1293 904 προϐάλλειν
1313 871 1423 905 quidem
1438 873 1590 904 constituit,
1609 873 1639 899 τὺ
1658 875 1757 910 γεννᾷν
1778 883 1845 904 vero

207 919 360 948 stitutivum
386 918 423 955 (τι
439 919 498 945 ποτ’
516 919 591 945 ἐστὶν
616 919 683 945 [διον
706 917 776 950 εἶδος
797 918 828 944 τὺ
851 918 997 953 πρόσωπον

206 965 291 994 αὐτοῦ
312 965 466 1000 συνιστῶν).
488 964 528 992 Ac
541 965 630 999 primo
650 964 774 999 inquirit,
791 969 882 990 utrntn
901 964 936 990 sit
952 963 998 989 τὸν

207 1012 365 1048 ἀγέννητον.
378 1011 412 1039 At
426 1019 480 1039 non
495 1012 614 1043 videtur,
627 1011 733 1046 inquit;
750 1011 802 1038 hoc
812 1011 884 1037 enim
897 1014 938 1037 cst
948 1016 994 1036 nc-

207 1059 280 1094 gatio
294 1057 455 1094 [ἀπόφασις]
468 1065 475 1090 ;
490 1057 556 1091 (92')
570 1057 607 1084 nil
626 1062 716 1084 autem
730 1064 824 1084 eorum
843 1064 903 1091 quae
922 1061 997 1089 sunt,

207 1105 357 1133 secundum
369 1105 540 1140 negationem
550 1105 602 1131 hoc
613 1103 714 1139 aliquid
725 1108 775 1130 est.
786 1103 844 1130 lmo
854 1102 999 1129 innascibi-

207 1151 269 1179 litas
286 1159 341 1178 non
363 1149 438 1186 [995]
460 1155 503 1178 est
524 1150 576 1177 nisi
606 1150 769 1185 proprietas,
790 1157 851 1184 qure
874 1149 999 1184 sequitur

204 1198 260 1233 jam
285 1198 460 1225 constitutam
481 1197 539 1231 ejus
557 1204 700 1232 personam
727 1195 839 1231 (ἰδίωμα
864 1194 998 1229 ἑπόμενον

207 1244 336 1270 συστάντι
349 1243 388 1278 τῷ
399 1242 539 1278 προσώπῳ
548 1242 654 1276 αὑτοῦ).
670 1242 797 1269 Secundo
808 1241 952 1276 disceptat,
964 1248 999 1268 an

206 1290 242 1318 sit
255 1290 286 1316 τὸ
297 1290 392 1321 αἴτιον,
402 1290 454 1316 hoc
463 1288 536 1324 quod
545 1289 646 1316 dicitur
654 1296 735 1316 causa
748 1289 807 1316 sive
820 1288 996 1323 principium.

201 1334 301 1369 Neque
316 1335 368 1361 hoc
381 1334 589 1362 admittendum.
609 1333 675 1361 Nam
697 1334 720 1361 si
737 1334 790 1361 hoc
804 1338 877 1361 esset
894 1334 1000 1362 consti-

206 1381 292 1409 tutiva
317 1381 378 1416 ejrrs
400 1381 505 1412 forma,
523 1389 604 1408 causa
628 1389 675 1408 seu
699 1381 877 1415 principium,
901 1380 997 1412 utinm,

207 1428 299 1464 potius
313 1428 449 1454 diceretur
467 1435 547 1462 quant
570 1427 666 1458 Pater;
685 1430 713 1453 at
730 1427 764 1453 ab
794 1427 922 1463 omnibus
950 1427 998 1454 do-

208 1474 330 1502 ctoribus
346 1474 528 1501 communiter
543 1473 623 1500 Pater
636 1474 804 1501 nominatur.
815 1473 948 1501 Prtetcrea
959 1474 999 1501 sic

206 1527 262 1547 non
285 1519 358 1546 reale
388 1519 547 1554 quidquam,
576 1519 622 1546 scd
650 1519 736 1546 ideale
753 1519 889 1553 quoddam
917 1518 997 1548 foret,

207 1565 306 1602 νόημα,
331 1572 387 1592 non
412 1566 546 1601 πρᾶγμα·
565 1565 792 1592 communicabile
822 1568 909 1596 esset,
932 1564 997 1591 dum

207 1617 298 1639 tamen
319 1611 545 1638 comnumicabile
563 1611 629 1638 nulli
646 1611 693 1639 dat
708 1611 859 1639 formalitcr
878 1619 940 1638 esse
955 1612 999 1638 in-

208 1658 446 1691 communicabile,
465 1659 537 1693 quod
554 1657 619 1685 facit
635 1665 699 1693 erga
724 1665 868 1693 personam
885 1658 999 1685 formale

208 1705 294 1740 ipsius
312 1704 518 1732 constitutirum
536 1705 604 1739 (95).
621 1704 714 1732 Restat
731 1705 823 1740 igitur,
842 1709 888 1731 aut
903 1709 996 1740 pater-

207 1751 320 1778 nitatem
329 1751 412 1778 solam
424 1755 471 1777 aut
482 1751 658 1786 spirationem
671 1751 730 1786 (τὴν
742 1750 889 1786 προῦολὴν)
901 1751 997 1781 solam,

207 1799 255 1821 aut
265 1795 359 1822 ambas
372 1802 432 1822 esse
448 1796 654 1822 constitutivum
667 1804 790 1831 personte
803 1801 931 1831 paternae.
945 1796 998 1823 Sed

207 1840 461 1876 imprimistertium
477 1846 520 1869 est
531 1842 707 1877 impossibile,
719 1843 777 1870 sive
791 1843 814 1876 ι)
829 1842 864 1869 ita
875 1842 998 1878 concipi-

207 1891 262 1919 tur,
277 1891 307 1914 ut
322 1895 370 1922 per
381 1895 409 1914 se
426 1892 541 1922 utraque
557 1888 724 1916 constituere
742 1889 839 1924 possit,
853 1889 910 1916 sive
923 1889 958 1916 ila
969 1889 996 1923 Ξ)

207 1938 239 1960 nt
258 1934 364 1961 nonnisi
376 1935 463 1962 ambat
483 1936 564 1962 simul
582 1937 607 1963 id
621 1937 738 1963 valeant.
758 1936 825 1964 Nam
841 1936 863 1963 si
882 1941 998 1971 utraque

207 1983 273 2006 nota
298 1987 347 2014 per
364 1988 393 2008 se
419 1981 495 2017 (ὶδιᾳ.)
520 1983 703 2016 constituerit,
732 1984 787 2018 jam
813 1983 881 2011 duas
897 1983 998 2011 formas

207 2024 266 2059 (δύο
279 2025 348 2060 εῐδη)
369 2026 449 2053 Pater
463 2027 587 2060 haberet,
604 2033 842 2063 etconsequenter
857 2030 918 2057 duae
935 2037 998 2064 per-

207 2078 281 2098 sonae
291 2075 375 2104 esset,
386 2077 413 2099 et
425 2074 493 2100 duas
506 2081 636 2108 personas
650 2081 678 2102 et
692 2075 759 2102 duas
769 2075 869 2103 formas
882 2076 997 2103 habens.

210 2126 221 2143 ‹
235 2117 303 2144 Cum
314 2118 387 2145 enim
404 2119 456 2146 illte
471 2120 525 2147 sint
541 2120 661 2148 rationes
673 2122 818 2153 distincte,
831 2123 853 2149 si
869 2123 998 2157 qutelihct

206 2171 300 2190 earum
315 2170 388 2192 esset
398 2174 523 2200 personae
536 2168 723 2199 constitutiva,
737 2176 799 2196 cum
812 2169 997 2196 constitutivre

1050 916 1107 942 sive
1130 916 1282 950 paternitas
1306 917 1439 951 sequitur,
1458 918 1608 946 absurdum
1632 920 1698 955 quid
1721 925 1747 948 et
1771 923 1845 956 quod

1049 966 1148 996 prteter
1158 963 1281 990 omnium
1293 963 1436 991 doctorum
1453 965 1626 992 traditionem
1638 970 1689 999 est,
1703 968 1842 1002 sequitur:

1050 1012 1120 1035 esset
1141 1008 1255 1043 spiratio
1270 1009 1357 1044 prima
1381 1014 1409 1037 et
1422 1010 1580 1038 immediata
1600 1011 1689 1038 Patris
1714 1014 1841 1048 operatio

1051 1054 1155 1090 (πρώτη
1171 1056 1216 1081 καὶ
1229 1055 1331 1090 ipsas;
1348 1056 1503 1092 ὲνέργεια);
1520 1065 1582 1084 nam
1601 1058 1659 1086 lucc
1672 1067 1687 1085 a
1707 1061 1844 1087 constitu-

1050 1099 1105 1126 tiva
1135 1100 1269 1134 cujusque
1292 1109 1418 1135 personae
1439 1102 1526 1130 forma
1551 1104 1654 1138 prodit,
1680 1113 1729 1140 per
1755 1105 1844 1141 ipsam

1049 1149 1140 1172 autem
1149 1145 1208 1172 alia:
1225 1148 1400 1180 operationes
1416 1146 1499 1177 ﬁunt;
1514 1148 1579 1175 hinc
1595 1155 1757 1183 sequeretur
1772 1150 1844 1178 ulte-

1049 1191 1120 1221 rius,
1135 1199 1184 1226 per
1196 1192 1375 1226 spirationcm
1391 1193 1450 1221 ﬁeri
1462 1195 1677 1229 generationem,
1694 1197 1728 1223 ita
1742 1202 1773 1224 ut
1787 1205 1843 1225 non

1050 1238 1176 1273 amplius,
1194 1242 1224 1265 ut
1243 1239 1362 1275 theologi
1385 1245 1522 1274 asserunt,
1544 1241 1663 1276 Spiritus
1679 1250 1727 1277 per
1743 1243 1842 1271 Filium

1049 1285 1219 1319 procederet,
1232 1285 1280 1312 sed
1292 1286 1378 1313 Filius
1386 1294 1434 1321 per
1445 1286 1579 1322 Spiritum
1592 1296 1689 1322 genera
1695 1291 1843 1326 rctur(93).

1050 1330 1118 1357 Cum
1131 1338 1195 1358 vero
1211 1331 1269 1358 haec
1283 1332 1400 1359 absurda
1416 1333 1470 1359 sint
1490 1341 1523 1361 ac
1537 1335 1675 1362 traditioni
1694 1337 1844 1370 contraria,

1051 1380 1135 1403 restat
1158 1377 1346 1411 paternilatem
1355 1379 1521 1406 constituere
1532 1388 1675 1415 personam
1689 1388 1843 1417 paternam,

1050 1426 1077 1449 et
1092 1423 1162 1449 hanc
1178 1423 1238 1457 ejus
1248 1431 1308 1450 esse
1323 1423 1608 1453 incommunieabilcm
1620 1426 1745 1460 fortnam,
1759 1429 1845 1463 spira-

1051 1468 1152 1496 tionem
1166 1477 1231 1496 vero
1247 1470 1322 1504 sequi
1338 1471 1393 1505 jam
1411 1471 1587 1499 constitutam
1609 1473 1685 1510 [297]
1701 1475 1760 1509 ejus
1781 1483 1844 1510 per—

1051 1521 1157 1541 sonam.
1176 1515 1242 1542 lndc
1256 1516 1372 1542 eﬁicitnr
1398 1517 1487 1552 ipsum
1510 1517 1539 1544 τὺ
1560 1520 1658 1555 γεννᾷν
1677 1520 1791 1554 primam
1815 1527 1845 1549 ct.

1051 1559 1235 1587 immediatam
1257 1561 1445 1595 operationem
1470 1570 1593 1597 personat
1614 1568 1736 1598 paterna:
1760 1573 1843 1600 esse;

1049 1605 1137 1640 ipsum
1154 1611 1225 1634 {vero
1245 1607 1408 1649 προϐάλλεις]
1429 1608 1487 1636 ﬁeri
1512 1610 1557 1636 διὰ
1582 1610 1629 1637 τοῦ
1651 1612 1759 1647 γεννᾷν,
1787 1620 1843 1639 non

1049 1652 1159 1686 quidem
1174 1657 1303 1687 tanquam
1318 1662 1366 1688 per
1381 1655 1557 1690 principium,
1571 1657 1617 1684 sed
1632 1662 1660 1684 ut
1672 1666 1720 1693 per
1740 1659 1843 1695 aliquid

1049 1699 1245 1730 necessarium,
1258 1701 1329 1734 quod
1343 1701 1514 1736 pra'exigitur
1532 1702 1599 1737 (96).
1615 1702 1692 1736 Quod
1705 1704 1725 1731 si
1738 1704 1774 1732 ita
1788 1714 1843 1739 est,

1047 1743 1102 1778 jam
1119 1744 1183 1771 inde
1205 1745 1356 1772 desumitnr
1375 1751 1583 1781 argumentum,
1601 1750 1673 1784 quod
1696 1749 1792 1778 Filium
1808 1752 1844 1779 ab

1048 1790 1137 1816 activa
1150 1790 1300 1825 spiratione
1324 1792 1432 1819 excludi
1454 1801 1509 1820 non
1524 1801 1604 1828 posse
1617 1795 1796 1824 demonstrat.
1814 1798 1843 1825 Id

1049 1836 1195 1864 Bessarion
1210 1838 1238 1873 (Ι.
1251 1846 1276 1865 c.
1292 1846 1318 1866 c.
1331 1838 1358 1870 6,
1375 1839 1434 1866 init.
1452 1841 1570 1876 p.106l)
1584 1842 1635 1869 hoc
1651 1848 1730 1877 pacto
1742 1852 1845 1879 propo-

1048 1883 1089 1910 nit
1111 1893 1117 1910 :
1138 1894 1147 1909 ε
1172 1885 1224 1911 Per
1248 1885 1364 1920 primatu
1388 1891 1415 1913 et
1443 1886 1630 1915 immediatam
1654 1890 1842 1922 operationem

1049 1931 1264 1967 uniuscujusque
1291 1940 1413 1967 personae
1446 1934 1626 1969 perﬁciuntur
1657 1944 1754 1964 omnes
1780 1938 1844 1966 alia:

1048 1977 1240 2011 operationes;
1254 1979 1300 2005 sed
1313 1980 1400 2013 prima
1412 1984 1440 2006 et
1454 1979 1610 2008 itnmediata
1620 1983 1743 2016 operatio
1754 1983 1843 2012 Patris

1048 2026 1090 2049 est
1109 2024 1270 2058 generatio;
1293 2032 1342 2059 per
1363 2026 1568 2059 generationem
1594 2028 1675 2064 igitur
1697 2030 1842 2064 perﬁcitur

1048 2069 1118 2096 actio
1135 2069 1255 2104 spirandi
1273 2079 1279 2096 :
1296 2075 1324 2098 et
1345 2071 1385 2098 sic
1400 2079 1431 2098 ex
1450 2072 1530 2101 Patre
1543 2081 1592 2109 per
1607 2074 1703 2103 Filium
1717 2078 1842 2111 procedit

1049 2114 1166 2149 Spiritus
1182 2121 1301 2144 sanctus.
1320 2126 1329 2142 ι

1084 2161 1129 2189 Μ.
1167 2161 1231 2189 Post
1250 2162 1358 2198 longam
1375 2163 1449 2191 illam
1478 2164 1513 2193 de
1532 2171 1607 2194 textu
1627 2167 1706 2195 Joan.
1725 2176 1779 2200 xvi.
1795 2169 1840 2204 15,

206 2209 357 2238 formaliter
370 2211 483 2240 diversae
499 2213 554 2240 sint
567 2219 692 2249 respectu
706 2214 876 2243 diversorum
892 2216 995 2244 consti—

1050 2208 1092 2241 14,
1102 2207 1312 2243 disputationem
1324 2209 1395 2246 (cap.
1407 2211 1453 2244 ‘20,
1469 2212 1513 2248 30)
1525 2221 1624 2241 novum
1641 2215 1840 2250 sophismatum

243 2287 365 2351 (ἓξ)Οὲ
378 2288 525 2351 Adug‘nstin.
544 2290 582 2318 De
601 2291 673 2318 Trin.
690 2300 716 2324 v,
745 2292 777 2324 7;
801 2291 900 2319 Thom.
919 2292 995 2320 Sum.

283 2344 290 2351 .
307 2331 333 2350 a.
377 2332 391 2351 a
447 2344 456 2351 .

227 2325 290 2356 .32,
307 2331 333 2350 a.
348 2325 409 2351 ead
430 2326 456 2351 t.

206 2331 234 2359 q.
246 2331 290 2356 az,
307 2331 333 2350 a.
348 2331 365 2350 4
377 2331 409 2351 au
430 2331 456 2351 ι.

241 2359 296 2395 (93)
310 2360 378 2387 Cod.
392 2359 518 2388 Monach.
528 2360 561 2388 27
571 2360 590 2389 f.
600 2361 630 2388 M
645 2369 670 2388 a.
683 2361 765 2389 hicea
780 2366 885 2390 tantum
895 2363 991 2392 habet:

206 2395 268 2432 Ἔτι
279 2396 309 2432 τὸ
319 2395 404 2432 αἴτιον
416 2396 529 2432 καθόλου
542 2397 613 2423 κατὰ
622 2397 669 2423 τοῦ
682 2397 787 2432 Πατρός
797 2407 825 2424 τε
838 2400 883 2426 καὶ
895 2400 993 2430 προϐο-

203 2429 272 2470 λέῳς
283 2430 617 2470 IEYGEEYOV_V61”1a}Lé‘IOV
627 2432 712 2470 ἔζη-αθ
723 2429 769 2459 xei.
779 2434 855 2470 οὐδὲν
865 2435 991 2470 πρᾶγμα·

204 2464 269 2504 ξιδὲ
290 2465 414 2504 τοιοῦῖόν-
428 2464 512 2499 emi,
529 2464 603 2504 ἔστιν
625 2468 674 2494 οὐκ
697 2468 740 2494 ὃν·
757 2470 787 2495 τὸ
806 2469 834 2504 ᾷὲ
848 2464 948 2504 μὴ’ὂν’,’
961 2471 992 2497 οὺ

204 2499 316 2537 δύνατέιι
337 2501 383 2526 τοῦ
404 2502 565 2537 ὑπερουσίου
594 2503 774 2530 Onomastbe
796 2499 885 2530 εἷναξιί
901 2504 993 2532 Isim-

207 2543 252 2562 ται
267 2533 325 2566 οὖν,
342 2544 369 2561 κ.
385 2544 407 2562 τ.
428 2533 523 2564 λζδιηί
540 2538 624 2564 ηιιιΙιυ
641 2539 751 2565 uberior
767 2545 809 2566 est
823 2545 913 2566 textus
931 2540 990 2568 Lat.

209 2571 280 2609 apud
297 2569 379 2609 Hard.
395 2571 417 2609 l._
430 2580 454 2609 _c.
472 2581 480 2597 ι
500 2572 564 2599 ltetn
580 2581 642 2600 cum
659 2581 742 2601 causa
765 2582 811 2601 seu
827 2576 990 2609 principium

209 2605 361 2632 universale
373 2606 500 2640 quiddam
518 2609 566 2640 sit;
588 2608 638 2635 hoc
661 2610 762 2635 dictum
777 2605 988 2637 est'set-mixtum

207 2642 268 2669 illos
289 2640 474 2675 philosophos,
495 2643 542 2677 qui
565 2649 658 2670 lcncltt
683 2645 913 2671 universalitatem
933 2647 989 2673 ﬁeri

207 2677 356 2704 secundum
373 2676 550 2710 intellectum;
569 2679 591 2705 si
612 2684 700 2706 tatncn
719 2680 856 2707 diceretur
880 2682 990 2707 univer-

207 2711 273 2738 salia
302 2711 377 2749 nullo
398 2713 479 2749 modo
500 2713 534 2740 ab
561 2714 696 2741 intellectu
720 2715 881 2749 dependere,
901 2717 990 2744 adhuc

207 2754 260 2772 non
272 2751 343 2785 (ξε-ᾳ.
353 2746 588 2785 di_cendnrn,quod
598 2750 661 2785 illud
676 2746 812 2776 conmitute
825 2751 988 2785 principium

206 2786 277 2808 esset
303 2782 423 2819 alicujus
449 2790 571 2817 persome
594 2784 745 2811 fortnaliter
770 2782 987 2819 conStitutivum,

207 2823 269 2854 cum
278 2818 524 2854 communicatum,
537 2828 552 2854 VI
569 2824 631 2852 ctc.,
647 2825 676 2845 ut
691 2828 783 2854 supra.

243 2850 298 2885 (9i)
314 2851 341 2878 ln
360 2853 421 2881 cod.
445 2853 518 2881 Mon.
535 2853 554 2881 Ι.
571 2861 597 2881 c.
623 2850 731 2883 tantum
751 2856 849 2892 legitur
864 2866 870 2885 :
886 2856 918 2884 ΕΞ
939 2858 989 2894 μὲν

1047 2295 1297 2340 ρῦν-καλλὲκάτεροιί
1306 2299 1372 2340 ξδίᾳ,
1385 2301 1432 2340 ξύο
1442 2302 1496 2337 ἄρα
1506 2303 1562 2339 εἴδη
1575 2304 1588 2330 ὁ
1602 2304 1696 2340 natth
1709 2305 1779 2339 ἕξει,
1790 2307 1840 2333 καὶ

1047 2333 1203 2377 ditata-60:3;
1215 2333 1268 2377 διαὶ
1283 2334 1329 2377 δὺς
1344 2333 1489 2377 inposta-:21
1511 2333 1601 2377 ἐστξιιὶ
1622 2339 1660 2370 ὡς
1672 2333 1741 2377 ’δύοί
1754 2333 1840 2377 τέρος-

1046 2369 1138 2412 ῳπιξίά
1146 2368 1203 2410 sitit]
1215 2369 1295 2412 ἔχεων,
1308 2368 1403 2408 dictis?
1414 2373 1447 2400 ἂν
1461 2373 1489 2399 εἴ
1500 2382 1541 2405 τις
1555 2368 1700 2410 ἀνορωᾶτος
1713 2376 1761 2403 δύο
1777 2368 1839 2412 ἔχοι

1046 2405 1146 2439 ψυχὰς,
1157 2404 1227 2439 ᾗπερ
1241 2405 1351 2434 ἄτοπον.

1085 2413 1146 2466 ξρις,
1160 2413 1227 2444 οτςερ
1241 2413 1351 2434 ατοπον.

1083 2439 1091 2471 (
1112 2438 1224 2482 5)]1ξιᾱ.
1252 2440 1284 2466 Ἠ
1304 2442 1399 2482 ςπριώτη
1409 2443 1464 2482 _ua.‘.
1481 2444 1583 2479 ἄμεσος
1598 2445 1725 2482 ᾲέκάστου
1750 2456 1838 2482 προσ-

1045 2473 1122 2514 ώπρυ
1146 2473 1272 2514 ὲνέργξια
1298 2473 1424 2514 rei;
1449 2473 1611 2507 συσῖτατιδξοῦ
1639 2482 1726 2514 εἴδους
1751 2473 1836 2510 aiin

1046 2510 1154 2552 πριξεισι
1169 2517 1186 2553 ιθ
1203 2511 1324 2553 ’δᾶερ-δ’
1337 2512 1415 2553 attat
1432 2514 1568 2553 évép‘rstat
1582 2516 1628 2553 §td
1658 2510 1759 2553 ταύιξης
1785 2518 1836 2552 τῆς

1046 2544 1159 2588 πρώτης
1168 2544 1272 2584 ῥηλαδὴ
1285 2547 1424 2588 ὲνξρχειας
1517 2551 1541 2576 εἰ
1551 2551 1615 2585 γοῦν
1630 2553 1677 2578 καὶ
1691 2544 1835 2588 τοῑίὲτροέί

1045 2579 1121 2618 (ii-r300
1134 2579 1181 2618 ’ῖοῦ
1193 2579 1371 2618 πατρὶκ-οὗτιέὺ
1390 2585 1548 2618 προϐάλλειν
1556 2579 1618 2613 ἔστι
1628 2588 1658 2613 τὸ
1674 2579 1834 2615 συστατίκὸν

1045 2612 1127 2657 sithi.
1142 2612 1256 2658 “conj
1272 2616 1322 2650 μὲν
1336 2612 1448 2658 fassust;
1469 2620 1485 2654 ἧ
1501 2612 1715 2658 λέηπᾴρὲυάιςῗίῄη
1738 2624 1834 2658 πρώτη

1044 2651 1143 2688 αὐτῷ,
1154 2652 1203 2688 ῥιπὶ
1218 2651 1460 2688 ἆμςσοςγένέργεια
1475 2651 1485 2670 δ
1498 2656 1543 2682 διὰ
1559 2651 1587 2683 δὲ
1612 2651 1666 2684 ’ποῦ’
1689 2651 1767 2685 arrisit:
1787 2651 1834 2685 καῖ

1045 2685 1209 2723 εροξάλλςιν
1239 2685 1434 2723 γέξνηῦήσέέαι
1459 2691 1473 2716 ὸ
1502 2692 1583 2723 Υἱός·
1614 2694 1661 2719 καὶ
1685 2695 1776 2721 etim-‘1:
1803 2695 1834 2720 τὸ

1045 2720 1157 2762 ἓχεῡξξιοιζ
1174 2720 1221 2760 διξ
1238 2721 1285 2762 ῖςιῦ
1302 2720 1383 2762 ¹Ῠίόὺ,
1396 2724 1434 2756 ὡς
1452 2727 1476 2751 οἱ
1495 2720 1615 2761 Gnatho:
1631 2729 1724 2762 φασὶν,
1745 2729 1804 2756 ἀλλ’
1819 2730 1834 2755 ὁ

1044 2755 1106 2795 fici
1112 2755 1163 2795 ﬁt?
1171 2756 1225 2795 :qu
1240 2758 1309 2795 llvsti
1315 2767 1398 2792 ματος
1418 2755 1552 2795 ἠρόεισιν.

1080 2790 1666 2834 (ρϐλιιὶ(ἰρςιςιι-δςξίιηειιεεἮιοιιιθε,διέτη.
1688 2799 1714 2833 l,
1736 2807 1762 2834 q.
1785 2799 1831 2832 5'5,

1043 2833 1068 2854 a.
1084 2827 1101 2854 4
1115 2827 1150 2854 ad
1165 2827 1198 2859 5;
1216 2833 1244 2854 ct
1260 2828 1346 2863 (1.27,
1359 2837 1386 2857 a.
1404 2831 1431 2858 4.
