1945 3088
130 123 179 157 517

463 128 513 162 DE
533 129 562 158 S.
585 129 682 159 SPIR.
704 129 954 161 MYSTAGOGIA.
975 142 1009 148 —-
1026 129 1397 161 ANIMADVERSIONES.

1692 131 1745 164 518

127 183 230 217 eyelum
251 184 407 220 auspicatur
419 185 544 219 Photius,
559 186 585 213 in
603 194 658 221 quo
677 187 753 222 plura
771 188 825 221 jam
840 187 911 215 dicta
924 190 951 220 Α
961 187 1013 214 erit
1024 187 1066 214 vel
1079 187 1192 214 similior
1203 187 1245 214 vel
1258 187 1413 214 dissimilior
1423 195 1474 215 avo
1488 188 1636 216 secundum
1650 197 1746 218 essen-

125 229 184 257 aliis
199 230 290 258 verbis
308 231 408 266 repetit
425 238 549 267 novaque
566 233 599 259 iis
613 233 747 268 adjungit.
764 233 830 266 Quae
847 241 908 269 cap.

126 275 155 303 51
174 276 294 308 disserit,
318 278 405 312 reipsa
422 285 483 304 cum
503 277 535 304 iis
553 278 720 305 conveniunt
733 287 793 313 quae
815 287 875 314 cap.
893 279 908 306 7

126 322 276 358 disputarat
291 323 338 358 (cf.
347 323 406 358 ξεί).
418 323 585 358 Supponitur
595 329 622 351 et
632 325 676 352 hic
684 325 783 360 duplex
792 324 910 360 προϐολὴ

126 373 155 396 ut
175 376 189 395 a
211 368 315 396 Latinis
352 374 530 405 propugnata,
552 370 715 405 supponitur
741 371 776 397 ab
794 375 910 405 utroque

125 414 244 448 spirante
260 415 394 449 peculiare
402 415 466 449 quid
477 415 594 442 conferri
608 423 641 442 ex
651 424 744 443 eorum
755 417 900 449 sententia,

127 467 158 487 ex
176 463 252 494 parte
266 460 384 492 Patrem,
395 468 427 488 ex
440 465 516 496 parte
529 460 626 488 Filium
638 462 751 497 spirare.
763 462 817 489 Sed
828 471 837 487 ι
853 470 909 490 non

126 513 159 531 ex
172 509 256 538 parte,
271 514 281 530 ι
292 504 330 531 ait
350 505 424 540 llugo
436 505 597 534 Etherianus
612 507 640 540 (l.
655 515 685 540 tt,
699 515 723 535 c.
735 507 763 539 2,
775 516 802 542 p.
813 507 908 541 {260),

129 557 138 573 ι
158 548 239 576 Pater
254 553 281 576 et
303 549 387 576 Filius
408 549 553 583 Spiritum,
573 551 620 578 sed
636 560 667 578 ea:
682 556 735 578 toto
751 557 775 579 et
795 554 908 588 perfecte

126 598 233 628 uterque
246 594 347 628 pariter
360 595 474 627 emittit;
489 595 562 622 solus
576 596 647 623 enim
660 596 744 624 Filius
755 597 861 624 exsistit
876 597 910 624 de

127 639 205 667 Patre
228 641 330 675 absque
359 641 458 672 medio,
488 641 604 676 ideoque
627 642 745 677 perfecte
775 644 908 678 Spiritum

128 686 224 712 emittit
240 686 309 712 sicut
323 686 412 714 Pater.
425 696 435 712 ι
448 686 573 722 Reliqua,
582 696 641 723 qua:
650 689 769 716 notanda
784 690 909 723 veniunt,

123 731 178 766 jam
194 731 234 766 ξι
245 732 315 759 dicta
330 737 403 759 sunt.

162 777 205 805 15.
224 778 299 810 Quod
315 779 347 805 ad
358 778 421 805 illud
437 783 549 813 spectat.
565 779 686 814 pluribus
699 781 909 815 proprietatibus

126 832 140 850 a
163 823 242 851 Patre
261 824 419 852 distinctutn
447 825 505 852 fore
532 826 663 860 Spiritum
685 834 765 861 quant
790 827 907 860 Filium,

965 233 1028 260 tiam
1044 240 1124 268 quam
1137 233 1219 260 ﬁlius.
1228 232 1302 269 [299]
1317 233 1394 266 Quod
1406 233 1427 260 si
1440 234 1467 260 in
1480 234 1562 261 rebus
1574 235 1699 264 humanis
1708 235 1746 263 ita

963 276 1107 312 contingit,
1125 277 1212 304 tnulto
1226 278 1311 313 magis
1328 278 1354 304 in
1373 277 1471 305 divinis
1485 281 1619 313 personis.
1633 280 1679 307 ubi
1691 289 1745 308 una

962 323 1093 349 asseritur
1107 327 1205 349 natura
1215 342 1223 354 ,
1236 330 1268 349 ac
1287 327 1385 358 praeter
1397 324 1480 351 solam
1490 344 1497 356 ,
1514 333 1574 359 qua:
1593 326 1744 353 secundum

963 375 1072 395 causam
1090 372 1117 395 et
1130 368 1237 395 caus-ale
1251 373 1304 398 est.
1326 369 1504 396 dill'erentiatn
1526 370 1599 396 nulla
1621 371 1672 397 alia
1689 372 1746 399 dis—

963 414 1048 440 cretio
1062 417 1113 440 est.
1134 422 1143 438 ι
1164 413 1220 440 Hoc
1238 413 1341 441 Caleca:
1361 421 1492 449 responso
1512 421 1606 442 contra
1622 417 1745 443 eamdem

963 458 1146 485 dillicultatem
1174 458 1260 485 utitur
1283 458 1384 486 Natalis
1409 459 1560 486 Alexander
1583 459 1614 494 (l.
1635 467 1660 487 c.
1681 467 1744 495 pag.

963 503 1026 535 529,
1042 503 1115 537 530).

998 549 1042 575 16.
1056 548 1134 581 Quod
1155 548 1267 576 Photius
1286 549 1357 583 (cap.
1377 549 1422 583 55)
1437 553 1532 583 urget,
1551 549 1681 583 Spiritum
1710 549 1745 578 ad

962 594 1040 629 plura
1057 594 1152 621 referri
1167 594 1302 629 principia
1315 593 1480 626 diﬂerentia,
1498 594 1523 621 id
1533 595 1588 629 jam
1601 595 1666 621 satis
1681 597 1745 630 (art.

963 638 1079 670 prter-ed.
1107 637 1120 672 §
1147 638 1175 672 4)
1200 638 1351 664 discussum
1373 638 1438 671 fuit;
1467 646 1555 673 neque
1576 639 1627 665 dici
1657 643 1747 674 potest

963 683 1114 718 πολύαρχον
1128 683 1215 718 ἀρχὴν
1229 684 1347 713 admitti.
1368 684 1413 711 ubi
1429 692 1482 711 non
1500 684 1551 711 nisi
1568 693 1651 711 unum
1670 686 1746 720 prin-

962 728 1061 763 cipium
1077 734 1196 764 apparet.
1214 729 1310 756 Dicant
1329 735 1459 764 praeterea
1476 729 1619 763 Pltotiani,
1641 738 1674 757 an
1691 735 1748 758 tres

962 782 1085 809 persona:
1104 776 1131 801 in
1149 775 1339 802 communibus
1350 777 1383 802 ad
1393 780 1468 802 extra
1478 776 1680 810 operationibus
1692 776 1747 804 sittt

963 820 1114 855 πολύαρχο;
1139 821 1219 855 ἀρχή.
1242 820 1269 846 Si
1290 820 1449 848 aliirntarint
1463 842 1469 853 ,
1496 821 1703 849 Multamedanis
1719 826 1748 849 et

127 870 249 904 adeoque
263 874 290 897 et
304 878 318 897 a
333 870 412 898 Patre
429 872 604 899 remotiorem
621 873 792 908 cogitandum
808 882 868 902 esse
881 874 908 901 in

963 864 1109 899 gentilibus
1137 864 1223 891 victas
1248 864 1351 891 dabunt
1373 872 1493 898 manus;
1528 865 1549 892 si
1575 866 1744 900 negaverint,

129 915 185 942 Lat.
202 920 346 951 systemate
364 916 435 952 (cap.
451 916 508 953 5'2),
521 918 546 945 id
562 918 657 946 falsum
675 927 735 946 esse
748 928 800 947 non
817 921 909 947 minus

127 962 253 996 superius
269 962 339 990 dicta
359 964 536 990 convincunt.
558 964 620 992 Sola
645 965 716 992 enim
733 966 909 1000 processione

127 1015 174 1034 seu
190 1008 336 1042 spiratione
358 1008 464 1043 passiva
482 1009 657 1044 distinguitur
668 1009 785 1044 Spiritus
797 1019 810 1037 a
830 1010 909 1038 Patre

127 1052 154 1080 et
169 1052 251 1085 Filio;
267 1061 318 1081 nec
333 1059 453 1089 paterna:
467 1054 623 1082 substantia:
643 1054 727 1082 Filius
743 1055 851 1090 propior
868 1059 909 1082 est

126 1106 205 1133 quam
221 1098 351 1133 Spiritus;
372 1099 434 1134 quia
449 1100 536 1134 reipsa
549 1104 662 1134 uterque
673 1105 714 1127 est
723 1100 798 1135 [298]
811 1101 908 1128 imme-

127 1145 198 1171 diate
216 1152 230 1171 a
245 1144 323 1172 Patre
338 1149 365 1172 et
382 1145 416 1172 ab
430 1153 462 1172 eo
473 1150 556 1172 totam
570 1145 722 1172 divinitatis
736 1146 836 1180 accipit
850 1146 908 1181 ple-

129 1190 291 1217 nitudinem.
305 1190 359 1218 Nec
374 1191 462 1218 obstat
486 1192 557 1226 quod
567 1191 662 1219 Patres
675 1192 769 1219 dicunt
780 1191 909 1226 Spiritum

128 1237 245 1265 mediate
258 1245 318 1265 esse
337 1245 352 1264 a
374 1236 462 1271 Patre,
479 1237 635 1265 immediate
656 1246 671 1265 a
695 1238 780 1271 Filio;
797 1246 851 1273 quo
882 1239 909 1266 id

127 1290 210 1310 sensu
223 1283 339 1315 dicatur,
359 1284 424 1311 satis
434 1285 522 1318 (artic.
532 1284 646 1319 praeced.
662 1283 675 1319 ξ
689 1285 722 1310 17
734 1287 803 1319 seq.)
819 1285 910 1313 deela-

126 1333 214 1356 ratum
231 1329 289 1356 fuit.
306 1330 436 1357 Audiatur
450 1338 523 1357 nunc
542 1335 569 1358 et
590 1330 695 1358 Manuel
720 1331 839 1364 Calecas,
862 1331 908 1367 qui

127 1375 156 1410 (l.
169 1383 208 1407 tu,
223 1383 250 1410 p.
266 1375 327 1407 458,
342 1376 386 1402 ed.
396 1375 453 1409 cit.)
466 1376 518 1402 hoc
532 1380 610 1410 pacto
619 1376 764 1410 objectioni
775 1377 908 1404 occurrit:

129 1430 138 1447 ι
158 1422 193 1448 At
207 1422 257 1448 ista
273 1422 357 1448 sacris
377 1421 535 1449 doctoribus
556 1422 647 1457 potius
661 1422 817 1456 imputanda
834 1427 908 1454 sunt,

125 1466 258 1501 siquidem
276 1467 393 1494 absurda
408 1467 559 1494 videantur.
579 1467 631 1502 lpsi
647 1468 747 1502 quippe
771 1473 844 1499 sunt,
863 1469 908 1503 qui

126 1511 256 1547 Spiritum
265 1520 278 1539 δ
290 1511 368 1538 Patre
376 1512 481 1538 tertium
492 1512 598 1544 docent,
610 1517 715 1547 sumpta
728 1512 786 1539 scil.
797 1513 830 1539 ab
849 1512 909 1546 ipso

125 1557 387 1585 Dominooccasioue
399 1557 425 1584 in
435 1557 558 1584 salutaris
571 1557 714 1584 traditione
725 1557 904 1592 baptismatis,

125 1613 158 1632 ac
170 1612 216 1639 per
227 1604 322 1631 Filium
334 1604 481 1639 procedere
498 1603 600 1635 dicunt,
616 1611 718 1638 perque
732 1604 819 1638 ipsum
833 1603 905 1630 Patri

125 1650 264 1685 conjungi.
277 1670 283 1677 .
296 1670 302 1677 .
314 1670 321 1677 .
337 1650 470 1677 Praeterea
495 1650 612 1684 Spiritus
632 1654 751 1681 sanctus,
763 1650 785 1676 si
799 1658 813 1676 a
827 1649 906 1676 Patre

124 1697 235 1732 quidem
249 1696 301 1723 alio
311 1704 438 1731 processu
447 1717 454 1728 ,
464 1703 478 1722 a
488 1695 557 1722 Filio
571 1701 660 1722 autem
674 1696 726 1722 alio
738 1696 906 1730 procederet,

125 1747 250 1777 essetque
273 1750 417 1777 processus
434 1750 466 1768 ex
490 1742 620 1768 ambobus
645 1742 754 1775 duplex,
785 1741 907 1768 fortassis

127 1789 237 1815 haberet
252 1788 393 1818 rationem,
403 1787 512 1821 culpare
520 1786 701 1813 diﬂerentiam
712 1793 887 1820 processuum
899 1794 906 1816 ;

125 1834 196 1869 quod
208 1834 289 1861 etiam
306 1833 462 1860 diﬂerenter
476 1840 492 1859 a
507 1833 585 1859 Patre
595 1838 622 1859 et
634 1833 700 1859 Filio
713 1834 823 1861 distaret
845 1834 907 1869 Spi-

126 1881 205 1911 ritus,
230 1887 261 1906 ac
283 1883 425 1913 propterea
453 1879 551 1913 gra‘dus
573 1878 598 1904 in
627 1879 751 1912 personis
777 1880 907 1913 quosdam

123 1926 253 1960 cogitare.
274 1924 320 1951 Sin
342 1932 406 1951 vero
421 1932 490 1951 unus
515 1923 641 1958 idemque
665 1924 716 1950 sibi
739 1924 772 1951 ab
795 1929 909 1959 utroque

125 1979 270 2007 processus
283 1975 339 2003 est,
362 1970 486 1997 similiter
508 1971 588 1996 etiam
615 1970 647 1997 ad
668 1976 812 2005 utrumque
837 1971 910 1999 refe-

124 2022 212 2044 retur.
227 2037 233 2044 .
245 2037 251 2042 .
272 2016 505 2049 Quemadmodum
518 2014 598 2042 Pater
610 2023 662 2042 n0n
675 2017 759 2050 magis
775 2016 910 2050 perfectus

122 2067 256 2096 estquam
269 2061 363 2094 Filius,
379 2062 450 2096 quod
467 2062 510 2088 ille
525 2069 616 2093 causa,
633 2062 683 2088 iste
702 2062 817 2088 causalis
833 2063 909 2095 (cau—

122 2109 213 2140 satus)
232 2107 280 2139 sit,
299 2114 387 2141 neque
406 2107 465 2133 ideo
484 2107 518 2133 ab
535 2107 580 2133 illo
595 2107 685 2137 distat,
703 2107 751 2133 etsi
774 2107 910 2133 secundus

120 2153 161 2181 ab
170 2159 202 2179 eo
212 2152 315 2178 ratione
324 2159 411 2178 causa:
420 2152 530 2183 dicitur;
539 2152 664 2178 divinitas
673 2152 744 2178 enint
756 2153 782 2178 in
797 2157 910 2186 utroque

962 910 1048 935 multo
1067 909 1159 935 minus
1176 909 1202 935 id
1229 909 1257 935 in
1285 910 1458 944 processione
1474 909 1592 944 Spiritus
1614 911 1698 937 sancti
1712 918 1746 937 ex

959 955 1039 982 Patre
1052 960 1079 982 et
1101 955 1168 982 Filio
1193 962 1315 982 asserere
1339 960 1479 991 poterunt.
1498 957 1615 983 Rursum
1641 957 1674 984 ad
1689 958 1744 990 jam

961 1001 1032 1027 dicta
1056 1001 1211 1027 reducimur
1226 1021 1233 1033 ,
1258 1002 1322 1028 dum
1353 1010 1470 1037 sequens
1499 1002 1587 1029 Photii
1609 1004 1745 1038 sophisma

960 1045 1031 1079 (cap.
1049 1045 1093 1080 34)
1109 1046 1311 1080 perpendimus,
1331 1047 1376 1074 ubi
1396 1048 1485 1082 arguit
1513 1048 1642 1082 Spiritum
1656 1057 1669 1075 a
1683 1057 1747 1076 con-

960 1092 1187 1118 substantia‘litatc
1205 1099 1266 1118 cum
1286 1092 1366 1119 Patre
1394 1094 1511 1126 excludi,
1535 1102 1596 1121 cum
1623 1102 1746 1121 commu-

960 1137 1005 1163 nio
1018 1136 1104 1164 Patris
1114 1143 1141 1164 et
1152 1138 1210 1165 Filii
1225 1139 1260 1165 sit
1276 1139 1424 1166 secundum
1441 1140 1629 1167 substantiam.
1645 1140 1744 1168 Verum

960 1190 1024 1210 sane
1039 1189 1081 1210 est
1108 1184 1215 1211 Patrem
1236 1189 1263 1211 et
1279 1184 1376 1212 Filium
1399 1186 1619 1213 communionem
1645 1187 1746 1214 habere

961 1230 1112 1256 secundum
1139 1230 1339 1262 substantiam,
1365 1231 1413 1258 sed
1438 1239 1471 1258 ex
1495 1232 1616 1266 probatis
1636 1241 1745 1267 quoque

961 1275 1182 1301 communionem
1212 1275 1312 1301 habent
1343 1275 1369 1302 in
1393 1275 1526 1303 relatione
1549 1277 1582 1303 ad
1610 1276 1743 1311 Spiritunt

960 1324 1084 1346 sanctutn
1095 1328 1154 1354 qua:
1166 1320 1200 1347 ab
1213 1321 1331 1347 essentia
1344 1341 1351 1353 ,
1368 1322 1419 1348 etsi
1435 1329 1489 1348 non
1505 1322 1655 1349 secundum
1674 1329 1743 1356 rem,

961 1365 1008 1392 sed
1024 1367 1174 1392 secundum
1191 1366 1322 1393 rationem
1347 1367 1531 1402 distinguitur.
1545 1368 1629 1395 Filius
1652 1369 1746 1396 exelu—

960 1412 1033 1438 ditur
1054 1420 1069 1438 a
1086 1413 1260 1447 generatione
1288 1413 1375 1440 activa
1396 1415 1478 1440 etiam
1499 1415 1570 1449 apud
1595 1415 1704 1442 Grazeos
1718 1420 1746 1442 et

960 1459 1051 1483 tamen
1067 1458 1127 1483 κατ’
1136 1458 1230 1483 οὐσίαν
1250 1465 1311 1484 cum
1327 1458 1406 1485 Patre
1432 1459 1633 1493 communicat;
1651 1461 1745 1487 eadem

960 1504 1064 1529 ratione
1087 1503 1240 1530 excluditur
1259 1503 1379 1539 Spiritus
1396 1506 1429 1532 ab
1443 1506 1530 1532 activa
1550 1506 1698 1540 spiratione
1720 1512 1748 1533 et

961 1555 1050 1576 tamen
1067 1557 1081 1576 a
1099 1551 1290 1578 communione
1307 1551 1457 1578 secundum
1479 1552 1658 1579 substantiam
1684 1561 1746 1580 cum

958 1595 1036 1622 Patre
1050 1600 1078 1622 et
1095 1596 1163 1624 Filio
1183 1605 1237 1624 non
1248 1602 1368 1625 arcetur.
1381 1597 1474 1632 Neque
1485 1599 1558 1625 enim
1583 1599 1653 1626 ratio
1668 1600 1746 1634 prin-

963 1641 1026 1676 cipii
1041 1647 1069 1669 et
1085 1643 1239 1677 principiali
1259 1644 1406 1671 essentiam
1418 1645 1561 1671 constituit
1575 1666 1583 1678 ,
1612 1649 1642 1672 ut
1666 1647 1747 1673 toties

959 1688 1123 1714 ‘nculcatum
1145 1693 1207 1721 est,
1231 1697 1282 1716 nec
1311 1689 1444 1716 minorem
1467 1690 1616 1724 potentiam
1643 1691 1747 1718 faciunt

962 1734 1103 1769 pauciores
1117 1735 1263 1762 relationes
1278 1735 1320 1762 vel
1335 1736 1459 1762 notiones
1471 1736 1516 1770 (cf.
1532 1736 1547 1771 §
1563 1735 1589 1768 5,
1606 1737 1649 1769 ll).
1665 1737 1746 1764 Joan.

958 1781 1141 1815 Argyropulus
1156 1788 1218 1807 vero
1232 1788 1287 1807 non
1299 1781 1400 1807 absone
1412 1785 1488 1808 notat
1501 1782 1550 1815 (De
1565 1790 1636 1816 prec.
1650 1782 1745 1817 Spirit.

959 1830 1043 1852 sancl.
1058 1833 1082 1852 c.
1105 1825 1139 1858 9;
1157 1826 1188 1851 (ἱ.
1210 1826 1241 1853 0.
1256 1826 1278 1858 Ι,
1295 1827 1357 1859 M3.)
1369 1835 1384 1853 a
1407 1827 1487 1854 Patre
1503 1829 1686 1862 generativam
1704 1830 1747 1855 fa—

959 1870 1086 1897 cultatent
1106 1871 1187 1902 Filio,
1213 1873 1398 1906 generativam
1411 1877 1439 1899 et
1451 1874 1637 1907 productivam
1658 1875 1744 1903 l’acul-

959 1922 1041 1943 tatem
1055 1917 1167 1952 Spiritui
1181 1924 1275 1944 sanelo
1293 1919 1489 1946 communicari
1502 1928 1552 1946 non
1562 1925 1590 1947 ut
1605 1921 1745 1957 δυνάμεις,

960 1971 1047 1989 verum
1062 1969 1089 1989 ut
1103 1963 1292 1998 τελειότηταςς
1308 1965 1378 1991 unde
1392 1965 1487 1991 Filium
1511 1973 1567 1993 non
1582 1974 1661 2001 posse
1677 1968 1746 1996 alte-

961 2017 1020 2035 rum
1038 2009 1135 2036 Filium
1153 2017 1283 2045 generare
1298 2018 1348 2037 nec
1363 2012 1495 2046 Spiritum
1509 2012 1593 2039 alium
1614 2013 1744 2048 Spiritum

960 2056 1084 2082 emittere
1102 2056 1144 2082 vel
1158 2057 1276 2091 gignere.
1293 2057 1367 2084 Idem
1385 2058 1436 2085 sibi
1457 2059 1514 2085 vult
1530 2059 1608 2095 Πυεο
1622 2060 1747 2088 Etheriu-

960 2108 1022 2133 nus,
1038 2101 1103 2127 dum
1124 2102 1217 2129 scribit
1238 2102 1266 2138 (l.
1285 2110 1306 2134 t,
1323 2111 1347 2130 c.
1370 2104 1421 2135 15,
1450 2113 1476 2139 p.
1497 2105 1597 2138 1209):
1618 2115 1626 2130 ι
1646 2106 1745 2134 Eadem

961 2147 1075 2180 potentia
1086 2151 1126 2174 est
1141 2148 1167 2174 in
1180 2147 1270 2180 Patre,
1286 2148 1360 2185 [300]
1378 2151 1529 2177 secundum
1546 2159 1626 2184 quant
1653 2157 1746 2187 potest

124 2205 182 2225 una
197 2206 202 2222 :
216 2196 250 2223 ita
263 2201 290 2223 et
301 2195 418 2231 Spiritus
433 2200 553 2226 sanctus,
570 2196 618 2222 etsi
633 2196 708 2230 juxta
723 2196 830 2223 unicum
843 2196 909 2222 sim—
926 2207 946 2233 ι)
962 2200 1094 2227 ρεπεν-ατε,
1109 2201 1168 2227 qua?
1182 2198 1222 2220 εει
1237 2194 1265 2220 in
1286 2194 1354 2221 Filio
1366 2214 1373 2227 ›
1397 2196 1546 2222 secundum
1562 2205 1643 2231 quam
1658 2203 1748 2232 potest

123 2243 280 2280 plicemque
300 2249 454 2276 processum
470 2248 502 2267 ex
521 2240 599 2267 Patre
620 2249 667 2275 per
689 2241 784 2268 Filium
803 2246 859 2274 est,
884 2246 910 2269 et

123 2289 161 2317 ad
177 2289 283 2316 Patrem
301 2292 328 2315 et
342 2286 438 2313 Filium
461 2286 545 2313 veluti
562 2286 594 2313 ad
616 2294 698 2313 unum
717 2287 906 2320 productorem

125 2335 330 2369 spirantemque
350 2332 476 2362 refertur.
502 2339 616 2366 quorum
638 2336 664 2358 et
678 2332 794 2366 Spiritus
817 2338 858 2359 est
884 2337 911 2359 et

127 2378 290 2413 spiraculum
316 2377 430 2407 dicitur;
460 2384 515 2403 non
534 2381 624 2403 tamen
648 2377 738 2403 minor
761 2381 803 2404 est
829 2376 908 2409 Filio,

126 2431 218 2458 neque
235 2423 312 2450 Patre
329 2424 419 2450 minor
431 2424 491 2453 erit,
508 2422 570 2450 licet
585 2430 632 2457 per
644 2422 739 2448 Filium
755 2422 827 2449 Patri
842 2430 911 2449 con-

123 2469 271 2503 jungatur;
290 2467 407 2502 alioquin
420 2472 447 2494 et
462 2467 546 2494 Filius
562 2467 613 2493 erit
627 2466 765 2494 dissimilis
780 2467 861 2499 Patri,
877 2475 910 2494 eo

126 2512 202 2547 quod
218 2512 332 2539 causalis
348 2513 391 2544 sit,
407 2512 457 2540 etsi
476 2520 529 2539 non
551 2512 586 2539 ita
608 2512 678 2540 sicut
691 2513 819 2546 Spiritus,
833 2513 910 2547 juxta

131 2563 223 2585 tamen
240 2559 420 2593 proportionis
435 2559 574 2586 rationem.
588 2579 595 2586 .
609 2580 616 2586 .
629 2577 637 2584 .
655 2559 727 2586 Ordo
737 2563 827 2586 autem
839 2565 866 2586 et
876 2560 910 2587 ad

130 2603 234 2638 aliquid
249 2604 327 2638 (πρός
339 2612 365 2629 τι
378 2604 434 2630 sive
449 2604 568 2639 relative)
582 2604 783 2639 quomodolibet
796 2605 908 2638 habere,

126 2654 288 2677 naturarum
318 2657 371 2676 non
400 2649 464 2676 facit
487 2649 677 2677 dilIerentiam.
699 2651 766 2678 Nam
779 2659 857 2686 v.gr.
877 2659 910 2679 eo

125 2696 200 2731 quod
216 2695 318 2722 amicus
331 2696 375 2728 sit.
391 2696 434 2722 vel
450 2696 554 2724 vicinus
573 2697 614 2723 vel
638 2697 777 2732 magister,
798 2698 866 2725 nihil
881 2699 909 2725 in

127 2749 159 2768 se
176 2741 264 2776 ipsunt
279 2741 359 2768 alicui
372 2741 484 2774 accedit,
498 2746 527 2768 ut
540 2747 649 2777 propter
677 2743 799 2770 habitum
817 2744 908 2779 perfe-

126 2787 200 2814 ctior
214 2787 241 2813 in
257 2795 286 2814 se
301 2787 360 2822 ipso
379 2787 525 2814 secundant
540 2788 685 2816 essentiam
710 2790 761 2822 sit;
779 2798 868 2824 neque
885 2790 907 2817 si

127 2833 265 2868 quispiam
279 2833 361 2860 ﬁlium
379 2842 411 2862 ac
427 2838 552 2868 ttt‘pulem
566 2834 674 2868 habeat,
687 2835 782 2863 tertius
792 2836 909 2864 maxime

961 2237 1091 2270 generari,
1104 2239 1227 2271 quamvis
1240 2239 1355 2266 diversis
1371 2240 1499 2274 cit'ulgeat
1523 2243 1747 2278 proprietatibus,

961 2284 1042 2311 veluti
1061 2293 1113 2311 una
1130 2287 1251 2320 potentia
1267 2291 1308 2314 est
1331 2288 1451 2315 hominis
1468 2288 1618 2324 disciplinae
1653 2298 1747 2325 perce-

960 2330 1053 2364 ptibile
1062 2340 1072 2356 ι
1085 2336 1139 2358 etc.
1150 2332 1212 2360 Hae
1225 2341 1286 2360 cum
1303 2334 1336 2360 iis
1348 2335 1543 2367 connectenda,
1556 2343 1616 2370 qua:
1629 2336 1747 2364 Thomas

960 2377 1078 2412 disputat
1096 2379 1122 2408 l,
1136 2387 1162 2414 q.
1179 2379 1223 2412 42,
1246 2387 1272 2406 a.
1284 2380 1300 2407 6
1313 2381 1347 2407 ad
1365 2382 1374 2407 t
1393 2385 1420 2408 et
1438 2382 1470 2408 ad
1485 2382 1510 2408 3.
1526 2382 1583 2409 Hoc
1604 2384 1746 2417 posteriori

960 2422 1019 2449 loco
1035 2424 1092 2451 haec
1110 2425 1207 2452 habet:
1225 2435 1234 2452 σ
1253 2425 1329 2453 Sicut
1341 2426 1437 2453 eadem
1449 2428 1576 2460 essentia,
1592 2436 1653 2462 qua:
1668 2430 1747 2457 estin

960 2468 1039 2496 Patre
1054 2471 1213 2504 paternitas,
1233 2471 1259 2498 in
1277 2471 1343 2499 Filio
1360 2477 1402 2499 est
1422 2473 1525 2506 liliatio,
1546 2474 1582 2500 ita
1598 2475 1691 2502 eadem
1706 2481 1748 2503 est

960 2516 1085 2549 potentia,
1093 2524 1145 2550 qua
1157 2517 1235 2543 Pater
1245 2523 1356 2552 generat
1368 2524 1395 2545 et
1408 2517 1491 2546 Filius
1501 2525 1657 2554 generatur.
1671 2521 1748 2550 Unde

960 2562 1134 2589 manifestum
1151 2569 1202 2596 est,
1217 2565 1288 2598 qttod
1304 2566 1436 2600 quidquid
1450 2571 1541 2602 potest
1553 2567 1642 2602 Pater,
1658 2575 1748 2604 potest

960 2607 1060 2640 Filius;
1076 2616 1129 2635 non
1149 2614 1238 2636 tamen
1259 2611 1392 2646 sequitur,
1409 2613 1481 2647 quod
1501 2614 1586 2649 possit
1599 2622 1745 2649 generare;

960 2654 1006 2680 sed
1024 2658 1145 2681 mutatur
1160 2655 1223 2689 quid
1239 2656 1265 2682 in
1277 2658 1309 2683 ad
1320 2657 1420 2691 aliquid
1434 2667 1441 2691 ;
1467 2668 1528 2686 nam
1549 2660 1690 2695 generatio
1707 2661 1746 2687 si-

959 2700 1069 2735 gniticat
1097 2701 1254 2729 relationem
1276 2704 1303 2730 in
1324 2703 1434 2732 divinis.
1460 2704 1546 2733 liabet
1570 2713 1635 2740 ergo
1659 2706 1744 2734 Filius

960 2746 1076 2773 eamdem
1088 2747 1243 2780 potentiam,
1263 2757 1343 2783 quam
1358 2749 1447 2784 Pater,
1465 2752 1509 2778 sed
1525 2759 1583 2778 cum
1603 2751 1657 2778 alia
1674 2752 1746 2778 rela-

960 2793 1038 2824 tione,
1058 2793 1121 2828 quia
1137 2793 1217 2821 Pater
1233 2795 1315 2822 habet
1326 2803 1385 2822 eam
1401 2800 1430 2823 ut
1445 2797 1522 2828 dans,
1543 2803 1570 2824 et
1590 2798 1642 2825 hoc
1663 2798 1746 2833 signi-

960 2837 1066 2872 tleatur,
1083 2847 1145 2866 cum
1161 2839 1270 2874 dicitur,
1291 2842 1364 2876 quod
1378 2847 1468 2877 potest
1489 2851 1634 2876 generare;
1657 2844 1744 2874 Filius
