1945 3088
210 144 264 177 519

766 127 899 160 ΡΠΟΤΙΙ
924 121 1063 156 PATRIA
1069 121 1180 153 RCHIE
1196 120 1250 151 CP.

1795 113 1846 145 520

211 206 304 228 autem
316 195 398 225 habet
412 201 471 221 eam
493 195 524 219 ut
537 189 689 224 accipiens;
705 190 734 214 et
748 185 801 213 hoc
822 181 1005 218 significatur,
1019 180 1045 210 Α
1058 177 1164 208 dimus;
1181 176 1206 203 id
1222 180 1250 202 et
1267 173 1413 203 conﬁrmat
1430 172 1538 208 Georgii
1562 169 1739 206 Trapezuntii
1753 169 1847 205 dispu-

972 227 986 228 .,
1087 223 1102 228 ν.
1143 221 1174 228 Ill
1297 220 1313 228 η
1335 222 1340 226 -
1360 221 1377 228 ι.
1459 227 1462 228 .
1493 226 1499 228 Α
1529 218 1564 228 οη
1579 227 1583 228 ν
1600 217 1620 228 ﬂ
1646 220 1666 228 ιι
1687 216 1696 228 l
1715 215 1846 228 PDN-A-\

211 227 274 275 eum
288 245 399 274 dicitur,
416 240 487 277 quod
505 240 598 274 potest
619 233 755 271 generari.
771 241 780 258 ι
797 231 862 258 Πεεο
888 232 917 256 et
943 227 1004 254 aliis

215 289 383 320 illustrandis
404 285 492 315 Photii
512 281 679 320 argumentis
694 282 820 315 prosunt.
847 277 959 320 Demutn
976 277 1005 300 et

169 358 174 372 ;
214 319 266 367 alia
277 338 382 365 ratione
394 331 514 362 ostendit
526 329 601 358 card.
615 326 758 355 Bessarion
773 323 864 359 (epist.
881 321 914 348 ad
926 319 1003 372 Alex:

215 365 293 412 Lasc.
310 391 335 411 e.
350 383 384 414 Ἲς
408 379 493 408 llard.
513 377 567 410 IX,
592 374 673 408 1065)
698 371 802 399 nullam
824 368 900 403 sequi
915 365 1005 414 quoad

214 412 574 459 naturaminleriorilatem,
591 420 665 457 quod
686 416 802 453 Spiritui
817 415 888 443 ratio
902 412 1006 448 princi-

216 478 253 514 pii
268 477 418 511 denegatur
433 481 439 499 :
458 480 467 497 ι
484 469 562 504 Quod
577 469 599 496 si
610 466 673 502 quis
687 471 796 495 rursus,
811 460 908 497 inquit,
922 459 1005 514 dicat:

216 504 302 560 igitur
312 504 402 549 minor
413 523 455 546 est
465 517 586 552 Spiritus
608 517 722 541 sanctus
736 515 764 538 et
775 509 856 536 Patre
879 510 907 534 et
925 504 1006 537 Filio,

218 554 244 598 si
256 569 366 605 quidem
382 567 461 593 Pater
475 566 587 600 generat
604 560 702 587 Filium
714 578 721 590 ,
735 557 821 585 Filius
832 554 928 605 etipse
946 559 1007 579 cum

216 598 299 646 Pal-re
313 615 399 650 spirat
423 598 574 646 Spiritum.
597 606 717 642 Spiritus
741 610 808 630 vero
833 608 885 628 nec
909 598 1008 626 Filium

217 645 398 700 generat-nec
421 645 452 685 se
466 658 554 692 ipsum
571 662 622 682 nec
645 653 727 680 alium
743 649 877 685 Spiritum
898 645 1009 700 spirate

217 690 286 738 :ana
299 707 368 735 ratio
385 706 445 740 ejus
458 708 501 731 est
515 707 543 730 et
558 705 654 728 contra
666 698 788 733 seipsum
799 715 806 726 ,
829 694 876 730 qui
893 693 953 720 haec
967 690 1010 717 di-

217 756 266 788 cit,
282 753 431 782 concludit.
450 750 479 777 Si
495 749 569 776 enim
584 745 685 773 nullius
701 749 824 779 persona:
843 738 1010 775 principium

218 810 280 831 esse
293 796 508 834 iiupt-rl‘cctionis
524 790 763 821 etimininutionis
774 789 882 823 signum
903 785 930 812 in
951 783 1012 811 Tri-

219 849 305 876 nitate
324 844 473 881 putandum
488 845 572 874 esset,
591 839 749 874 pauciorum
759 842 869 870 quoque
885 840 1012 868 persona-

219 903 281 923 rum
297 900 405 920 causam
421 897 475 917 esse
486 883 702 922 imperfectionis
720 886 808 912 esset;
823 879 906 906 Filius
919 878 1010 912 igitur,

220 948 284 969 cum
299 937 380 966 unius
402 941 527 971 personae
546 932 700 960 duntaxat,
730 926 849 961 Spiritus
876 922 1012 970 videlicet,

222 983 387 1021 principium
402 964 449 1011 sit,
466 978 556 1005 minor
569 979 644 1002 esset
666 973 719 1000 hac
738 970 845 997 ratione
858 967 951 997 Patre,
966 964 1013 1017 qui

222 1012 364 1059 ambarum
382 1031 562 1063 personarum
579 1026 622 1049 est
648 1017 825 1055 principium.
848 1015 883 1042 At
905 1014 957 1041 hoc
972 1012 1015 1039 in-

223 1061 392 1108 conveniens
405 1077 446 1101 est
460 1071 548 1099 solum
572 1068 702 1103 cogitare.
721 1064 807 1100 igitur
823 1061 888 1089 illud
906 1066 1015 1095 quoque

223 1123 350 1152 similiter
364 1118 514 1147 absurdum
531 1120 583 1143 est.
598 1112 764 1147 Principium
778 1108 862 1140 enim,
882 1110 964 1141 prout
974 1109 1017 1132 est

223 1169 295 1199 actui
309 1168 498 1203 coniunctum,
514 1162 554 1190 uc!
573 1170 588 1188 ιι
600 1158 729 1196 principio
744 1163 808 1187 esse,
825 1161 887 1203 eum
903 1153 937 1180 de
952 1159 1016 1187 per—

224 1198 370 1244 sonalibus'
387 1206 603 1246 proprietatibus
621 1203 676 1233 sit.
704 1208 793 1236 neque
813 1198 902 1232 majus
926 1202 1017 1237 neque

224 1262 317 1290 minus
328 1243 447 1286 alterum
458 1255 545 1282 altero
559 1251 602 1279 vel
620 1257 682 1277 esse
696 1247 739 1274 vel
758 1245 810 1273 dici
826 1243 903 1272 facit.
919 1251 928 1268 ι

357 1305 400 1332 i7.
412 1302 489 1330 Novo
505 1299 661 1327 dilemmate
673 1293 761 1321 utitur
772 1291 889 1318 Photius
899 1286 1016 1343 cap."55:

228 1364 238 1382 ε
261 1333 403 1381 i’rocessio
418 1347 538 1383 Spiritus
561 1342 648 1372 sancti
665 1349 698 1368 ex
714 1339 781 1366 Filio
795 1341 843 1364 aut
866 1340 908 1363 est
922 1333 1018 1361 eadem

225 1407 289 1428 cum
304 1395 481 1433 proeessione
493 1400 527 1419 ex
544 1389 635 1420 Patre,
654 1390 702 1414 aut
722 1385 829 1411 diversa
844 1380 1019 1433 vel-contra-

227 1446 278 1474 ria.
343 1441 430 1478 prius.
442 1436 681 1466 eommunicantur
695 1431 825 1458 idiomata
840 1431 868 1455 et
878 1426 1019 1453 characte-

226 1499 272 1519 res
289 1470 490 1526 personarum;
511 1482 534 1509 si
559 1481 674 1508 alterum
688 1498 694 1510 ,
726 1475 871 1503 incidimus
886 1473 914 1500 iu
934 1470 1020 1498 Mani-

1055 223 1122 250 tatio
1140 221 1191 258 (De
1204 229 1277 255 proc.
1294 220 1389 255 Spirit.
1400 227 1475 247 sauc.
1487 226 1512 246 c.
1529 218 1564 245 27
1577 227 1585 251 ;
1598 217 1631 245 G.
1644 220 1676 244 0.
1687 216 1769 248 l,5‘27
1776 215 1848 250 seq.)

1054 273 1150 297 notato
1175 268 1255 304 plane
1271 267 1363 303 digna.
1384 276 1393 292 ‹
1411 266 1532 294 Generat
1553 264 1653 292 Filium
1680 263 1761 291 Pater
1773 269 1847 291 vere.

1056 320 1160 344 etcum
1187 319 1301 350 generat
1330 314 1442 341 exhibet
1468 313 1519 348 ipsi
1546 318 1716 347 quaecunque
1745 309 1848 341 habet,

1056 367 1156 398 praeter
1183 369 1215 389 ea
1243 369 1304 396 quae
1327 359 1518 388 confusionem
1546 358 1670 386 inferunt
1696 355 1778 392 (πλὴν
1800 355 1849 391 τὴν

1058 408 1201 443 σύγχυσιν)
1215 412 1243 435 et
1254 415 1314 442 qua:
1325 412 1389 434 ante
1405 410 1434 433 et
1444 409 1505 441 post
1518 404 1678 441 hypostasin
1690 403 1850 438 intelligun-

1058 460 1102 481 tur
1119 453 1163 488 (τὰ
1195 451 1428 488 προθεωρούμενα
1453 453 1504 485 τῆς
1530 450 1708 481 ὑποστάσεως
1739 449 1788 476 καὶ
1816 449 1850 476 τὰ

1058 499 1292 534 ὲπιθεωρούμενα)
1313 502 1341 525 et
1362 497 1461 525 rationi
1492 496 1647 532 hypostasis
1671 495 1851 523 adversantur

1059 545 1180 581 (ἐναντία
1203 545 1242 580 τῷ
1269 545 1342 579 λόγῳ
1371 543 1422 576 τῆς
1445 542 1646 578 ὑποστάσεως).
1675 541 1852 576 Quaecunque

1059 600 1126 620 vero
1143 594 1216 625 (cum
1232 591 1379 627 hypostasi)
1392 590 1582 626 intelliguntur
1597 597 1650 616 nec
1663 587 1739 625 [302]
1754 588 1851 615 adver-

1059 644 1165 671 santur,
1177 647 1232 666 non
1248 643 1353 665 tantum
1364 642 1441 665 extra
1452 644 1562 664 omnem
1573 635 1763 663 confusionem
1777 638 1852 664 sunt.

1061 686 1108 712 sed
1126 690 1154 712 et
1167 685 1290 712 ordinem
1305 683 1488 711 constituunt.
1505 682 1574 710 Cum
1595 681 1677 717 igitur
1697 680 1789 708 divina
1803 688 1854 706 na-

1061 737 1121 760 tura
1137 731 1223 759 semel
1235 731 1265 757 τὺ
1282 730 1402 765 ἄναρχον
1420 728 1549 756 habuerit
1575 728 1602 755 in
1618 727 1708 754 Patris
1725 734 1852 761 persona,

1063 778 1120 806 ﬁeri
1137 785 1193 804 non
1217 776 1324 812 potuit,
1355 781 1385 803 ut
1410 775 1476 802 illud
1495 774 1565 801 Filio
1593 772 1854 801 communicaretur.

1063 823 1285 859 I’rrcintelligitur
1303 822 1379 850 enim
1407 821 1625 856 adversaturque
1642 819 1741 847 rationi
1755 819 1853 846 Filii...

1029 861 1049 888 Ῐί
1064 871 1157 906 Neque
1168 870 1249 898 etiam
1267 869 1326 896 fieri
1340 872 1442 904 potest,
1460 872 1489 895 ut
1504 868 1557 894 vim
1572 866 1715 903 generandi
1730 873 1855 893 commu-

1063 917 1148 950 nicet,
1160 924 1205 947 ne,
1223 921 1251 943 ut
1270 915 1352 943 tradit
1365 914 1492 945 Basilius,
1508 913 1534 939 in
1559 912 1762 940 multitudinem
1775 911 1858 938 innu-

1065 970 1168 990 meram
1183 968 1348 988 exerescens
1357 959 1480 987 Trinitas
1497 959 1566 986 filios
1581 966 1613 985 ex
1629 958 1690 985 filiis
1702 963 1855 994 generaret.

1067 1008 1184 1043 Huiusce
1204 1012 1337 1042 praeterea
1349 1014 1431 1034 causa
1444 1009 1495 1038 est,
1516 1006 1588 1041 quod
1602 1004 1742 1041 generatio
1755 1012 1856 1031 secun-

1066 1055 1130 1082 dum
1163 1053 1328 1090 principium
1356 1057 1383 1080 et
1404 1053 1486 1080 finem
1504 1051 1551 1088 (cf.
1569 1056 1620 1079 art.
1644 1051 1671 1082 5.
1687 1050 1701 1086 ᾗ
1715 1051 1749 1078 15
1763 1050 1856 1077 eumd.

1066 1100 1193 1136 Trapez.)
1205 1100 1333 1128 sumitur.
1349 1099 1445 1126 Finem
1464 1106 1542 1130 voco,
1562 1098 1590 1125 in
1605 1105 1686 1132 quem
1700 1096 1858 1132 progressio

1069 1148 1096 1182 (ἡ
1111 1146 1233 1183 πρόοδος)
1251 1146 1308 1173 linit
1325 1146 1374 1181 (se.
1392 1143 1564 1180 terminum),
1589 1143 1767 1179 principium,
1785 1142 1858 1169 unde

1068 1193 1173 1228 incipit,
1187 1200 1244 1219 non
1257 1192 1401 1227 interjeeto
1417 1197 1550 1226 tempore,
1566 1190 1613 1218 sed
1625 1189 1790 1225 cogitatione
1802 1188 1859 1216 sola

1068 1240 1155 1276 ipsius
1164 1239 1377 1276 progressionis.
1398 1246 1459 1273 qua:
1482 1238 1509 1265 in
1535 1241 1683 1272 generante
1704 1241 1735 1263 ut
1758 1235 1861 1271 princi-

1069 1287 1143 1322 pium
1159 1286 1253 1322 (ἀρχὴ)
1267 1290 1308 1314 est
1320 1306 1327 1317 ,
1351 1289 1382 1312 ut
1409 1284 1471 1312 ﬁnis
1490 1283 1600 1320 (πέρας)
1615 1291 1680 1310 vero
1711 1283 1738 1310 in
1757 1282 1858 1316 genito.

1069 1333 1215 1361 Generatio
1233 1333 1323 1368 itaque
1347 1337 1476 1367 tanquam
1493 1331 1658 1366 principium
1687 1329 1861 1357 considerata

1070 1385 1100 1408 ut
1113 1385 1154 1408 est
1165 1380 1191 1407 in
1208 1380 1298 1411 Patre,
1314 1378 1533 1415 praaintelligitur
1546 1377 1592 1404 fini
1605 1376 1756 1411 (termino).
1769 1375 1816 1411 qui
1833 1375 1862 1402 in

1073 1435 1105 1454 ea
1121 1432 1179 1455 est:
1194 1427 1311 1462 ideoque
1324 1425 1552 1461 prmconsiderata
1567 1423 1628 1451 Filii
1650 1423 1788 1459 hypostasi
1805 1430 1861 1449 non

1071 1477 1163 1508 potest
1173 1472 1209 1499 illi
1223 1472 1324 1500 inesse.
1341 1470 1415 1498 Nihil
1436 1470 1509 1497 enim
1523 1477 1556 1497 ex
1582 1469 1632 1502 iis,
1660 1475 1722 1503 qua:
1738 1468 1864 1503 personis

226 1513 367 1566 citmlorum
388 1532 430 1560 vel
459 1513 679 1558 Marcionitarum
700 1522 829 1552 hmresin.
860 1530 869 1546 ι
897 1519 1020 1547 Concors
1033 1532 1055 1563 Ο
1073 1519 1101 1545 in
1133 1518 1227 1546 divina
1249 1518 1385 1544 Trinitate
1403 1515 1518 1548 insunt,
1538 1513 1757 1550 praeintelligitur
1776 1513 1864 1548 hypo-

228 1591 295 1612 vero
305 1587 347 1609 est
358 1578 562 1608 Catholicorum
585 1578 758 1608 responsum.
774 1577 829 1596 non
843 1574 904 1595 esse
929 1565 1021 1593 diver-

229 1639 287 1660 sam
305 1626 510 1664 processionem
534 1620 654 1656 Spiritus
676 1616 764 1645 sancti
786 1623 802 1642 a
829 1613 897 1640 Filio
913 1612 947 1639 ab
964 1611 1021 1641 illa,

229 1687 282 1715 qua
298 1659 421 1713 procedit
437 1681 470 1700 ex
486 1671 577 1702 Patre,
597 1676 629 1696 ac
641 1667 728 1695 multo
739 1664 830 1692 minus
844 1659 1021 1715 contrariam;

230 1706 345 1762 proinde
359 1730 374 1749 a
389 1716 582 1748 Manichaeismi
601 1713 726 1750 spectris,
746 1718 807 1762 qpaa
821 1708 876 1759 iam
892 1707 958 1762 satis
972 1706 1022 1756 de-

319 1769 421 1795 Beccus
436 1765 478 1800 (G.
492 1762 558 1792 0.1.
574 1761 617 1793 80,
635 1758 691 1793 8i),
707 1756 773 1784 nihil
784 1754 897 1782 omnino
907 1752 966 1780 fore
986 1750 1023 1800 ti-

231 1797 372 1848 mendum,
391 1797 512 1841 sedvesse
534 1808 646 1836 omnino
664 1804 787 1833 eamdem
801 1802 858 1834 ('lll,
877 1800 891 1836 §
908 1800 919 1827 ἱ
938 1797 1021 1833 seq.),

231 1871 322 1899 neque
335 1866 426 1888 tamen
436 1854 632 1886 communicari
645 1857 824 1888 personarum
833 1849 1018 1877 characteres,

232 1891 303 1946 quod
318 1907 434 1935 Photius
449 1902 560 1932 nonnisi
577 1909 609 1929 ex
633 1898 774 1935 supposito
790 1895 859 1923 falso
886 1891 1023 1929 principio

234 1941 283 1993 (ib.
301 1952 422 1991 §5seq.)
441 1948 596 1978 afﬁrmavit.
618 1945 713 1980 Neque
741 1941 861 1993 uberiopi
885 1945 1023 1993 ἷξερὲῐῖςὲ

233 1982 357 2035 opusuest
374 1982 482 2030 ad'cap.
498 1994 533 2020 56
552 1996 614 2027 post
629 1998 670 2022 ea,
683 1996 743 2024 quaa
759 1989 821 2035 (art.
839 1987 868 2017 5,
885 1984 919 2021 §§
935 1982 1024 2017 12-15)

232 2033 288 2081 jam
303 2044 439 2078 disputata
454 2044 529 2070 sunt,
547 2038 592 2065 ubi
610 2041 750 2064 ostensum
768 2033 829 2065 fuit,
851 2036 1024 2065 nequaquam

233 2075 268 2119 ex
280 2098 314 2118 eo
330 2088 402 2124 quod
416 2088 432 2122 ἡ
448 2085 561 2117 πνεῦσις
574 2084 657 2111 trium
673 2081 827 2109 communis
839 2086 896 2106 non
910 2077 956 2108 sit,
969 2075 1026 2103 eol-

234 2138 280 2174 ligi
302 2123 392 2172 posse,
408 2141 468 2161 eam
486 2132 565 2159 unius
588 2135 706 2165 persona
728 2125 865 2162 propriam
881 2123 1024 2151 exsistere.

234 2168 328 2219 Neque
344 2181 416 2209 Patri
432 2179 546 2214 eripitur
565 2175 680 2212 spiratio
693 2194 701 2205 .
728 2179 818 2207 neque
848 2168 1024 2205 hypostatieie

234 2218 418 2268 proprietates
436 2225 641 2254 transferuntur
661 2221 708 2268 (cf.
726 2227 807 2268 supra
824 2218 837 2253 §
853 2218 912 2251 l5).

272 2259 316 2304 1-8.
336 2275 465 2302 Attamen
480 2278 532 2298 nec
543 2269 588 2296 hic
603 2265 719 2303 quiescit
735 2264 892 2292 schismatis
911 2259 1024 2297 pessimi

234 2327 331 2352 auctor
342 2325 369 2348 et
383 2321 437 2356 iam
450 2318 522 2346 dicta
538 2316 598 2343 aliis
614 2313 712 2341 inflexa
727 2310 823 2338 formis
838 2307 1026 2344 reproducens

236 2379 298 2406 cap.
317 2369 350 2396 57
367 2353 477 2395 rursum
489 2365 583 2394 instat,
606 2362 632 2388 in
646 2359 805 2387 Latinorum
820 2354 962 2392 hypothesi
977 2353 1026 2379 de-

236 2401 302 2447 bere
315 2421 342 2444 ct
357 2414 487 2450 Spiritum
505 2411 584 2438 aliain
604 2407 755 2444 producere
782 2409 938 2439 personam,
956 2401 1028 2427 hanc

237 2471 319 2501 porro
334 2463 435 2492 aliam,
450 2463 479 2487 et
501 2458 540 2485 sic
558 2456 689 2489 deinceps
714 2453 741 2479 in
775 2450 924 2479 inﬁnitum,
944 2447 979 2474 ita
997 2451 1027 2473 ut

238 2499 380 2548 gentilium
406 2505 616 2543 polytheismum
639 2501 728 2528 adhuc
748 2500 879 2533 superent
904 2500 930 2522 et
951 2499 1028 2545 tran-

238 2539 384 2586 zcendant.
400 2539 466 2586 (inte
487 2551 569 2586 plane
583 2547 699 2575 absurda
716 2548 790 2572 sunt.
805 2542 919 2569 Constat
940 2539 1028 2575 primo

239 2603 354 2632 minime
363 2600 475 2628 Latinos
481 2596 538 2631 cogi
548 2595 627 2622 aliam
637 2593 717 2620 etiam
728 2595 875 2626 personam
885 2587 1029 2614 admittere

239 2659 255 2679 a
268 2648 374 2685 Spiritu
387 2649 482 2673 sancto
498 2642 668 2678 productam.
680 2638 709 2665 ιιι
721 2644 802 2671 supra
816 2633 857 2671 (ᾗῇ
868 2633 892 2666 1,
903 2632 930 2664 5)
941 2635 1030 2659 osten-

277 2748 334 2792 ς97)
351 2754 380 2781 p.
399 2743 471 2772 528:
492 2742 528 2783 :l‘b
548 2740 641 2783 pévimt
666 2735 829 2780 προϐάλλειν
860 2732 890 2777 ob
909 2730 1031 2773 npoOsei-

371 2791 374 2792 '
396 2780 426 2792 ’³
436 2789 445 2792 ”
459 2787 505 2792 -“··
522 2777 587 2792 Vm"
600 2780 774 2792 “‘nm-‘HRH-Ir
792 2770 839 2792 καὶ
850 2777 900 2792 oux
911 2768 1031 2792 ὲναντιθν

394 2768 445 2813 is;
459 2778 506 2805 τοῦ
522 2768 588 2802 Υἱοῦ
600 2768 774 2803 ὑποστᾶσεως
792 2770 839 2796 καὶ
850 2768 900 2795 οὐκ
911 2768 1031 2805 ὲνανὶίον

395 2817 400 2818 ⁷
486 2815 491 2818 ·
618 2809 627 2818 '
655 2817 659 2818 ν
681 2809 731 2818 ν-ινκ
750 2807 760 2818 ι
780 2804 874 2818 nhs-
888 2802 929 2818 ιλ.
946 2807 1030 2818 ..ηυντ

391 2795 587 2842 cii—3501.235?
677 2795 875 2842 Eﬂ'nsrsp
888 2802 930 2828 διὰ
946 2800 1033 2827 ταῦτα

243 2855 307 2872 vn..-
322 2852 338 2872 ἢ
357 2850 505 2872 πηόἥλῇιια.
520 2856 526 2863 -
548 2845 611 2872 οὒτε
625 2845 639 2870 ὁ
651 2844 715 2872 Υἱὸς
730 2843 770 2872 εἰς
788 2840 899 2872 Πατέρα
918 2836 1033 2872 μεταπέ-

243 2847 308 2884 Υἱδξ
322 2852 340 2887 ἢ
357 2850 505 2886 πρόόλημα
520 2856 526 2863 ’
548 2847 611 2873 οὔτε
625 2847 639 2870 ὁ
655 2847 715 2874 Υἱὸς
730 2847 770 2873 εις
782 2847 899 2881 ματερία
918 2847 1031 2879 psse-7.:-

243 2896 316 2920 πτει,
331 2886 394 2913 οὗτε
407 2886 438 2912 τδ
459 2882 573 2918 Πνεῦμα
596 2879 735 2912 ἐξίσταται
760 2884 816 2903 των
842 2874 914 2902 ὶδιων
937 2879 1031 2900 αυτου.

1074 1564 1150 1597 stasi,
1169 1564 1196 1591 in
1212 1571 1264 1599 qua
1276 1568 1334 1596 est;
1348 1570 1384 1589 ne
1399 1562 1457 1589 scil.
1475 1569 1559 1588 unum
1574 1568 1608 1588 ex
1628 1560 1671 1587 his
1682 1559 1790 1587 duobus
1800 1559 1864 1586 suh—

1065 1612 1216 1647 sequatur,
1236 1616 1283 1638 aut
1299 1614 1363 1638 ante
1379 1614 1406 1637 et
1422 1613 1485 1644 post
1503 1607 1617 1642 intelligi
1635 1614 1719 1634 unum
1736 1610 1763 1633 et
1780 1605 1865 1634 idem.

1074 1663 1102 1686 et
1114 1666 1147 1685 ex
1163 1658 1254 1692 seipso
1269 1664 1348 1689 esse,
1363 1659 1411 1683 aut
1432 1654 1636 1683 multitudinem
1658 1652 1790 1680 Filiorum
1817 1651 1866 1679 ad-

1074 1705 1195 1733 mittere.
1211 1703 1270 1731 Non
1285 1707 1397 1738 generat
1416 1709 1480 1737 ergo
1493 1700 1579 1728 Filius
1590 1721 1598 1733 ,
1616 1707 1711 1726 verum
1727 1698 1867 1734 producit.

1074 1756 1103 1780 et
1114 1751 1184 1779 ratio
1199 1754 1385 1778 consentanea
1407 1753 1442 1780 ,et
1468 1754 1643 1782 consequens
1659 1750 1712 1774 est.
1737 1745 1868 1773 Producit

1074 1799 1155 1826 Pater
1169 1797 1299 1833 Spiritum
1313 1817 1322 1830 ,
1342 1801 1370 1823 et
1389 1803 1452 1823 eum
1476 1793 1613 1830 producit,
1629 1792 1817 1820 communicat
1829 1792 1867 1819 illi

1075 1845 1178 1876 omnia,
1207 1851 1265 1879 qua
1293 1851 1344 1870 non
1370 1841 1612 1877 prarintelliguntur
1624 1839 1697 1866 illius
1711 1838 1868 1873 hypostasi;

1076 1894 1273 1925 proptereaque
1298 1887 1357 1915 ﬁeri
1384 1886 1495 1922 nequit,
1511 1890 1540 1913 ut
1558 1885 1582 1912 ei
1598 1884 1784 1913 communicet
1812 1884 1868 1910 vim

1076 1934 1243 1970 producendi
1269 1938 1316 1961 aut
1337 1931 1503 1969 generandi,
1524 1930 1755 1966 quemadmodum
1777 1937 1870 1964 neque

1076 1981 1146 2008 Filio
1160 1980 1326 2017 generandi;
1340 1985 1460 2014 namque
1482 1978 1542 2005 hare
1557 1977 1583 2004 in
1603 1975 1685 2003 Patre
1708 1975 1870 2011 prazintelli-

1076 2033 1189 2062 guntur.
1203 2025 1256 2054 Sed
1268 2032 1358 2060 neque
1372 2022 1587 2060 generari,quod
1603 2021 1666 2049 linis
1683 2021 1871 2057 generationis

1076 2072 1231 2101 dicebatur.
1246 2070 1360 2106 Spiritui
1377 2070 1468 2097 inerit.
1493 2067 1716 2102 Praeintelligitur
1730 2067 1869 2102 siquidem

1077 2118 1231 2153 hypostasis
1242 2116 1302 2144 Filii
1317 2115 1454 2151 hypostasi
1468 2114 1597 2149 Spiritus.
1614 2113 1713 2140 Verum
1722 2113 1872 2148 producere

1079 2171 1133 2190 non
1148 2162 1367 2198 praeintelligitur
1383 2161 1441 2188 Filii
1455 2167 1571 2196 persona
1587 2166 1676 2194 neque
1695 2159 1794 2186 rationi
1819 2158 1870 2193 hy-

1041 2210 1067 2240 D
1081 2208 1198 2244 postasis
1219 2208 1274 2235 ullo
1297 2207 1379 2235 modo
1397 2206 1569 2234 adversatur.
1591 2204 1683 2239 Neque
1709 2203 1784 2231 enim
1808 2203 1873 2231 ideo

1079 2255 1160 2283 Pater
1172 2254 1257 2282 Filius
1269 2254 1312 2281 vel
1328 2252 1470 2288 productio
1485 2256 1538 2284 est,
1555 2259 1607 2278 nec
1621 2249 1707 2277 Filius
1720 2249 1747 2276 in
1760 2249 1871 2277 Patrem

1079 2300 1241 2336 prolabitur,
1253 2307 1343 2335 neque
1357 2298 1476 2334 Spiritus
1491 2305 1523 2324 ex
1537 2296 1595 2324 suis
1617 2296 1736 2330 propriis
1750 2295 1872 2322 excedit.

1080 2346 1148 2374 Cum
1161 2346 1252 2381 itaque
1264 2345 1365 2373 nullam
1380 2344 1570 2372 confusionem
1582 2346 1694 2378 generet
1708 2341 1874 2377 producere.

1081 2394 1136 2420 imo
1152 2398 1238 2420 totum
1252 2391 1420 2419 contrariutn
1433 2411 1441 2423 ,
1462 2390 1485 2417 si
1508 2389 1577 2417 Filio
1593 2390 1665 2416 inest
1678 2407 1686 2419 ,
1703 2392 1731 2415 ct
1743 2388 1875 2415 ordinem

1082 2443 1172 2467 servet
1185 2442 1213 2465 et
1233 2437 1339 2465 Triadis
1360 2441 1483 2464 mutuam
1503 2434 1579 2471 [505]
1604 2434 1766 2462 relationem
1788 2432 1814 2469 (δ
1831 2433 1874 2465 6),

1083 2486 1149 2514 illud
1163 2493 1276 2521 prorsus
1293 2485 1364 2512 Filio
1379 2484 1458 2511 Pater
1473 2481 1689 2510 communicabit
1704 2480 1776 2515 (97):
1793 2484 1820 2507 et
1833 2479 1876 2506 sic

1084 2534 1204 2570 Spiritus
1220 2533 1274 2560 erit
1287 2538 1314 2559 et
1325 2532 1396 2564 Filii,
1410 2536 1437 2558 et
1449 2538 1503 2557 non
1525 2528 1711 2564 imperfectus,
1727 2527 1801 2562 quod
1816 2533 1876 2552 non

1083 2580 1227 2616 producat.
1254 2578 1334 2606 sicuti
1360 2585 1448 2612 neque
1471 2575 1566 2607 Filius,
1586 2574 1658 2610 quod
1674 2581 1729 2601 non
1749 2576 1875 2609 generet.

1084 2627 1141 2655 lmo
1157 2626 1179 2653 si
1208 2626 1377 2660 produceret,
1398 2629 1463 2650 esset
1477 2623 1667 2658 imperfectus;
1698 2626 1762 2646 nam
1787 2617 1830 2644 vel
1845 2624 1877 2644 se

1085 2725 1231 2761 Μηδεμιαν
1246 2723 1294 2761 ορν
1302 2721 1484 2761 Βὲπειειφᾴροκί
1497 2719 1629 2761 σρἐγχυσιν
1641 2716 1675 2761 ’τὸ
1688 2713 1882 2761 προσάξὶῇν.

1085 2750 1241 2788 τοῦνσλιτὶον
1258 2759 1383 2788 δ’.ἇπιν,
1401 2750 1437 2783 si.
1451 2755 1489 2790 τῷ
1513 2750 1570 2788 Υἱῷ
1596 2750 1736 2790 πρόσεσςωζ
1759 2751 1805 2790 ηαξ
1829 2750 1880 2790 ’ξῆν

1086 2796 1163 2829 τάξιν
1179 2794 1328 2830 συντηροῢν
1345 2783 1393 2820 καὶ
1409 2792 1460 2830 τῂν
1475 2783 1532 2825 ’τῆς
1550 2783 1881 2830 Τριάόρςνᾲὲαὶταξληξον

1088 2820 1206 2868 (xiiii?
1218 2820 1378 2865 κὸίῦώνήσει
1396 2820 1601 2858 πάὖτωςτεοῦἑο
1615 2822 1654 2858 τῷ
1669 2821 1726 2857 Υἰῷ
1739 2821 1753 2847 ὁ
1770 2820 1882 2853 Πατήρ.
