1945 3088
210 189 264 220 523

781 186 914 217 ΡΗΟΤΙΙ
934 186 1190 216 PATRIARCI-LE
1209 187 1264 217 (ΣΡ.

1796 187 1849 220 524

210 252 280 274 rem.
295 243 432 278 sicutipsc
445 241 560 277 accepit,
581 246 611 269 ut
629 246 656 269 et
678 242 723 269 ille
743 242 868 277 ejusdem
891 246 996 269 natura:
1013 244 1034 272 Λ
1050 241 1094 268 nia
1109 241 1202 276 Cyrilli
1228 241 1304 269 Alex.
1324 241 1350 269 in
1368 241 1447 269 Joau.
1469 248 1525 274 xvt,
1550 242 1600 275 13;
1628 241 1702 270 Dial.
1727 244 1758 270 de
1776 243 1849 270 Trin.

209 297 332 324 personae
346 295 490 323 progressu
501 292 528 314 et
544 287 724 314 subsistentia
738 288 824 315 lactari
846 293 872 316 et
886 288 997 323 gloriari

209 335 313 370 possit?
335 344 344 359 ι
362 334 455 368 Neque
472 343 480 358 ε
502 333 534 360 ad
554 333 715 360 imitandnnnnn
737 333 858 365 Patrem,
877 343 886 360 ›
902 338 932 360 ut
949 333 1000 360 ibi—

210 381 270 407 dem
283 371 367 410 addit,
381 379 406 406 id
423 379 542 406 tribuere
556 379 668 414 Spiritnni
681 380 722 407 vel
741 379 831 414 potuit
845 379 886 406 vel
904 379 1001 407 debuit

209 425 315 457 Filius;
330 424 450 459 perfecte
473 425 594 452 innitatur
612 424 719 452 Patrem
740 425 842 456 Filius,
866 425 930 452 licet
944 432 1000 452 non

209 474 322 505 generet
336 475 363 497 et
380 471 437 505 ipse
453 470 562 502 Filium,
580 475 607 498 et
627 471 684 506 pari
699 471 784 506 gloria
796 470 898 498 fruitur
913 470 1001 505 Spiri-

210 520 264 547 tus,
282 516 346 542 licet
361 523 412 543 nec
424 516 555 551 producat
577 524 629 544 nec
647 520 776 552 generet;
801 516 920 551 aequales
937 521 1002 544 sunt

209 565 265 589 tres
280 561 456 597 hypostascs,
481 562 544 590 licet
572 570 625 590 una
650 563 685 590 sit
715 562 818 597 absque
844 562 1001 597 principio,

211 607 295 634 altera
310 608 343 635 de
357 608 493 643 principio
508 608 674 643 principium
689 628 696 640 ,
715 608 795 635 tertia
812 607 946 635 terminus
959 608 1003 635 di-

211 653 338 680 vinarum
367 654 586 689 processionum.
614 654 707 690 Neque
740 655 1003 682 consubstantialitas

211 707 258 733 per
271 707 298 726 se
311 703 430 734 spectata
441 708 558 735 unquam
573 700 684 736 ﬂagitat.
698 706 725 728 ut
740 705 766 728 et
781 701 867 728 tertiae
879 707 1005 736 personae

211 745 339 780 principii
361 746 430 773 ratio
443 751 592 774 asseratur.

247 791 293 819 ‘20.
333 792 431 819 Verum
462 792 513 819 lnac
544 793 571 819 in
605 801 634 819 re
664 793 758 820 sedqu
793 792 911 820 notanda
941 797 1005 820 sunt

212 843 273 870 qua:
297 835 370 862 varie
393 843 407 862 a
434 835 550 863 diversis
578 835 764 871 proferuntur.
792 836 871 863 Joan.
902 836 1005 863 Beccus

212 880 366 915 disputans,
395 881 431 907 lle
454 889 508 908 una
532 881 602 908 Eccl.
627 889 652 908 e.
670 881 699 908 51
719 882 761 915 (G.
785 882 816 909 0.
831 881 852 915 1,
876 881 1005 913 184-186)

212 930 307 952 contra
329 925 457 953 Pinurnan
484 925 557 961 (vide
585 934 645 961 cap.
671 925 687 952 8
717 925 807 952 Plnotii
828 930 888 953 nnot.
914 925 954 959 Ξ.)
980 929 1007 953 et

213 970 303 996 caeteri
335 970 422 998 Graeci
452 972 502 1006 τῆς
519 970 643 1002 ἑνώσεως
671 976 776 1003 tenent,
792 979 824 998 ex
840 971 1009 998 immancntc

213 1016 318 1053 origine
336 1017 369 1044 ad
383 1017 707 1047 connsubstantialitatem.
719 1017 766 1045 sed
780 1025 836 1044 non
853 1017 912 1044 vice
929 1024 1007 1044 versa

221 1071 253 1093 es
295 1064 575 1092 consubstantialitate
612 1064 727 1091 duarnnnnn
769 1071 950 1099 personarum
975 1063 1008 1090 ad

211 1113 293 1140 unius
318 1112 352 1139 ab
378 1111 462 1138 altera
486 1110 619 1146 originem
643 1109 769 1138 concludi
795 1117 884 1144 posse.
912 1119 921 1135 ι
941 1109 1008 1136 Tres

213 1158 368 1186 Divinitatis
391 1165 523 1192 personte,
546 1156 584 1184 ait
598 1156 702 1184 Beccus
721 1155 752 1192 (Ι.
768 1157 805 1191 c.)
827 1156 1009 1184 communiter

213 1206 285 1233 inter
298 1213 327 1232 se
345 1204 509 1240 participant
532 1203 656 1230 eamdcun
681 1208 807 1230 naturam
829 1203 1009 1238 eamdemque

212 1251 399 1282 Divinitatcnn,
424 1253 452 1277 et
468 1249 539 1283 quod
562 1248 673 1276 insilunn
686 1253 727 1276 est
742 1249 788 1276 nnni
810 1253 921 1284 propter
934 1257 1008 1276 canu-

213 1299 275 1326 dcm
299 1306 361 1326 cum
378 1297 490 1331 reliquis
507 1300 644 1329 naturam,
668 1296 721 1322 erit
734 1300 760 1323 ct
773 1296 879 1323 duobus
892 1296 960 1322 aliis.
977 1296 1009 1323 Et

213 1344 236 1372 si
253 1344 370 1379 Spiritus
391 1347 463 1371 esset
478 1350 509 1371 ex
523 1341 593 1369 Filio
621 1346 733 1377 propter
757 1341 818 1368 Filii
838 1349 900 1369 cum
927 1341 1008 1368 Patre

214 1389 538 1419 consubstantialitatem,
577 1393 650 1415 esset
675 1394 783 1422 quoque
808 1391 836 1414 et
864 1386 950 1413 Filius
974 1395 1007 1414 cx

211 1436 317 1471 Spiritu
345 1441 456 1470 propter
472 1434 592 1470 Spiritus
614 1434 738 1461 eamdem
753 1441 814 1460 ctnm
831 1432 910 1460 Patre
927 1438 1007 1460 natu-

211 1490 290 1514 ram;
307 1482 348 1508 vel
364 1481 455 1516 potius
469 1481 528 1508 hanc
542 1480 591 1507 tria
611 1488 695 1507 tnnnnm
714 1484 786 1507 esset
801 1488 833 1506 ex
847 1479 899 1506 alio
914 1479 1008 1515 ἣμᾶλ-

213 1529 259 1555 ὶον
283 1528 313 1559 ἐξ
329 1527 451 1561 ἀλλήλων
478 1526 511 1552 ἂν
524 1524 595 1561 ἦσαν
609 1525 643 1552 τὰ
662 1525 747 1561 τρια).
772 1526 806 1552 At
822 1533 895 1552 nntnnnc
916 1526 1009 1560 sequi-

1050 295 1077 322 p.
1093 288 1156 320 405,
1173 289 1235 320 408,
1258 288 1363 323 aliaque
1377 296 1391 314 a
1407 287 1449 315 Jo.
1468 288 1567 320 Becco,
1597 289 1684 324 epigr,
1701 298 1739 321 xn,
1757 289 1801 325 (G.
1819 290 1849 317 0.

1051 333 1083 366 ll,
1106 334 1158 361 619
1170 334 1241 368 seq.)
1255 338 1282 361 et
1298 334 1390 361 Leone
1412 333 1510 361 Allatio
1533 333 1646 367 (Vindic.
1671 344 1729 370 ειμι.
1751 335 1848 370 Eplnes.

1051 386 1076 405 c.
1089 378 1137 410 56,
1152 386 1178 413 p.
1195 379 1247 405 172
1265 386 1335 413 seq.,
1347 386 1372 406 c.
1389 379 1434 411 1ίί,
1447 387 1475 414 p.
1490 379 1543 406 225
1559 383 1628 415 seq.)
1646 379 1852 408 collecta.Nota

1052 429 1094 452 est
1109 425 1154 452 illa
1181 424 1355 452 ratiocinatio
1378 426 1530 461 theologica
1550 425 1642 453 :Filio
1666 426 1851 454 consubstan-

1053 470 1125 497 tialis
1150 474 1192 497 est
1211 470 1338 505 Spiritus,
1366 471 1386 498 si
1405 476 1497 498 estex
1511 471 1572 506 ejus
1595 471 1725 498 essentia.
1748 470 1849 498 Verum

1052 516 1188 551 posterius
1208 522 1343 544 assertum
1363 524 1420 543 non
1445 517 1541 544 eodem
1567 517 1648 544 modo
1676 517 1849 544 conceditur.

1054 561 1333 590 Consubstantialitas
1359 561 1469 596 quidem
1491 570 1537 597 per
1559 571 1587 589 se
1611 567 1639 589 et
1658 570 1689 589 ex
1712 563 1793 597 ipsius
1826 563 1852 590 vi

1054 609 1125 636 vocis
1137 609 1241 636 nullum
1264 609 1331 636 dicit
1353 613 1507 644 respectum
1523 609 1555 636 ad
1569 609 1747 637 habitudines
1768 609 1852 644 origi-

1054 654 1107 687 nis,
1126 662 1158 682 cx
1178 654 1291 682 notione
1315 662 1364 681 sua
1380 662 1435 681 non
1451 654 1587 689 exposcit,
1601 659 1632 681 ut
1644 654 1754 682 nonnisi
1770 655 1803 682 de
1819 654 1853 682 iis

1054 700 1229 736 prmdiectur,
1253 700 1324 728 inter
1347 708 1416 735 quos
1439 708 1527 727 nexus
1553 700 1679 735 principii
1701 704 1729 728 et
1751 700 1854 735 princi-

1055 747 1122 782 piati
1153 747 1315 779 intercedat,
1336 755 1398 774 cnnnn
1414 747 1495 774 etiam
1522 747 1618 782 fratres
1643 747 1698 774 sint
1712 755 1744 774 ac
1757 747 1852 774 dican-

1057 798 1101 820 tur
1116 793 1187 820 inter
1205 800 1234 820 sc
1248 792 1514 825 consntbslantiales;
1534 796 1653 819 attamen
1668 792 1689 819 si
1708 793 1739 819 dc
1755 791 1853 818 diuinae

1059 839 1196 867 Trinitatis
1225 840 1344 874 personis
1379 839 1648 866 consubstantialitas
1677 838 1851 873 przcdicatur,

1058 886 1151 921 negari
1161 893 1273 921 prorsus
1287 894 1341 913 non
1356 889 1455 920 potest,
1473 893 1531 913 eam
1542 893 1602 912 cnnm
1617 885 1728 920 originis
1740 885 1853 911 nnotionnc

1059 931 1197 959 cohaerere
1216 935 1244 959 et
1263 939 1278 958 a
1291 930 1364 967 [508]
1378 931 1522 964 posteriori
1540 930 1688 957 illationnenn
1714 929 1853 956 habitudi-

1058 976 1102 1004 nis
1117 977 1150 1004 ad
1168 977 1299 1012 originem
1320 977 1467 1012 spectantis
1481 984 1513 1004 ex
1528 976 1670 1003 homousia
1688 975 1745 1002 fieri
1760 982 1852 1008 posse,

1059 1031 1113 1050 non
1134 1031 1185 1058 pro
1204 1024 1284 1051 insita
1304 1023 1428 1051 vocabuli
1449 1024 1535 1059 ipsius
1554 1023 1592 1054 vi,
1606 1023 1653 1050 sed
1679 1030 1727 1057 pro
1747 1022 1854 1049 ratione

1059 1074 1199 1096 acnatura
1242 1069 1385 1096 Trinitatis
1422 1069 1499 1104 juxta
1531 1068 1664 1106 principia
1702 1067 1854 1102 theologica

1059 1115 1171 1142 onnnniuo
1193 1119 1277 1142 certa.
1290 1115 1351 1148 Quo
1363 1115 1413 1141 ista
1427 1114 1569 1141 ltatramni
1597 1115 1735 1149 pertinuere
1757 1113 1853 1140 viden-

1060 1166 1103 1188 tur
1117 1161 1135 1196 (l
1153 1170 1182 1192 nn,
1198 1169 1222 1188 c.
1239 1161 1255 1187 ὅ
1274 1170 1301 1196 p.
1316 1161 1379 1196 252)
1393 1170 1399 1188 :
1423 1171 1432 1187 ‹
1449 1162 1630 1188 Monstratnun
1650 1161 1743 1195 igitur,
1771 1160 1804 1186 ab
1819 1167 1852 1185 co

1060 1207 1150 1241 (Filio)
1169 1208 1316 1242 procedere
1340 1208 1481 1242 Spiritum,
1508 1207 1587 1242 cujus
1611 1211 1652 1234 est
1675 1212 1780 1233 natum:
1803 1213 1854 1233 seu

1059 1254 1236 1286 substantiae;
1261 1262 1342 1290 neque
1362 1255 1431 1281 enim
1449 1259 1532 1288 potest
1554 1254 1669 1288 ejusdem
1686 1258 1790 1279 naturzc
1805 1260 1853 1279 seu

1058 1300 1223 1332 substantia),
1243 1300 1317 1335 cujus
1332 1305 1368 1326 est
1384 1300 1477 1332 Filius,
1493 1308 1548 1327 esse
1563 1299 1718 1333 (ὁμοοὺσίην
1736 1299 1774 1333 τῷ
1797 1298 1854 1334 ﬁt?)

1059 1345 1150 1381 εἶναι),
1167 1347 1217 1373 nisi
1233 1346 1358 1381 procedat
1372 1347 1404 1373 ab
1420 1346 1476 1373 illa.
1494 1355 1502 1371 ι
1521 1346 1571 1379 Qui
1586 1346 1656 1373 lnanc
1673 1346 1854 1380 posteriorem

1059 1392 1206 1419 illationenn
1220 1400 1273 1419 non
1292 1392 1451 1423 admittunt.
1463 1392 1528 1420 illud
1545 1391 1662 1419 maxime
1674 1397 1813 1424 verentur,
1823 1396 1854 1418 ut

1059 1447 1092 1466 cx
1107 1439 1189 1465 Becco
1205 1439 1298 1466 videre
1311 1439 1384 1471 licet,
1399 1446 1434 1465 ne
1450 1443 1477 1466 et
1491 1437 1602 1473 Spiritui
1623 1442 1717 1465 sancto
1732 1438 1854 1474 προϐολὴ

1059 1485 1212 1512 ascribatur
1232 1492 1302 1511 neve
1314 1484 1344 1516 ἐξ
1362 1484 1486 1520 ἀλλήλων
1502 1489 1558 1511 tres
1574 1492 1698 1519 persona:
1712 1485 1747 1511 ita
1759 1485 1854 1511 existi—

1059 1535 1179 1562 mentur,
1193 1535 1222 1557 ut
1235 1531 1362 1565 qua-libet
1373 1538 1488 1565 persona
1506 1531 1618 1557 alterius
1631 1530 1764 1557 habeatur
1779 1531 1856 1564 priu-

214 1579 259 1601 ιυι·
289 1572 398 1607 quidem
425 1571 523 1598 Filium
549 1578 610 1599 esse
643 1571 716 1598 Patri
749 1571 1007 1599 consubstantialem
1022 1583 1043 1611 C
1061 1576 1163 1611 cipium
1174 1580 1201 1603 ει
1209 1576 1347 1611 reciproca
1360 1576 1503 1612 productio
1518 1580 1663 1603 statuatur,
1674 1576 1728 1603 Sed
1739 1583 1792 1603 non
1800 1576 1851 1603 ad.

215 1617 358 1654 (ὁμοφυῆ),
380 1617 443 1652 quia
461 1624 493 1644 ex
511 1616 629 1644 essentia
643 1620 684 1644 est
701 1616 799 1648 Patris,
820 1625 872 1644 nec
885 1616 946 1644 ideo
960 1625 1007 1645 co-

214 1665 286 1699 gitur
312 1663 390 1690 Pater
411 1671 471 1690 esse
496 1670 528 1689 ex
542 1662 623 1693 Filio.
647 1662 709 1697 quia
735 1663 858 1690 eamdem
880 1668 1005 1690 naturam

214 1703 298 1738 habet
315 1710 395 1737 Pater
410 1717 471 1736 eum
486 1708 566 1736 Filio.
579 1708 654 1744 {507]
672 1709 699 1736 Si
714 1709 777 1744 quid
793 1709 864 1736 enim
880 1717 913 1736 ex
928 1709 1006 1736 Patre

215 1754 299 1782 veluti
323 1754 417 1785 Filius,
446 1754 471 1781 id
486 1758 512 1781 ct
525 1753 598 1781 Patri
625 1754 857 1782 consubstantiale
871 1759 922 1786 est,
942 1754 1006 1789 quia

214 1801 280 1829 illud
295 1808 328 1827 ex
345 1799 464 1827 essentia
486 1799 574 1826 Patris
592 1804 644 1832 est,
662 1808 717 1826 non
732 1808 796 1827 vero
816 1799 838 1827 si
856 1801 920 1835 quid
939 1808 1006 1828 eon-

214 1846 393 1874 substantiale
406 1850 449 1873 est
462 1854 524 1873 cum
546 1846 647 1881 aliqnno,
670 1847 721 1873 lnoc
737 1846 820 1874 veluti
834 1851 862 1873 et
876 1854 910 1873 ex
926 1846 1006 1874 Patre

213 1893 335 1927 ejusdem
349 1893 475 1920 essentia:
491 1897 542 1920 est.
558 1892 603 1920 Sic
618 1893 700 1929 igitur
715 1897 742 1920 et
757 1892 874 1928 Spiritus
894 1893 1006 1920 consub-

211 1939 348 1966 stantialis
364 1943 400 1966 est
415 1939 501 1970 Filio;
517 1939 579 1974 quia
594 1948 625 1966 ea;
639 1940 752 1966 essentia
770 1945 805 1967 est
820 1939 898 1973 Filii;
912 1944 939 1966 at
956 1947 1006 1966 non

213 1986 277 2020 quia
303 1985 537 2012 comubuanlialis
561 1985 640 2018 Filio,
665 1986 723 2012 ideo
737 1991 760 2012 et
776 1994 807 2013 ea;
826 1986 903 2013 Filio.
923 1984 1006 2012 Nam-

213 2038 267 2065 que
283 2030 304 2056 si
320 2029 346 2056 id
367 2033 450 2060 esset.
480 2033 553 2056 esset
576 2033 604 2056 et
622 2036 655 2056 ex
672 2029 775 2064 Spiritu
799 2029 894 2060 Filius,
920 2028 1006 2063 siqui-

214 2076 275 2103 dem
292 2083 322 2102 ea
338 2082 399 2110 quae
421 2075 543 2110 ejusdem
565 2075 691 2102 essentthe
709 2079 784 2107 sunt,
811 2075 882 2102 inter
895 2082 924 2102 se
939 2082 1006 2102 con-

214 2125 358 2149 vertuntur
385 2120 460 2155 (l).n
493 2120 624 2147 Similiter
650 2124 678 2148 et
699 2120 744 2147 alii
770 2120 895 2148 catholici
920 2120 1005 2148 Grieci

213 2168 364 2194 decernunt
385 2167 434 2203 (τ).
458 2166 529 2194 Nulli
556 2174 622 2194 sane
640 2166 835 2194 controversiae
858 2166 886 2194 id
917 2171 1007 2202 potest

214 2220 274 2240 esse
297 2212 456 2244 obnoxium,
478 2212 738 2240 consubstantialem
758 2212 820 2240 ideo
844 2220 925 2240 unannn
944 2221 1006 2247 per-

1059 1626 1169 1649 vertunt
1185 1622 1298 1649 mininue
1316 1623 1357 1658 agi
1370 1623 1403 1649 de
1420 1627 1513 1649 mutua
1529 1622 1720 1657 productione,
1737 1624 1855 1657 quat-al.»—

1059 1668 1170 1695 surdum
1185 1667 1310 1700 includit,
1321 1668 1369 1695 sed
1383 1669 1416 1696 de
1428 1668 1587 1696 habitudine
1600 1676 1632 1696 ac
1644 1676 1715 1696 nexu
1727 1669 1853 1704 originis,

1058 1721 1112 1748 quo
1130 1721 1182 1740 una
1196 1721 1312 1748 persona
1323 1713 1445 1747 alterius,
1457 1722 1517 1749 qua:
1529 1715 1553 1741 ei
1566 1714 1856 1742 consubstantialisdi-

1058 1759 1182 1792 citur,vel
1192 1759 1357 1794 principiunn
1368 1763 1410 1786 est
1420 1759 1461 1786 vel
1470 1760 1504 1786 ab
1515 1767 1545 1786 ea
1558 1759 1730 1794 principiata.
1740 1760 1848 1787 Manuel

1057 1805 1178 1834 Calecas.
1194 1805 1337 1833 Bessarion
1348 1810 1376 1833 ct
1397 1805 1549 1833 Demetrius
1569 1804 1707 1841 Cydonius
1721 1807 1853 1841 duplicem

1057 1855 1181 1878 statuunt
1197 1851 1508 1879 consubstantialitatem
1522 1851 1577 1886 jam
1596 1859 1611 1878 a
1629 1851 1715 1878 Becco
1727 1851 1766 1888 (5)
1785 1853 1854 1878 insi-

1057 1901 1178 1928 nuatam,
1199 1896 1353 1930 docentque
1372 1896 1490 1930 primum
1512 1895 1572 1930 ejus
1587 1904 1672 1931 genus
1688 1896 1721 1924 de
1737 1896 1770 1923 iis
1784 1904 1854 1931 prm-

1057 1942 1152 1973 dicari,
1178 1950 1239 1976 qute
1254 1942 1377 1969 eamdem
1409 1942 1510 1969 lnabent
1539 1947 1675 1975 naturam,
1695 1942 1745 1969 etsi
1770 1951 1854 1970 unntnm

1057 1988 1091 2014 ab
1105 1988 1157 2014 alio
1172 1992 1332 2022 prognatum
1355 1995 1411 2014 non
1426 1987 1518 2020 fuerit,
1539 1992 1569 2014 ut
1584 1988 1680 2014 Petrus
1694 1993 1722 2015 et
1736 1989 1854 2022 Paulus;

1056 2033 1170 2060 alterum
1195 2040 1258 2060 vero
1271 2040 1357 2067 genus
1376 2040 1461 2059 ununnn
1481 2040 1543 2059 cum
1561 2032 1647 2060 altero
1662 2033 1698 2060 ita
1713 2034 1853 2068 copulare,

1057 2083 1088 2107 ut
1113 2086 1161 2114 per
1181 2079 1269 2113 ipsum
1295 2083 1340 2105 aut
1363 2086 1397 2105 ex
1411 2078 1471 2113 ipso
1498 2079 1661 2106 naturaliter
1672 2079 1808 2107 exsistens
1821 2087 1853 2107 ac

1057 2125 1228 2153 substantive
1251 2125 1342 2160 (Allat.
1367 2125 1442 2153 Vind.
1458 2133 1518 2160 syn.
1534 2125 1603 2159 Eph.
1619 2133 1644 2153 c.
1663 2126 1707 2158 46,
1721 2134 1750 2161 p.
1770 2126 1853 2160 227);

1058 2171 1110 2198 hoc
1124 2171 1258 2205 posterius
1272 2179 1358 2206 genus
1375 2171 1485 2206 proprie
1497 2171 1566 2199 illud
1579 2179 1677 2199 nomen
1693 2172 1745 2200 sibi
1762 2180 1853 2199 mere-

1058 2216 1092 2248 ri,
1106 2221 1133 2243 et
1150 2216 1236 2243 solunnn
1255 2217 1342 2243 locunn
1357 2216 1457 2243 habere
1472 2216 1499 2243 in
1507 2216 1617 2249 divinis,
1633 2221 1662 2244 ut
1676 2216 1854 2252 Calecas(|eb.

214 2267 309 2287 sonam
323 2266 383 2287 esse
395 2258 484 2289 alteri.
509 2259 572 2294 quia
583 2259 657 2286 illam
677 2259 750 2286 inter
761 2263 788 2286 et
803 2258 873 2286 hanc
893 2259 1006 2295 originis
1019 2261 1045 2290 D
1061 2270 1090 2295 nn,
1105 2270 1134 2296 p.
1151 2261 1213 2297 407)
1225 2263 1336 2296 exponit
1358 2262 1407 2297 (1).
1424 2261 1477 2288 Sed
1498 2263 1685 2290 necessarium
1709 2270 1763 2289 non
1778 2263 1857 2290 vide-

213 2315 301 2334 nexus
313 2306 465 2334 intercedat
480 2310 508 2333 ct
522 2305 632 2333 Patrum
660 2305 784 2333 doctrina
795 2307 907 2333 onnminno
927 2306 1006 2340 plana

213 2359 266 2384 est,
289 2353 433 2388 ὁμοοὺσιον
455 2353 500 2378 τὸν
519 2351 583 2378 Υἱὸν
599 2351 638 2386 τῷ
660 2352 747 2386 Πατρὶ
758 2350 839 2384 εἷναι,
857 2352 898 2378 ὅτι
913 2351 943 2383 ἐξ
957 2352 1008 2377 αὑ-

213 2399 260 2426 τοῦ
279 2399 296 2434 ἢ
317 2399 347 2431 ἐξ
365 2399 458 2430 οὐσίας
469 2397 551 2425 αὑτοῦ
569 2398 653 2425 ἐστίν.
677 2398 706 2425 ld
722 2397 871 2425 ostendunnt
886 2398 1008 2425 testimo~

251 2455 288 2489 (1)
311 2454 345 2481 Εἴ
361 2464 387 2481 τι
410 2455 465 2490 γὰρ
491 2455 523 2480 ὲκ
547 2454 594 2481 τοῦ
621 2453 739 2490 Πατρὺς.
755 2453 824 2490 ὡς
841 2453 914 2490 ΥἱρςΡ
931 2453 1010 2490 τοῦτρ

213 2487 263 2517 xal.
281 2487 428 2524 Vépootia'tou
450 2487 489 2524 ίεῴ
513 2490 601 2524 Πατρὶ
622 2489 666 2515 διὰ
683 2487 714 2515 to
731 2490 762 2514 ὲκ
786 2489 836 2523 τῆς
853 2489 946 2524 obuia;
962 2487 1009 2514 τοῦ

213 2523 321 2559 Πατρῦς
340 2523 409 2551 εἶναι
427 2523 508 2551 αὺιὲό·
524 2525 555 2551 οὐ
572 2523 625 2559 μὴν
640 2524 666 2550 εἴ
680 2532 706 2550 τι
723 2523 770 2550 καὶ
786 2523 928 2558 ὁμοούσιόν
943 2531 1007 2555 τινι,

212 2558 294 2587 τοῦτνο
309 2561 356 2586 καὶ
368 2560 453 2591 ὡς,ὲκ
466 2560 572 2594 Harpe;
586 2558 632 2585 τὸῦ
645 2559 875 2594 ὁμοουσίονγὲστίν
891 2567 898 2574 ’
915 2559 963 2584 καὶ
980 2558 1011 2594 τὸ

213 2595 327 2629 Πνεῦμα
350 2594 416 2628 γοῦν
436 2593 579 2630 ὀμοούάιον
600 2594 641 2628 τῷ
664 2593 736 2630 Υἱῴ,
759 2593 817 2630 ἀλλ’
843 2594 885 2620 ὅτι
898 2594 946 2630 ῌὲκγ
956 2593 1011 2630 fni};

213 2628 318 2669 ρὺςιίαζς-
326 2630 373 2656 τοῦ
391 2628 459 2669 Picti
472 2639 479 2646 ·
499 2630 608 2669 ολῦημᾶὶν
629 2630 696 2669 ξιόῖι
714 2628 860 2669 otiootio-tau
876 2628 915 2669 ’ξῷ
926 2628 1009 2669 "ne,

214 2666 259 2693 διὰ
272 2665 351 2692 τοῦτο
367 2665 415 2691 καὶ
427 2665 459 2691 ὲκ
475 2664 522 2691 τοῦ
534 2661 598 2690 fici;
609 2673 615 2678 ·
628 2663 709 2699 ἦγὰρ
721 2661 753 2689 ἄν
768 2661 801 2699 ἦν
816 2665 863 2699 καὶ
876 2661 909 2690 tu
925 2661 1012 2690 Πνεῦ-

214 2710 300 2736 ματος
321 2701 335 2727 ὁ
361 2701 437 2736 Υἰρς,
460 2701 540 2735 εἰπερ
567 2698 742 2735 ἀντιστρέφει
759 2698 789 2725 τὸ
811 2698 880 2734 πρὸς
907 2698 1009 2734 ἄλληλα

212 2735 306 2763 unum;
318 2735 476 2770 ὁμοούσιον.

249 2772 287 2805 (Ξ)
312 2769 356 2798 Cl".
374 2771 454 2797 Allat.
471 2770 631 2804 Vindir.syn.
649 2770 717 2804 Epit.
734 2779 758 2798 c.
775 2769 821 2802 45,
837 2777 864 2804 p.
885 2769 938 2796 219
953 2776 1012 2805 seq.

213 2807 311 2841 Georg.
331 2805 470 2833 Metoclnit.
489 2811 580 2832 contra
601 2805 720 2833 Munati.
746 2805 863 2833 Cretcns.
879 2812 906 2832 c.
925 2805 952 2831 5.
970 2805 1015 2838 (ϐ.

213 2841 281 2872 0.ll,
294 2849 322 2875 p.
334 2841 385 2868 972
398 2841 469 2875 scq.)

250 2874 402 2909 (5)1}eccus
418 2874 521 2910 (Epigr.
544 2883 588 2908 xn;
606 2875 638 2902 ϐ.
657 2875 687 2903 0.
707 2874 740 2907 li,
756 2883 786 2910 p.
806 2874 890 2909 6l9):
912 2874 1009 2909 Ειγὰρ

213 2911 284 2936 κατὰ
311 2910 388 2936 ἄλλον
416 2910 478 2936 τινὰ
492 2911 570 2944 λόγον
585 2911 809 2946 ὀμοουσιότητης,
830 2910 921 2942 ὁποῖός
936 2910 1010 2936 ἐστιν

1060 2313 1112 2340 tnnr,
1121 2307 1218 2343 duplex
1226 2307 1300 2343 [509]
1308 2307 1689 2343 consubstantialitatisgenus
1696 2315 1852 2340 secernere,

1059 2360 1153 2379 verum
1180 2352 1350 2380 solummodo
1371 2353 1540 2388 distinguere
1556 2352 1627 2379 inter
1644 2353 1762 2380 nativam
1778 2354 1855 2381 vocis

1060 2397 1284 2433 significationem
1300 2403 1327 2426 et
1341 2406 1410 2431 eam,
1427 2406 1487 2433 quae
1501 2407 1532 2426 ex
1547 2399 1669 2434 subjecto
1693 2400 1854 2428 attributio-

1060 2456 1074 2481 ὁ
1090 2455 1153 2489 περὶ
1166 2454 1211 2480 δύο
1227 2454 1309 2490 τινῶν
1325 2456 1476 2489 ὁμοουσίων
1501 2455 1657 2490 λεγόμενος,
1681 2456 1710 2482 ἐν
1733 2453 1774 2488 οἷς
1800 2459 1852 2484 οὐκ

1062 2490 1119 2527 ἐπει
1134 2489 1238 2527 inﬁget")
1253 2489 1347 2527 étépou
1364 2491 1395 2527 τρ
1416 2491 1521 2527 ἓτνερρν.
1541 2489 1576 2527 ﬁt}
1597 2491 1627 2527 to
1649 2490 1764 2527 ῌνερμᾳ
1787 2492 1853 2518 ἴδιον

1061 2524 1108 2550 τοῦ
1134 2525 1211 2556 Υῐοῦ,
1238 2526 1284 2551 καὶ
1310 2527 1341 2551 ὲκ
1359 2525 1409 2560 τῆς
1425 2524 1582 2556 οὒάίας⁴τὸῦ
1602 2526 1679 2557 rio-3,
1698 2524 1740 2560 ἦύ,
1753 2526 1785 2552 ἂν
1807 2529 1855 2553 καὶ

1063 2561 1076 2586 ὁ
1091 2560 1152 2596 Tia;
1166 2561 1230 2591 ἴδιος
1245 2560 1293 2596 τοῦ
1316 2560 1474 2595 [In/stipato;
1498 2562 1546 2588 καὶ
1566 2562 1599 2587 ὲκ
1621 2561 1670 2596 τῆς
1687 2561 1782 2592 οὐσίας
1805 2563 1853 2588 τοῦ

1064 2595 1233 2628 Πνεύματος,
1246 2595 1289 2620 διὰ
1308 2596 1540 2631 τδγὰντιστρέφον
1561 2597 1611 2631 τῆς
1635 2595 1765 2631 τοιαύτης
1787 2597 1855 2631 ὁμη-

1064 2631 1231 2667 ορσιότηῖος,
1245 2631 1312 2667 ὅπερ
1328 2630 1389 2656 οὔτε
1402 2632 1502 2666 ὲρρέοη
1514 2633 1593 2667 παρά
1614 2639 1686 2667 τινος
1701 2630 1757 2657 τῶν
1768 2630 1854 2665 ἁγίων

1064 2665 1126 2703 οἴης
1142 2665 1290 2703 ρηθῄσετριί
1309 2674 1379 2703 ποτε.
1396 2685 1402 2692 .
1418 2665 1432 2692 7.
1455 2685 1462 2692 .
1478 2665 1663 2703 ήδὲςέοιαύτη
1676 2667 1855 2703 ὁμοουσιότης

1065 2700 1127 2736 οὐδὲ
1143 2701 1244 2736 κμρίως
1254 2701 1441 2736 ὀμοουσιότης,
1464 2710 1490 2728 κ.
1504 2710 1529 2727 τ.
1542 2701 1568 2729 λ.

1103 2735 1217 2769 (“Quas
1231 2735 1369 2768 Petavius,
1384 2736 1421 2763 Dc
1442 2736 1515 2763 Trin.
1536 2745 1583 2769 vnn,
1601 2744 1627 2763 c.
1645 2738 1672 2765 vi.
1693 2744 1720 2763 n.
1741 2736 1786 2769 11,
1809 2737 1852 2769 1⁵2,

1067 2769 1100 2797 de
1115 2769 1204 2806 Basilii
1222 2770 1350 2806 etCyrilli
1374 2771 1492 2798 textibus
1513 2771 1556 2799 hic
1573 2772 1670 2799 adduci
1687 2772 1774 2800 solitis
1796 2772 1853 2799 dis-

1067 2805 1144 2835 serit,
1163 2813 1194 2831 ea
1216 2813 1270 2833 nnonn
1294 2806 1437 2842 immerito
1453 2814 1467 2833 a
1484 2807 1602 2834 cordatis
1627 2807 1773 2842 rlheologis
1792 2811 1853 2833 tan-

1067 2848 1147 2874 quam
1175 2848 1229 2866 nnon
1250 2841 1314 2876 satis
1337 2846 1462 2868 accurata
1490 2842 1622 2876 expositio
1654 2841 1852 2875 traducuntur;

1067 2883 1156 2937 neqtnlc
1176 2875 1280 2938 fAlllatio
1303 2875 1370 2903 locis
1390 2876 1448 2904 citt.
1473 2876 1563 2905 debita
1588 2884 1698 2913 semper
1724 2877 1852 2913 ἀκρίϐεια

1067 2918 1136 2938 Dl'ilfS
1149 2918 1165 2937 0
1189 2919 1212 2937 un
1230 2930 1236 2937 .

1067 2915 1165 2945 praesto
1176 2915 1236 2938 lunt.
