1945 3088
140 186 192 219 525

490 184 539 215 DE
558 184 590 214 S.
610 184 709 215 SPIR.
729 183 983 216 MYSTAGOGIA.
1005 197 1039 203 --
1051 183 1426 216 ANIMADVERSIONES.

1728 181 1782 214 526

141 246 182 273 nis
199 244 289 273 eidem
306 243 421 272 accedit.
435 242 566 279 Theologi
590 242 732 270 formalem
751 243 935 271 consubstan-
949 246 972 275 Α
986 242 1064 270 Patri
1081 242 1207 277 Spiritus.
1222 241 1347 278 Amplius
1364 249 1370 268 :
1387 241 1521 275 Quoniam
1544 240 1784 268 consubstantiaiis

143 291 265 319 tialitatis
274 291 410 318 rationem
418 290 444 317 in
453 289 580 318 essentiae
590 289 694 316 unitate
702 295 850 325 reponunt,
864 298 915 318 eau
923 306 932 311 -

139 345 194 366 sam
217 337 386 365 matcrialem
402 336 430 364 in
445 337 629 372 hypostaseon
641 335 934 370 pluralitate,eflicien-

139 387 191 412 tem
204 391 271 411 vero
284 383 311 410 in
332 382 494 411 habitudine
511 381 638 418 principii
651 385 679 409 et
690 382 856 417 principiali.
878 381 933 410 Nec

137 437 230 457 eorum
245 428 419 456 ratiocinatio
442 428 609 464 spernenda,
624 436 678 464 qua
698 428 735 455 ita
752 429 931 456 concludunt:

137 476 251 509 Quodsi
271 476 344 503 inter
366 475 473 503 divinas
498 482 630 509 personas
662 475 933 503 consubstantialitas

138 522 312 557 pnedicatur,
325 528 357 549 ea
375 521 440 549 inde
451 521 549 554 oritur,
571 520 644 556 quod
660 528 747 548 nexus
761 520 873 557 originis
889 521 933 548 in-

139 571 178 595 ter
199 574 246 594 eas
275 566 438 600 intercedit};
463 566 579 601 proinde
603 566 626 594 si
657 565 742 594 Filius
768 570 795 594 et
814 565 933 601 Spiritus

137 613 208 641 inter
219 620 249 640 se
264 612 515 640 eonsubstantiales
535 612 676 644 dicuntur,
689 611 759 639 ratio
770 618 804 639 ex
820 612 933 647 originis

138 667 208 687 nexu
224 659 261 686 ita
269 658 429 693 repetenda,
447 662 477 686 ut
492 666 563 686 unus
580 658 614 685 ad
629 657 745 685 alterum
760 660 791 684 ut
804 656 839 684 ad
857 657 933 692 prin—

137 705 239 740 cipium
261 704 407 732 referatur.
425 704 493 731 Cum
518 711 595 736 vero,
617 702 765 738 quominus
784 701 845 730 Filii
860 702 934 729 dica-

138 759 199 780 mus
222 751 386 787 principium
407 750 538 786 Spiritum
562 753 686 778 sanctum
708 748 776 776 ordo
793 748 934 777 Trinitatis

138 798 290 834 prohibeat,
317 797 416 825 Filium
439 797 558 832 Spiritus
592 795 680 823 sancti
700 793 867 830 principium
885 794 935 822 ha-

138 845 250 873 beamus
278 848 386 879 oportet
412 843 464 880 (Cf.
483 842 639 881 Bessarion.
662 840 708 870 0r.
730 840 820 876 dogm.
845 849 871 868 e.
898 841 932 875 6;

138 891 221 919 Hard.
235 891 282 924 IX,
295 890 440 925 555-556).

172 937 218 965 2|.
242 937 280 964 Ex
295 936 375 964 dictis
397 936 513 971 judicari
541 939 631 971 potest
654 934 689 963 de
706 935 749 968 iis,
775 943 836 970 qua
859 934 936 970 Hugo

139 982 304 1011 Etherianus
321 983 350 1018 (l.
366 982 399 1016 ll,
413 990 438 1010 c.
453 981 498 1014 20,
513 989 541 1017 p.
556 981 635 1016 1255)
654 986 749 1009 contra
765 981 830 1009 illud
847 988 937 1009 asser-

138 1033 195 1055 tum
209 1036 261 1055 aon
274 1028 364 1055 eodem
376 1032 454 1062 pacto
469 1026 601 1062 Spiritum
619 1026 870 1054 consubstantialem
885 1025 938 1053 dici

140 1074 218 1107 Filio,
240 1083 290 1109 qua
305 1074 536 1101 consubstantialis
549 1074 649 1101 dicitur
667 1072 756 1107 Patri,
772 1073 800 1100 in
817 1072 937 1100 medium

140 1120 254 1156 profert.
270 1129 279 1146 ‹
298 1119 334 1147 At
347 1127 421 1152 vero,
442 1119 492 1152 ait,
516 1119 584 1147 mihi
598 1119 707 1147 videtur
721 1126 777 1146 non
792 1123 867 1146 recte
883 1116 937 1147 dici

139 1165 372 1194 eonsubstantiale
394 1165 535 1201 praedicari
562 1166 693 1201 wquiuoce
709 1165 744 1193 de
765 1165 852 1192 tribus
876 1173 939 1200 per-

140 1212 224 1240 sonis.
241 1211 465 1239 lnconvenientia
482 1211 556 1239 enim
574 1216 727 1247 sequuntur
740 1215 767 1239 et
779 1211 937 1246 impossibi-

140 1256 175 1283 lia
193 1257 319 1291 quamvis
335 1256 461 1292 plurima.
479 1257 549 1285 Nam
564 1257 587 1284 εί
600 1256 716 1292 Spiritus
729 1257 939 1285 consubstantia-

141 1302 174 1329 lis
187 1306 224 1329 cat
235 1301 324 1333 Patri,
339 1310 368 1329 eo
381 1302 450 1337 quod
463 1309 495 1328 ea:
508 1302 574 1336 ipso,
589 1301 740 1336 procedere
764 1300 938 1328 substantiola

142 1351 184 1375 est
205 1346 331 1382 Spiritui.
353 1347 461 1374 Etenim
485 1347 507 1374 si
537 1347 665 1375 Socrates
688 1347 794 1375 Platoni
817 1347 938 1376 consub-

141 1393 285 1426 stantialis,
314 1393 378 1428 quia
399 1394 540 1422 rationalis
565 1399 616 1427 est,
645 1393 780 1422 anibobus
806 1393 938 1421 rationale

139 1438 357 1467 substantialiter
380 1439 469 1467 inesse
487 1439 638 1475 contingit;
657 1443 685 1466 at
701 1447 766 1466 vero
789 1439 939 1474 procedere

141 1494 231 1521 neque
254 1486 327 1513 Patri
350 1485 534 1521 neque.Filio
562 1485 746 1513 substantiale
769 1489 828 1519 est;
856 1485 938 1521 igitur

142 1539 197 1559 non
224 1535 288 1558 sunt
302 1531 425 1566 ejusdem
443 1535 548 1558 naturae
570 1538 632 1558 eum
649 1530 728 1559 Patre
747 1531 833 1559 Filius
857 1536 939 1566 atque

142 1577 273 1611 Spiritus.
294 1577 372 1610 Quod
387 1577 410 1604 si
435 1585 530 1605 verum
552 1582 670 1612 constet,
695 1585 751 1605 non
774 1582 839 1606 sunt
867 1586 937 1606 unus

141 1622 226 1655 Deus,
249 1623 378 1658 quoniam
407 1623 641 1651 consubstantiale
666 1631 722 1651 non
740 1624 882 1658 aequaliter
909 1629 937 1652 ct

141 1668 261 1696 univoce
268 1669 303 1696 de
318 1668 405 1697 tribus
415 1669 578 1705 praedicatur
589 1670 723 1704 personis.
733 1669 811 1703 Quod
825 1669 936 1705 quidem

139 1720 170 1743 et
191 1714 374 1751 Photioi5i0]
392 1716 463 1751 (cap.
488 1715 534 1750 55)
557 1715 664 1743 videtur
686 1716 809 1743 dicenti:
838 1724 848 1741 ι
864 1716 938 1743 Con-

109 1794 114 1798 .
140 1761 328 1789 suostantiale
341 1761 452 1796 quidem
475 1761 589 1788 omnino
604 1761 639 1788 ad
656 1765 801 1796 utrumque
812 1761 935 1795 vocibus,

138 1811 170 1835 et
180 1815 234 1834 non
250 1806 459 1842 significatione,
476 1806 615 1839 reddimus
629 1807 679 1842 (5),
696 1816 705 1832 ι
723 1807 772 1834 sed
788 1814 842 1834 non
855 1807 936 1834 bene.

140 1853 210 1881 Nam
246 1851 434 1880 substantialia
461 1852 491 1887 (l.
516 1852 771 1886 eonsubstantialia)
813 1852 936 1888 ejusdem

141 1904 208 1927 sunt
223 1897 384 1926 substantiae
405 1903 489 1932 atque
512 1901 633 1930 naturae;
656 1905 718 1933 qua:
733 1905 799 1926 vero
813 1898 937 1933 ejusdem

139 1940 301 1973 substantiae
321 1948 402 1979 atque
425 1948 530 1971 natura;
549 1948 623 1976 sunt,
652 1944 779 1972 eamdem
802 1944 936 1971 rationem

139 1992 303 2020 substantiae
321 1990 489 2026 suscipiunt;
511 1998 597 2025 quare
623 1990 679 2025 (ed.
699 1990 825 2025 quarum)
844 1989 937 2017 omnia

141 2037 383 2066 consubstantialia
399 2036 524 2064 eamdem
542 2036 704 2064 substantiae
725 2036 880 2072 suscipiunt
892 2044 936 2064 ra-

142 2084 257 2114 tionem.
283 2083 344 2117 Quo
370 2083 411 2116 fit,
447 2087 477 2110 ut
493 2083 726 2111 eonsubstantiale
752 2082 787 2110 de
809 2082 937 2111 omnibus

141 2129 422 2157 consubstantialibus
449 2129 573 2156 similiter
585 2133 613 2156 et
629 2129 720 2157 eodem
745 2129 822 2156 modo
848 2136 937 2156 enun-

143 2176 239 2203 tietur.
266 2174 339 2203 Sane
352 2175 422 2202 sicut
436 2166 631 2210 specialissima
652 2175 759 2210 species
771 2175 804 2203 de
815 2175 872 2203 suis
894 2176 937 2203 in-

142 2221 265 2249 dividuis
292 2221 455 2256 praedicatur
470 2228 476 2247 :
493 2220 533 2248 sie
548 2221 642 2256 utique
664 2222 735 2249 Deut
746 2226 773 2249 et
786 2222 936 2249 substantia

985 294 1028 317 est
1041 289 1159 324 Spiritus
1183 289 1268 321 Patri,
1284 296 1340 316 non
1368 288 1488 316 differta
1513 287 1613 321 Patre;
1634 296 1701 324 ergo
1715 296 1784 323 quo-

985 335 1058 363 niam
1095 335 1230 371 procedit,
1266 343 1320 362 non
1346 340 1388 362 est
1416 335 1441 362 ei
1467 335 1716 362 eonsubstantialis.
1750 334 1785 363 At

985 381 1126 410 enimvero
1171 381 1297 416 quamvis
1335 381 1425 414 detur,
1470 381 1783 409 eonsubstautialitatem

984 427 1098 463 przecise
1121 435 1170 464 per
1183 435 1213 455 se
1226 421 1377 462 spectatam
1393 434 1447 454 non
1463 427 1556 455 dicere
1577 435 1678 455 nexum
1699 427 1783 463 erigi-

985 474 1039 507 nis,
1065 478 1093 501 et
1119 481 1182 501 cum
1210 481 1265 500 una
1291 473 1413 502 essentia
1435 473 1471 500 sit
1489 473 1516 500 in
1533 472 1619 500 tribus
1642 473 1782 508 personis,

984 520 1074 555 quoad
1097 527 1175 548 suam
1192 519 1450 555 quidditatem,eam
1467 526 1521 546 non
1534 519 1673 553 atquivoee
1687 518 1721 546 de
1737 519 1784 547 iis-

984 566 1048 594 dem
1082 566 1382 601 prmdicaritattamen
1410 565 1480 592 ratio
1506 565 1537 592 ab
1563 573 1644 600 quam
1668 564 1784 592 habetur

985 610 1115 647 distingui
1142 611 1224 646 plane
1248 614 1340 646 potest
1371 610 1399 638 in
1429 610 1555 644 singulis,
1589 615 1617 638 et
1645 610 1784 639 immerito

984 665 1100 694 prorsus
1114 662 1239 693 negatur,
1256 657 1329 684 illam
1344 664 1407 684 eum
1427 656 1590 684 habitudine
1603 656 1732 692 principii
1756 661 1783 684 et

987 704 1143 740 principiati
1169 703 1296 732 connecti
1314 709 1342 731 et
1358 711 1391 731 ex
1407 703 1458 731 hac
1480 703 1514 730 ad
1535 703 1606 730 illam
1629 703 1785 732 conclusio-

986 757 1048 778 nem
1061 749 1138 787 [511]
1154 750 1212 777 fieri
1229 757 1321 785 posse,
1336 757 1397 785 quae
1411 754 1500 777 tamen
1515 749 1542 776 in
1554 749 1664 776 Patrum
1675 749 1785 785 scriptis

985 804 1176 832 saepenumero
1198 797 1318 825 occurrit
1332 796 1357 832 (§
1369 795 1428 832 20).
1448 795 1599 824 Confundit
1619 795 1785 824 Etherianus

986 850 1097 871 causam
1109 842 1249 879 formalem
1261 850 1324 871 eum
1338 842 1471 877 efficiente.
1481 841 1511 869 ln
1522 842 1648 877 exemplo
1662 841 1785 870 Socratis

986 893 1013 917 et
1040 889 1170 922 Platonis,
1205 888 1278 924 quod
1308 888 1398 921 alien,
1424 887 1500 923 prior
1527 887 1662 921 habetur;
1683 887 1731 915 sed
1757 887 1785 916 in

987 935 1177 970 propositione
1195 935 1240 963 illa
1255 945 1261 963 :
1280 933 1413 970 Spiritum
1428 941 1490 963 esse
1513 933 1585 962 Patri
1601 934 1786 962 consubstan-

989 980 1079 1008 tialem
1099 981 1144 1008 διὰ
1167 980 1199 1007 τὸ
1219 980 1249 1014 ἐξ
1270 980 1354 1008 αὑτοῦ
1381 978 1464 1013 εἶναι,
1490 987 1573 1008 causa
1595 979 1725 1008 efﬁciens.
1746 979 1786 1008 Ex

988 1015 1157 1055 immanexite
1177 1026 1252 1054 enim
1278 1027 1383 1063 origine
1401 1026 1439 1060 fit,
1467 1031 1495 1054 ut
1508 1026 1594 1054 Filius
1612 1034 1646 1054 ac
1666 1025 1785 1061 Spiritus

987 1072 1112 1100 eamdem
1140 1072 1259 1100 habeant
1282 1079 1345 1100 eum
1375 1072 1456 1100 Patre
1475 1071 1636 1104 essentiam,
1662 1072 1786 1106 adeoque

988 1119 1043 1147 sint
1067 1118 1092 1146 ei
1118 1118 1375 1146 eonsubstantiales.
1402 1117 1555 1146 Procedere
1581 1125 1647 1146 vero
1670 1117 1785 1153 Spiritui

988 1162 1168 1191 substantiale
1182 1170 1253 1195 esse,
1269 1162 1365 1197 nequit
1381 1162 1462 1197 plane
1481 1162 1591 1195 deduci,
1608 1162 1660 1190 nisi
1678 1162 1706 1189 in
1721 1169 1785 1196 pro-

988 1209 1113 1237 cessionc
1135 1208 1258 1236 formalis
1273 1208 1341 1236 ratio
1359 1208 1600 1236 consubstantialis
1624 1212 1784 1242 reponatur,

987 1253 1060 1289 quod
1078 1260 1145 1281 sane
1166 1253 1266 1281 falsum
1291 1258 1343 1281 est.
1366 1253 1427 1281 .lam
1451 1253 1516 1280 satis
1545 1252 1703 1280 monuimus
1728 1260 1785 1280 non

988 1306 1097 1334 semper
1105 1298 1191 1327 solida
1202 1303 1231 1328 et
1240 1303 1365 1326 accurata
1378 1306 1450 1331 esse,
1462 1306 1524 1334 quae
1536 1298 1637 1326 nobilis
1646 1298 1699 1326 iste
1707 1299 1785 1326 theo-

989 1347 1066 1382 logus
1088 1347 1198 1382 copiose
1215 1346 1334 1379 disserit,
1352 1346 1416 1374 licet
1430 1346 1458 1373 in
1474 1346 1600 1382 plurimis
1614 1345 1687 1374 felici
1701 1346 1785 1374 Marte

988 1393 1134 1421 dimicasse
1146 1393 1280 1421 videatur.
1297 1392 1348 1420 Hic
1356 1393 1454 1421 Photio
1466 1393 1672 1421 contradicendi
1684 1394 1785 1422 ardore

989 1445 1135 1476 correptus
1144 1441 1218 1476 justo
1235 1439 1342 1476 longius
1355 1440 1523 1475 processisse
1533 1440 1667 1469 dicendus
1680 1445 1739 1469 est-

1024 1486 1070 1513 9.9..
1084 1485 1188 1519 Quaerit
1199 1485 1323 1518 Photius,
1334 1493 1395 1521 cap.
1407 1486 1452 1519 '59,
1471 1490 1560 1513 utrum
1574 1486 1658 1523 magis
1675 1494 1785 1514 causam

989 1539 1051 1560 esse
1077 1535 1208 1560 censeant
1223 1531 1324 1565 Latini,
1350 1531 1494 1560 Patremne
1513 1539 1546 1560 an
1561 1532 1670 1560 Filium.
1695 1532 1723 1560 Si
1736 1532 1786 1560 Pa-

991 1582 1070 1610 trem,
1097 1578 1186 1605 honor
1198 1578 1243 1606 ille
1259 1578 1327 1606 Filio
1348 1583 1518 1614 praeparatus
1535 1579 1646 1614 spurius
1659 1584 1687 1607 et
1700 1580 1786 1615 magis

989 1625 1167 1660 opprobrium
1186 1625 1239 1652 erit
1265 1624 1332 1660 ipsi;
1355 1625 1376 1653 si
1396 1633 1462 1653 vero
1481 1625 1590 1657 Filium,
1610 1626 1743 1661 gravioris
1759 1626 1786 1654 id

989 1670 1148 1699 temeritatis
1170 1676 1222 1698 est.
1242 1669 1335 1706 Neque
1353 1671 1426 1698 enim
1443 1670 1568 1699 subicere
1582 1672 1649 1706 ipsis
1670 1680 1786 1700 censue-

988 1715 1044 1743 rint
1072 1716 1106 1743 ad
1128 1715 1284 1750 impietatis,
1319 1723 1400 1751 quam
1441 1715 1601 1750 intendunt,
1641 1725 1785 1746 excessum

987 1761 1056 1789 Filio
1068 1766 1208 1797 paternam
1224 1761 1413 1794 causalitatem
1436 1762 1575 1791 ascribere
1589 1770 1704 1798 eamque
1714 1765 1786 1792 divi-

988 1808 1063 1841 dere,
1084 1808 1139 1835 nisi
1154 1812 1181 1835 et
1194 1808 1316 1847 potiores
1337 1812 1430 1844 partes
1445 1807 1571 1836 auferant
1584 1814 1612 1836 et
1623 1809 1682 1837 loco
1696 1808 1786 1838 Patris

988 1854 1087 1882 Filium
1111 1854 1226 1889 Spiritui
1247 1854 1411 1889 principium
1427 1859 1559 1882 statuant.
1582 1854 1682 1883 Verum
1695 1863 1786 1891 neque

989 1901 1032 1928 his
1045 1905 1210 1936 premuntur
1224 1900 1324 1934 Latini,
1348 1901 1394 1936 qui
1407 1901 1488 1928 toties
1501 1900 1650 1934 inculcant,
1672 1902 1786 1937 aequali-

988 1951 1029 1975 ter
1039 1951 1067 1976 et
1080 1947 1138 1983 pari
1157 1947 1237 1975 modo
1259 1946 1368 1975 Patrem
1384 1952 1412 1975 et
1424 1946 1523 1975 Filium
1539 1954 1600 1975 esse
1609 1947 1787 1983 principium,

987 2000 1016 2023 et
1038 1995 1126 2022 solum
1148 1998 1264 2022 eatenus
1287 1993 1395 2022 Patrem
1425 1994 1529 2029 primas
1555 1998 1648 2030 partes
1672 1995 1785 2028 habere,

987 2047 1124 2077 quatenus
1143 2045 1186 2069 est
1199 2041 1259 2076 ipse
1270 2041 1358 2076 prima
1382 2048 1478 2074 causa,
1489 2048 1504 2068 a
1517 2049 1570 2076 qua
1587 2048 1614 2070 et
1626 2042 1711 2070 Filius
1727 2043 1787 2078 ipse

987 2093 1041 2122 est,
1055 2095 1145 2123 neque
1160 2095 1226 2116 vero
1240 2088 1304 2115 inde
1322 2088 1449 2123 injuriam
1465 2088 1522 2116 ﬁeri
1535 2087 1613 2122 Filio,
1631 2089 1703 2116 situt
1717 2089 1787 2117 nihil

987 2141 1050 2161 eum
1074 2133 1157 2167 laedit,
1181 2133 1254 2168 quod
1275 2141 1330 2160 non
1357 2133 1418 2161 sine
1442 2141 1525 2161 causa
1550 2141 1602 2162 nec
1616 2133 1787 2162 innascibilis

988 2184 1039 2208 est.
1063 2179 1157 2215 Neque
1169 2179 1259 2207 honor
1281 2178 1351 2206 Filio
1365 2178 1445 2206 datus
1468 2178 1578 2213 spurius
1592 2183 1620 2206 et
1634 2179 1669 2206 ab
1683 2179 1786 2207 extrin-

988 2234 1051 2254 seco
1073 2226 1198 2262 adjectus
1221 2225 1326 2253 censeri
1354 2229 1460 2260 potest;
1479 2225 1534 2252 imo
1550 2226 1733 2259 necessarius,
1751 2234 1786 2254 ex

142 2267 179 2295 de
194 2267 281 2295 .‘ribus
297 2266 399 2314 dicitur
426 2267 561 2302 personiS,
580 2273 608 2295 el
620 2267 850 2302 quemadmodum
877 2273 976 2303 om-D
989 2271 1096 2299 interna
1126 2272 1265 2307 profectus
1286 2270 1458 2304 necessitate,
1482 2278 1515 2298 ex
1542 2271 1609 2314 ipsis
1630 2272 1784 2301 divinarum

143 2313 200 2344 nia,
216 2320 277 2348 quae
296 2311 386 2348 specie
405 2312 579 2347 participant,
603 2313 726 2348 ejusdem
749 2318 854 2341 natura:
870 2321 936 2341 cen-

143 2364 251 2392 sentur,
284 2366 316 2386 ac
347 2358 590 2386 consubstantiaiia
617 2359 685 2386 :sie
714 2359 808 2394 utique
843 2359 934 2393 Pater,

143 2406 231 2434 Filius
258 2410 338 2440 atque
366 2404 485 2440 Spiritus
513 2409 624 2432 sanctus
650 2405 787 2440 aequaliter
813 2405 936 2441 ejusdem

142 2456 249 2480 natura:
267 2451 395 2479 dicuntur
408 2455 490 2486 atque
512 2450 760 2479 consubstantiales
785 2452 936 2479 secundum

141 2497 304 2526 substantia:
327 2505 437 2530 nomen,
452 2501 480 2525 et
495 2505 550 2525 non
568 2497 717 2532 aequivoce.
741 2497 812 2533 Ergo
835 2505 936 2525 secun-

141 2544 209 2572 dum
225 2551 306 2578 quem
334 2543 444 2571 modum
464 2543 564 2570 dicitur
580 2542 700 2578 Spiritus
715 2543 937 2571 consubstantia-

143 2590 179 2618 lis
198 2590 282 2621 Patri,
308 2590 458 2617 secundum
478 2590 605 2618 eumdem
628 2593 656 2617 ct
665 2589 733 2617 Filio
753 2590 937 2617 consubstan-

142 2636 216 2664 tialis
257 2640 315 2669 est;
345 2639 372 2662 et
400 2635 472 2663 sicut
506 2635 590 2663 Filius
624 2636 862 2664 consubstantialis
895 2641 938 2664 est

143 2680 270 2717 Spiritui,
298 2681 335 2708 ita
360 2680 478 2715 Spiritus
497 2680 565 2708 Filio
585 2685 614 2709 et
631 2681 716 2709 Patri.
740 2680 847 2709 Nullam
863 2681 936 2710 enim

143 2727 284 2763 possident
306 2726 489 2755 differentiam
509 2726 536 2757 in
559 2735 603 2760 eo,
625 2727 696 2763 quod
718 2728 937 2755 consubstantia-

143 2774 202 2808 les;
221 2781 305 2811 quare
326 2773 453 2808 nonquia
479 2773 607 2808 procedit,
637 2774 871 2801 consubstantialis
898 2778 936 2803 est

181 2852 219 2887 (5)
234 2852 301 2888 Cap.
315 2853 345 2881 9i
371 2860 502 2888 expresse
520 2852 602 2880 docet
626 2852 761 2881 Photius:
788 2863 798 2879 σ
818 2852 937 2888 Spiritus

143 2887 220 2916 Patri
237 2887 488 2919 consubstantialis,
510 2888 574 2923 quia
589 2896 622 2916 ex
645 2889 705 2923 ipso
726 2887 869 2924 procedit;
889 2890 937 2918 sed

145 2930 198 2951 rum
211 2930 244 2952 ex
261 2930 294 2951 eo
308 2924 422 2959 procedit
435 2923 500 2959 quia
515 2923 766 2953 consubstantialis.
786 2935 796 2951 ι
814 2923 936 2954 Priorem

988 2325 1168 2354 personarum
1192 2317 1370 2345 relationibus
1397 2316 1532 2344 deductus
1551 2322 1603 2350 est,
1617 2322 1646 2345 ut
1663 2318 1785 2346 Catholi-

987 2371 1082 2391 eorum
1100 2370 1149 2398 pro
1163 2363 1216 2390 hoc
1230 2363 1358 2398 dogmate
1380 2362 1507 2390 universa
1532 2368 1693 2398 argumenta
1708 2372 1786 2392 com-

988 2413 1152 2437 monstrant.
1167 2408 1265 2437 Nonne
1280 2409 1353 2444 quod
1378 2408 1465 2436 Filius
1482 2408 1553 2436 solus
1569 2410 1601 2436 de
1619 2409 1675 2436 solo
1692 2408 1784 2444 Patre,

989 2462 1086 2489 magna
1112 2455 1172 2490 ejus
1197 2454 1376 2489 praerogativa
1404 2457 1457 2486 est,
1491 2461 1553 2489 quae
1578 2454 1653 2482 hunc
1672 2456 1786 2484 omnino

988 2502 1112 2537 exposcit
1128 2503 1279 2530 honorem?
1297 2502 1350 2538 (Ci.
1364 2507 1416 2530 art.
1432 2503 1550 2537 praaced.
1562 2502 1579 2538 ᾗ
1591 2503 1631 2539 6.)

1025 2547 1101 2584 [512]
1112 2548 1156 2575 25.
1168 2559 1178 2574 ι
1189 2548 1322 2583 Maiorem
1331 2548 1432 2580 dicere,
1442 2548 1554 2576 etsinon
1565 2555 1660 2577 natura
1671 2550 1784 2586 (apage;

988 2593 1229 2622 consubstantialis
1255 2594 1328 2621 enim
1343 2598 1385 2621 est
1402 2593 1545 2629 Trinitas),
1567 2603 1661 2622 verum
1681 2596 1786 2623 ratione

989 2647 1085 2671 causae.
1101 2639 1194 2675 genito
1209 2639 1370 2676 genitorem,
1390 2640 1471 2668 docet
1487 2641 1596 2675 quidem
1614 2649 1664 2670 nos
1676 2641 1784 2670 Domini

988 2692 1041 2712 vox
1067 2685 1149 2720 idque
1182 2685 1265 2713 tradit
1289 2685 1388 2713 exinde
1417 2686 1541 2715 initiatus
1563 2694 1641 2715 sacer
1673 2686 1784 2716 Patrum

988 2736 1146 2759 nostrorum
1175 2732 1292 2765 chorus;
1328 2727 1414 2760 causis
1442 2738 1532 2761 autem
1557 2733 1660 2764 ratione
1685 2733 1784 2761 Filium

988 2778 1091 2814 Spiritu
1118 2779 1247 2813 majorem
1268 2787 1358 2815 neque
1372 2787 1406 2808 ex
1425 2779 1528 2811 divinis
1551 2779 1675 2815 Eloquiis
1688 2781 1785 2810 audire

989 2857 1212 2895 propositionem
1234 2862 1318 2893 negat
1341 2858 1429 2895 llugo,
1459 2859 1507 2889 Sed
1530 2859 1687 2894 immerito;
1715 2859 1785 2890 alter

990 2893 1080 2929 potius
1097 2893 1224 2930 neganda
1239 2897 1308 2922 erat.
1388 2893 1398 2895 ἡ
1423 2893 1426 2894 ⁷
1546 2897 1548 2900 ’
1591 2895 1595 2901 “
1720 2895 1722 2898 ’
