1945 3088
185 213 236 245 527

749 210 881 242 PHOTII
902 208 1157 240 PATRIARCH/E
1175 208 1229 238 CP.

1771 206 1823 238 598

186 279 228 300 est
243 279 330 307 neque
346 272 398 298 huc
411 277 497 305 usque
511 270 572 305 pius
597 276 694 297 sensus
709 268 736 296 id
748 269 867 304 cogitare
886 268 984 303 depre-
998 269 1019 297 Α
1036 272 1130 294 rcnter
1145 266 1236 293 minor
1246 265 1315 293 Filio
1335 270 1362 292 et
1377 264 1458 293 simul
1482 264 1594 300 aequalis
1615 263 1705 292 cidem
1728 264 1824 299 praedi-

187 318 388 346 hcndebatur.»
418 316 457 343 lta
483 315 596 342 Pliotius
623 322 682 349 cap.
708 315 753 342 41.
777 315 863 349 Negat
881 314 980 341 Filium

188 364 299 399 μείζονα
312 362 359 388 τοῦ
376 361 533 397 “vetitum;
550 361 613 393 dici,
637 360 866 395 quemadmodum
900 360 981 386 Pater

185 410 271 444 major
286 408 355 436 Filio
369 407 481 440 dicitur,
509 407 614 434 ratione
636 406 763 434 videlicet
775 405 913 441 principii.
930 404 981 432 At-

185 455 230 490 qui
256 460 313 482 tum
338 455 440 482 Bcccus
455 453 511 488 (ον.
527 454 558 480 de
573 461 627 480 una
649 452 720 480 Eccl.
742 461 761 485 ι,
777 452 823 484 ‘27,
842 452 886 484 65,
902 451 935 478 67
953 452 981 478 in

185 501 292 529 Cumat.
328 500 469 527 Animadv.
497 503 525 526 et
557 498 648 534 Epigr.
680 506 744 531 xm;
779 498 800 525 ϐ
822 497 895 530 0-1,
919 498 981 530 157,

184 547 247 580 206,
262 546 331 579 ‘llfi;
351 546 385 578 ll,
400 545 463 577 585,
475 545 549 579 630),
559 550 614 573 tum
627 545 800 572 Constanti“.
817 543 982 571 llleliteniota

186 590 231 625 (G,
259 590 290 617 0.
310 590 341 622 ll,
361 590 441 623 748);
459 589 592 624 Georgius
608 590 751 616 Metochita
774 588 886 624 (Contra
909 591 982 616 Man.

186 637 256 664 Cret.
281 644 306 664 c.
333 637 365 670 7;
383 636 421 664 ib.
439 635 471 669 ll,
497 635 576 670 985);
603 635 709 663 Manuel
739 635 850 662 Calceus
868 635 914 661 lib.
941 643 982 662 ιιι.

186 691 214 717 p.
239 681 314 716 458),
338 681 471 717 Georgius
492 680 691 716 Trapezmttius
715 681 770 716 (nd.
795 680 838 707 Jo.
876 679 982 707 Cttbot‘f.

186 737 212 754 υ.
224 728 259 754 29.
272 737 279 761 ;
294 727 325 760 G,
336 727 367 755 0.
382 727 403 759 Ι,
420 727 497 762 5H);
513 726 594 754 Joan.
608 726 787 754 Plusiadenus
802 726 858 753 sive
870 725 982 759 Joseph.

186 773 375 802 Methoneusis
389 773 427 809 (6)
442 773 485 801 vel
498 773 623 808 quisquis
644 777 685 800 est
701 777 796 800 auctor
816 772 920 807 Dialogi
936 779 983 806 pro

188 820 297 847 concilia
325 819 476 847 Florentino
501 819 533 847 (ὲ.
559 819 590 847 0.
607 819 628 852 Ι,
652 818 715 850 628,
740 819 815 850 69.9).
841 823 898 845 tum
929 818 985 846 Leo

188 866 303 893 Allatius
335 865 456 899 (Enchir.
481 873 507 893 c.
528 865 573 898 25,
600 873 627 900 p.
646 864 708 900 ρλς¹
722 873 780 899 seq.
801 863 902 891 l’indic.
925 872 982 899 sytt.

189 912 257 948 Eph.
273 919 297 939 c.
314 912 358 945 66,
374 920 401 947 p.
415 912 478 946 481)
501 912 603 947 aliique
624 912 751 946 permulti
773 911 872 938 diserta
897 912 981 938 addu-

191 963 257 986 cunt
268 958 409 986 Athanasii
421 959 504 986 verba
516 963 586 985 orat.
600 958 625 989 l,
646 957 870 989 cuntruArianos,
888 966 915 984 n.
928 958 961 985 50
973 966 979 984 :

190 1005 253 1036 Τοῖς
268 1005 297 1032 δὲ
309 1004 444 1039 μαθηταῖς
461 1004 510 1039 τὴν
523 1004 638 1038 οεύτητι
651 1004 697 1029 καὶ
709 1003 759 1038 τὴν
783 1003 983 1038 μεγαλειότητα

189 1051 297 1082 δεικνὺς
313 1049 423 1082 ἑαυτοῦ,
435 1050 528 1076 οὐκέτι
543 1049 672 1076 ἐλάττονα
687 1049 783 1075 ἑαυτὸν
794 1049 841 1075 τοῦ
855 1049 982 1083 Πνεύμα-

190 1105 247 1128 τος,
262 1096 330 1123 ἀλλὰ
346 1095 458 1130 μείζονα
470 1097 516 1122 καὶ
533 1093 590 1122 ἴσον
603 1094 668 1120 ὄντα
682 1095 824 1129 σημαίνων
834 1094 919 1121 ἐδίδου
934 1094 984 1129 μὲν

190 1143 222 1169 τὸ
236 1143 348 1178 Πνεῦμα
361 1143 407 1168 καὶ
418 1141 497 1176 ἔλεγε
509 1150 517 1157 ·
538 1150 547 1168 ι
565 1141 670 1167 Λάϐετε
689 1141 802 1176 Πνεῦμα
811 1141 888 1175 ἅγιον
897 1162 905 1173 ,
925 1141 981 1168 καί·

198 1188 270 1222 Ἐγὼ
283 1187 437 1215 ἀποστελῶ·
469 1188 595 1218 κάκεῖνος
621 1187 672 1221 ἐμὲ
687 1185 793 1219 δοξάσει
822 1187 868 1213 καὶ
886 1187 936 1214 ὅσα
952 1187 984 1214 ἃν

192 1234 308 1270 ἀκούσῃ,
333 1234 456 1269 λαλήσει.
474 1243 482 1259 ι
505 1233 583 1266 Quod
598 1233 736 1260 ePatrum
762 1241 837 1260 more
852 1233 887 1261 ita
912 1238 985 1261 recte

192 1281 306 1316 exponit
322 1280 435 1315 prchata
455 1280 616 1314 Disceptatio
632 1287 678 1314 pro
696 1287 769 1306 cont.
787 1279 859 1306 Flor.
878 1279 928 1307 sub
936 1287 985 1306 no-

192 1327 266 1353 mine
279 1325 436 1353 Plusiadeni
452 1325 560 1360 vulgata
577 1334 583 1352 :
597 1323 671 1351 Ἷσον
692 1325 740 1355 μὲν
753 1325 824 1351 κατὰ
841 1324 870 1351 τὸ
885 1325 985 1360 ὁμοσύ-

195 1381 266 1400 σιον·
289 1372 367 1399 οὐδὲν
396 1372 454 1408 γὰρ
472 1371 528 1399 τῶν
542 1371 627 1407 τριῶν
655 1371 808 1407 προσώπων
822 1371 920 1406 ’μεῖζον
939 1371 987 1398 καὶ

194 1419 305 1445 ἔλαττον
320 1419 353 1453 τῇ
367 1418 448 1452 οὐσίᾳ
467 1418 513 1444 καὶ
523 1419 556 1453 τῇ
573 1417 692 1451 θεότητι,
711 1416 768 1443 ἀλλ’
780 1416 853 1450 ἀέρα
875 1417 963 1451 ἰσότης
978 1424 984 1431 ·

195 1463 306 1498 μείζονα.
323 1463 362 1493 δὲ.
384 1463 425 1489 ὅτι
448 1464 496 1489 ἀπ’
517 1463 622 1489 ἐκείνου
639 1463 670 1488 τὸ
694 1461 763 1489 εἶναι
783 1462 849 1497 ἔχει.
881 1461 985 1495 Quodsi

195 1510 381 1537 Montfaucon.
411 1510 438 1535 in
465 1517 512 1536 sua
537 1509 658 1542 editione
678 1509 711 1544 (Ι,
735 1517 763 1544 p.
787 1508 850 1542 454)
878 1509 986 1543 μείζονα

195 1556 261 1584 illud
273 1555 374 1587 omisit,
393 1555 539 1590 disceptari
555 1556 644 1583 adhuc
659 1560 759 1590 potest,
778 1559 868 1582 utrum
888 1555 987 1582 merito

194 1609 229 1628 an
262 1601 358 1635 injuria
390 1600 493 1627 fecerit.
530 1599 602 1627 Sane
628 1604 808 1634 preterquam
845 1600 917 1634 quod
941 1600 986 1627 ille

196 1647 306 1674 nonnisi
327 1646 408 1673 unius
424 1645 525 1673 codicis
547 1645 671 1681 Segnior.
688 1651 715 1672 et
734 1645 842 1672 Caicum
855 1653 921 1673 mss.
936 1654 987 1672 au-

197 1692 323 1720 ctoritate
333 1692 409 1728 [515]
425 1692 451 1719 in
467 1700 516 1719 sua
530 1691 648 1719 lectione
663 1692 799 1724 innititur,
809 1692 913 1727 priores
930 1692 987 1719 edi-

199 1739 288 1766 tiones
311 1746 405 1766 voccm
422 1738 456 1765 ab
480 1738 526 1765 illo
549 1737 658 1773 egregio
684 1738 805 1772 alioquin
834 1737 988 1764 eruditissi-

199 1792 299 1820 moque
320 1784 380 1812 viro
395 1789 559 1819 expunctam
581 1783 714 1816 retinent,
726 1789 755 1810 et
768 1783 843 1810 citati
859 1789 987 1810 auctores

196 1831 276 1866 ει·κεὶ
290 1832 329 1867 (7)
348 1838 404 1858 non
424 1830 503 1858 facile
518 1835 613 1858 contra
628 1837 741 1857 suorum
760 1835 914 1865 temporum
937 1829 987 1856 ad-

201 1877 339 1904 versarios
356 1885 387 1904 ea
404 1877 520 1904 lectione
534 1876 576 1903 usi
591 1875 715 1909 fuissent,
736 1876 878 1903 suﬂicienti
892 1880 988 1902 auclo-

199 1923 279 1950 ritate
291 1922 431 1956 destituti;
446 1928 474 1951 et
491 1922 556 1949 illud
574 1922 795 1957 pcrpendendum
810 1925 862 1956 est,
877 1921 948 1956 quod
961 1926 989 1948 et

199 1969 257 2004 ipse
271 1968 444 1996 Andronicus
463 1968 622 1996 Camaterus
635 1967 741 1995 Latinis
759 1967 882 1994 infensus
905 1967 987 2002 (apud

198 2014 326 2046 Beceum,
343 2013 375 2040 (ἱ.
390 2014 421 2041 0.
437 2014 469 2045 ll,
484 2014 546 2049 58:7.)
563 2021 618 2040 non
639 2014 719 2040 aliter
740 2013 838 2048 legisse
863 2013 988 2040 videatur

199 2065 227 2087 et
241 2059 313 2094 quod
327 2063 470 2087 contextus
490 2059 553 2086 huic
563 2059 795 2086 lectioniomnino
818 2059 916 2086 faveat.
933 2058 988 2086 ille-

199 2106 253 2134 lius
264 2106 338 2133 enim
350 2110 377 2132 ct
389 2105 489 2132 fortius
499 2104 539 2140 τῷ
554 2104 676 2132 ἐλάττονι
689 2104 837 2139 opponitur
848 2104 878 2130 τὸ
895 2103 986 2141 μεῖζρν

199 2152 247 2179 καὶ
259 2149 330 2184 ἴσον,
347 2159 429 2186 quam
444 2151 474 2178 τὸ
485 2148 544 2177 ἴσον
566 2150 673 2183 solum;
690 2155 718 2177 et
744 2150 843 2187 melius
866 2149 988 2177 ostendi-

199 2203 244 2226 tur
278 2196 340 2224 Filii
370 2195 487 2232 dignitas
513 2196 558 2231 qui
582 2195 714 2230 Spiritum
737 2195 826 2231 ipsum
852 2195 988 2231 elargiens

199 2243 362 2276 exhibetur;
385 2244 516 2278 praeterea
537 2243 646 2278 phrasis
659 2243 790 2275 ἐλάττων,
816 2242 858 2271 vel
887 2242 988 2277 μείζων

1035 317 1124 347 catur,
1140 318 1169 340 ut
1184 312 1316 348 Georgius
1340 312 1468 340 Metocita
1485 312 1516 347 (Ι.
1536 319 1561 339 e.
1579 319 1606 346 p.
1633 311 1696 346 985)
1721 311 1823 338 edisse-

1033 359 1078 386 rit.
1094 358 1154 392 Quo
1173 359 1293 393 pertinet
1312 363 1339 386 et
1353 358 1456 386 codicis
1472 358 1637 385 Basiieensis
1654 357 1778 385 scholion
1791 358 1825 384 ad

1033 408 1183 443 marginem
1211 407 1294 441 huius
1313 406 1365 434 loci
1390 407 1528 441 positum:
1559 405 1631 438 Ὅρα
1651 407 1664 431 ὸ
1682 405 1745 436 Υἱὸς
1765 402 1822 435 ἶσος

1033 453 1082 480 καὶ
1098 452 1199 487 μείζων
1214 452 1260 478 τοῦ
1274 451 1443 486 Πνεύματος,
1464 449 1523 483 ἶσος
1538 450 1588 486 μὲν
1608 450 1679 477 κατὰ
1693 451 1742 486 τὴν
1765 450 1824 476 Θεό-

1034 507 1113 534 τητα,
1128 498 1228 534 μείζων
1240 498 1269 525 δὲ
1285 498 1328 525 διὰ
1343 497 1392 533 τὴν
1405 497 1506 525 αἰτίαν.
1520 497 1686 532 Utrumque,
1713 496 1825 531 μείζονα

1034 542 1142 577 ειῖσον,
1158 544 1304 579 legendum
1317 551 1378 571 esse
1398 543 1514 571 suadent
1530 547 1558 570 et
1576 543 1726 570 Bibliorum
1749 543 1824 570 testi-

1036 590 1128 617 monia
1141 589 1257 624 adjecta,
1274 588 1374 623 quibus
1396 596 1425 616 se
1441 588 1592 616 missurum
1610 587 1754 623 Spiritum,
1771 588 1825 615 imo

1035 644 1064 663 se
1087 636 1151 663 dare
1182 635 1262 662 docet
1281 635 1420 662 Christus.
1450 634 1514 662 llaec
1533 634 1645 662 demum
1672 639 1827 669 congruunt

1035 682 1115 716 plane
1125 681 1267 709 Athanasii
1283 681 1425 709 doctrinae.
1440 680 1491 714 Qui
1503 681 1576 708 enim
1591 681 1687 708 statuit
1698 681 1824 708 eumdem

1035 727 1173 759 ordinem,
1197 735 1278 762 quem
1300 727 1383 754 habet
1413 725 1498 753 Filius
1521 726 1555 753 ad
1581 725 1700 758 Patrem,
1726 726 1826 753 habere

1036 774 1168 809 Spiritum
1185 774 1220 801 ad
1246 773 1345 800 Filium
1362 772 1455 806 art.'9.,
1481 772 1535 808 ἐξ,
1550 777 1613 800 nota
1628 773 1667 808 5),
1692 772 1715 800 is
1737 771 1825 799 mani-

1037 821 1106 848 feste
1123 828 1176 848 non
1190 821 1301 856 negabit
1321 820 1425 854 Spiritu
1441 819 1539 846 Filium
1552 819 1648 846 eadem
1670 826 1759 846 causae
1782 825 1826 844 ra-

1039 866 1113 893 tione
1128 866 1272 900 maiorem,
1288 873 1342 900 qua
1355 866 1434 893 Pater
1447 864 1516 892 Filio
1527 865 1615 899 major
1632 864 1742 896 dicitur,
1756 870 1827 898 prat—

1037 913 1132 940 sestim
1150 920 1211 939 cum
1232 912 1300 939 ordo
1321 912 1422 947 (τάξις)
1445 911 1470 938 in
1491 911 1591 938 divinis
1607 918 1638 937 ex
1656 910 1783 945 principii
1799 915 1827 936 et

1034 958 1192 994 principiali
1223 957 1430 985 habitudinibus
1467 962 1607 992 repetatur
1638 955 1712 992 (vide
1743 963 1826 990 supra

1033 1005 1046 1040 §
1061 1006 1077 1031 6
1090 1005 1172 1040 εει-μ).

1072 1053 1168 1090 [5-H]
1197 1054 1242 1081 24.
1272 1053 1372 1081 Verum
1408 1053 1488 1080 detur
1525 1051 1682 1083 Pholianis,
1712 1059 1744 1077 ex
1774 1051 1826 1077 hoc

1037 1101 1195 1129 testimonio
1209 1105 1303 1135 utpote
1319 1099 1399 1126 unico
1427 1100 1468 1126 vel
1498 1106 1552 1125 non
1578 1097 1644 1124 satis
1671 1102 1746 1124 certo
1770 1104 1826 1123 rem

1036 1155 1089 1174 non
1102 1147 1211 1178 conﬁci,
1233 1147 1260 1173 id
1277 1154 1371 1181 parum
1388 1153 1436 1172 eos
1463 1145 1577 1179 juvabit.
1611 1143 1722 1170 Etiamsi
1754 1143 1825 1170 enim

1036 1201 1090 1220 non
1106 1193 1231 1227 explicito
1244 1192 1381 1218 diceretur
1399 1191 1484 1218 Filius
1512 1191 1599 1223 nlajor
1614 1189 1727 1223 Spiritu,
1744 1189 1827 1222 tequi-

1036 1239 1165 1274 pollentia
1183 1243 1274 1265 tamen
1292 1238 1374 1264 verba
1391 1242 1447 1264 tum
1462 1235 1602 1263 Athanasii
1626 1240 1683 1262 ttlm
1711 1235 1826 1261 aliorqu

1035 1286 1145 1313 Patrum
1166 1289 1263 1320 prazsto
1276 1290 1349 1312 sunt.
1370 1284 1502 1311 Athanas.
1521 1283 1557 1309 De
1570 1283 1674 1308 incum.
1696 1290 1725 1310 ιι.
1740 1282 1767 1314 9,
1785 1281 1827 1308 Fi-

1037 1332 1101 1359 lium
1113 1336 1190 1359 vocat
1203 1332 1294 1366 πηγὴν
1307 1331 1354 1357 τοῦ
1369 1330 1528 1364 Πνεύματος
1541 1339 1548 1362 ;
1566 1330 1613 1357 scd
1625 1330 1715 1364 πηγῆς
1726 1336 1826 1356 nomen

1037 1377 1108 1411 apud
1132 1376 1241 1403 Graecos
1254 1375 1407 1411 Thcologos
1423 1377 1472 1410 τὴν
1495 1375 1584 1402 αἰτίαν
1610 1375 1721 1402 omnino
1743 1374 1827 1409 signi-

1038 1423 1099 1450 licat
1115 1422 1173 1458 (Cf.
1188 1422 1279 1449 Petav.
1310 1423 1342 1448 de
1355 1422 1430 1448 Trin.
1449 1430 1486 1449 vn
1501 1443 1507 1455 ,
1520 1422 1558 1457 4).
1574 1421 1676 1448 Eadem
1690 1429 1756 1448 voce
1774 1420 1828 1447 titi-

1039 1475 1082 1496 tnr
1100 1469 1247 1504 Gregorius
1269 1468 1432 1504 Theologus,
1462 1469 1526 1495 dum
1558 1468 1664 1494 Patrem
1691 1467 1828 1501 ὀφθαλμὸν

1038 1516 1166 1550 appellat,
1191 1514 1288 1541 Filium
1303 1515 1404 1549 πηγὴν,
1418 1514 1550 1546 Spiritum
1562 1514 1692 1547 ποταμὸν,
1706 1520 1738 1539 ac
1765 1512 1828 1546 Spi-

1039 1561 1120 1588 ritum
1136 1561 1248 1588 exhibet
1261 1565 1291 1587 ut
1304 1560 1416 1587 ﬂuvium
1434 1568 1448 1587 c
1464 1559 1539 1586 fonte
1555 1559 1733 1594 prolluentcm
1746 1558 1826 1593 (orat.

1000 1613 1022 1644 ρ
1040 1607 1084 1638 57,
1099 1607 1132 1634 de
1159 1606 1259 1640 Spiritu
1279 1611 1380 1637 sancto,
1398 1605 1504 1640 p.'6ll,
1521 1605 1565 1633 cd.
1583 1605 1641 1631 Bill.
1665 1603 1706 1631 Cf.
1731 1608 1782 1630 art.
1799 1604 1828 1635 θ,

1037 1650 1083 1685 §6,
1100 1651 1207 1682 notati;
1223 1650 1365 1676 Constant.
1376 1649 1493 1676 Meliten.
1507 1649 1583 1675 Orat.
1595 1656 1618 1674 ρ.
1636 1648 1684 1680 9.9;
1699 1647 1826 1679 lleccum,

1038 1696 1130 1732 Epigr.
1158 1704 1182 1723 lx
1201 1705 1208 1729 ;
1233 1697 1264 1723 G.
1288 1696 1318 1723 0.
1338 1696 1370 1727 Il,
1387 1696 1448 1727 706,
1464 1696 1526 1728 707,
1539 1695 1591 1721 607
1611 1692 1681 1728 s'cq.)
1710 1693 1739 1720 Et
1756 1693 1828 1719 Pho—

1040 1743 1104 1770 tiaui
1130 1743 1185 1770 fere
1194 1743 1294 1777 ubique
1309 1743 1457 1770 inclamant
1469 1752 1474 1768 ε
1486 1742 1573 1773 Μόνῡς
1587 1742 1661 1777 πηγὴ
1681 1742 1694 1767 ὁ
1712 1740 1806 1774 Πατήρ
1820 1739 1826 1759 ν

1039 1787 1078 1815 Ile
1089 1787 1145 1823 ipsa
1161 1787 1323 1822 quandoque
1337 1786 1416 1814 Pater
1434 1795 1500 1814 unus
1518 1787 1629 1813 Deitatis
1656 1787 1715 1819 fons
1734 1784 1830 1820 appel-

1039 1834 1119 1865 latur,
1135 1833 1197 1868 quia
1224 1837 1266 1860 est
1291 1833 1372 1860 veluti
1395 1833 1482 1868 prima
1502 1833 1587 1864 radix,
1614 1840 1695 1859 causa
1722 1840 1776 1858 non
1797 1839 1830 1858 ex

1039 1888 1136 1912 causa,
1158 1879 1319 1915 principiqu
1330 1888 1384 1907 non
1398 1880 1431 1907 dc
1447 1879 1590 1915 principio,
1611 1887 1643 1906 ex
1660 1887 1713 1913 quo
1726 1878 1828 1906 omnia.

1040 1926 1140 1954 Eodem
1162 1927 1286 1953 modoita
1305 1927 1417 1958 dicitur,
1432 1931 1460 1953 ut
1479 1927 1596 1953 advertit
1609 1926 1755 1961 Gregorius
1767 1926 1829 1960 Cpl.

1040 1973 1193 2008 patriarcha
1207 1977 1301 2000 contra
1323 1972 1443 2000 Marcum
1467 1973 1612 2007 Ephesium
1630 1973 1679 2007 (8),
1698 1980 1752 2007 quo
1769 1973 1831 2007 quis

1039 2023 1261 2053 protoparentem
1278 2018 1411 2045 Aduutum
1425 2019 1527 2045 diceret
1543 2019 1628 2045 solum
1657 2025 1758 2053 patrem
1781 2019 1831 2046 htt-

1039 2063 1189 2094 manitatis,
1212 2063 1258 2097 qui
1280 2067 1354 2090 certe
1385 2063 1452 2090 alios
1477 2063 1601 2091 homines
1621 2072 1636 2090 a
1666 2064 1831 2098 pathnitato

1039 2108 1185 2136 excludere
1205 2116 1259 2135 non
1281 2109 1346 2141 vult,
1373 2110 1421 2137 sed
1439 2110 1623 2145 principaliter
1633 2111 1657 2137 ei
1679 2111 1749 2138 illam
1768 2111 1831 2137 vin-

1040 2153 1122 2185 dicat,
1139 2162 1153 2180 :1
1170 2162 1224 2189 quo
1244 2159 1329 2181 totum
1345 2163 1432 2193 genus
1453 2161 1631 2191 propagatum
1647 2161 1699 2190 est,
1728 2165 1742 2183 a
1775 2165 1832 2192 quo

1040 2201 1137 2235 reliqui
1153 2201 1289 2237 genitores
1313 2202 1339 2228 id
1352 2202 1463 2234 habent,
1481 2207 1510 2229 ut
1535 2207 1625 2237 patres
1639 2211 1700 2230 esse
1717 2208 1829 2238 queant.

1042 2246 1109 2273 Hinc
1123 2246 1301 2277 nihilominus
1314 2247 1439 2274 doctores
1450 2247 1546 2279 ϐπερὶ,
1560 2254 1591 2275 ut
1604 2249 1731 2281 vidimus,
1742 2253 1769 2276 et
1786 2249 1832 2276 Fi-

199 2291 248 2316 καὶ
261 2287 319 2320 ἴσος
331 2289 458 2316 l’atribus
470 2289 611 2316 familiaris
621 2293 673 2322 est,
687 2289 839 2324 praesertim
865 2297 926 2316 cum
952 2289 986 2316 de
1003 2284 1024 2311 D
1041 2291 1104 2318 Iillm
1128 2297 1227 2320 vocant
1254 2294 1352 2327 fontem
1381 2294 1465 2321 relate
1493 2293 1526 2321 ad
1545 2295 1675 2329 Spiritum
1694 2300 1830 2322 sanctum.

200 2335 268 2361 Filio
280 2334 439 2369 loquuntur,
451 2334 497 2368 qui
512 2334 613 2361 dicitur
623 2334 690 2368 ipsis
704 2334 793 2362 minor
806 2334 885 2361 Patre
896 2334 985 2368 (Jonn.

199 2389 254 2413 xiv,
267 2380 312 2416 28)
330 2385 456 2415 respectu
477 2380 663 2416 generationis
680 2385 708 2407 et
731 2381 842 2416 aequalis
861 2386 987 2415 respectu

201 2426 357 2454 communis
371 2431 478 2453 natura:
494 2426 584 2461 (Joan.
609 2434 636 2458 χ,
649 2426 714 2461 20);
734 2426 799 2453 illud
820 2419 877 2461 ipse
901 2426 986 2454 Atha-

199 2472 294 2500 nasius
308 2472 443 2499 declarat:
458 2472 579 2504 Μείζονα
599 2472 697 2498 ἑαυτοῦ
715 2472 760 2498 τὸν
774 2472 893 2506 ’Πατέρα
903 2473 917 2498 ὀ
930 2472 986 2498 Κύ-

201 2526 259 2554 ριος
271 2515 348 2545 εἶπεν
358 2539 365 2550 ,
380 2519 411 2544 οὐ
431 2519 539 2553 μεγέθει
552 2518 607 2546 τινὶ
617 2518 677 2545 οὐδὲ
692 2518 791 2554 χρόνῳ,
805 2518 873 2545 ἀλλὰ
884 2519 927 2545 διὰ
938 2520 987 2554 τὴν

200 2563 322 2600 seems
337 2563 384 2590 τοῦ
394 2565 500 2600 Harpe;
508 2564 647 2599 γέννησιν.
660 2564 706 2591 Sic
719 2569 746 2591 et
761 2564 881 2599 Spiritus
896 2565 986 2592 colla:-

234 2679 274 2715 (6)
291 2676 475 2715 V._Allat.Al_}§
489 2685 560 2704 cons.
578 2677 595 2704 l.
617 2685 659 2710 Ill,
679 2685 707 2712 p.
727 2677 788 2705 955.
810 2676 848 2704 Le
876 2677 987 2710 Quicn.,

198 2711 488 2748 ΟτξὸΙιν.Π,ρ,252.
572 2747 590 2748 7
870 2732 873 2735 .

235 2750 273 2785 (7)
290 2749 337 2777 His
353 2747 424 2785 adde
434 2748 558 2785 Nicetam
571 2747 670 2785 Thess.
686 2747 761 2785 Diui.
776 2755 808 2785 ιιἶ
827 2747 908 2785 (cod.
921 2747 987 2785 Yat.

201 2782 271 2813 Hi5
283 2785 303 2812 f.
320 2786 347 2816 9)
365 2789 393 2811 et
405 2784 486 2817 Greg.
498 2782 557 2818 Cpl.
580 2783 655 2817 Apol.
681 2791 706 2810 c.
727 2783 810 2810 Marci
825 2783 895 2818 Eph.
916 2783 988 2811 Con-

201 2820 265 2847 fess.
282 2820 352 2854 (cod.
366 2819 437 2846 Mon.
453 2818 487 2854 27
504 2818 523 2854 f.
542 2818 593 2854 17373
609 2818 684 2854 b.)m
718 2839 724 2844 .

237 2854 275 2888 (8)
286 2850 354 2881 Cod.
371 2854 444 2893 Ilion.
459 2853 492 2880 27
507 2853 527 2880 f.
548 2853 599 2880 120
611 2850 644 2880 1)(
655 2853 692 2879 Τὸ
708 2853 790 2888 μόνον
809 2853 901 2888 πηγὴ-ι
917 2850 988 2880 εἶναι

200 2889 247 2904 ’λιι
264 2888 372 2904 Παολλρι
388 2897 438 2904 -.ηρ
455 2887 618 2904 ι’μνε-ου-ιιικῖλιι
636 2887 761 2904 ΑεᾹο-ιισ-ιιρ
786 2889 834 2904 ιη’-υ
860 2888 985 2904 ιυΕιῖ-Ὶῖιι.

200 2887 247 2914 τὸν
264 2887 375 2924 Πατέρα.
388 2888 438 2922 τῆς
455 2887 618 2923 ὑπερθυσὶου
636 2887 761 2922 θεότητος
786 2887 846 2915 οὑκ⁷
860 2887 987 2915 ἐκϐάλλει

200 2923 247 2951 τὸν
263 2923 326 2950 Υἱὸν
340 2923 386 2950 τοῦ
408 2921 476 2950 εἶναι
508 2923 600 2958 πηγὴν
627 2923 675 2950 τθῦ
699 2923 777 2958 ἁγίου
807 2924 963 2960 [Ινεύματος
978 2933 984 2940 ”

1041 2338 1121 2366 Unde
1141 2339 1224 2366 Isaias
1236 2339 1360 2374 Cyprius,
1372 2340 1398 2366 in
1415 2340 1497 2374 epist.
1511 2341 1545 2367 ad
1560 2340 1646 2367 Nicol.
1664 2341 1829 2376 Selcngiam:

1044 2383 1132 2411 «Dicis
1160 2392 1242 2419 porro
1258 2385 1345 2412 solum
1360 2385 1463 2413 fontem
1478 2387 1751 2421 supersubstantialis
1769 2387 1832 2414 dei-

1042 2429 1104 2457 tatis
1116 2437 1176 2457 esse
1190 2429 1310 2457 Putrem.
1332 2430 1364 2458 Et
1380 2439 1429 2458 nos
1440 2431 1466 2457 id
1482 2439 1590 2466 quoqtte
1618 2432 1745 2465 fatemur,
1762 2437 1789 2461 et
1806 2437 1832 2460 te

1041 2476 1126 2502 multo
1138 2475 1237 2511 aptius,
1255 2480 1283 2503 et
1301 2481 1330 2503 ut
1347 2478 1430 2513 magis
1445 2478 1585 2514 theologos
1608 2479 1719 2506 addecet
1733 2488 1740 2512 ;
1756 2478 1831 2516 [513)

1041 2521 1087 2548 sed
1116 2520 1235 2549 fatentur
1253 2527 1383 2556 praeterea
1401 2523 1496 2550 Filium
1514 2524 1616 2551 fontem
1633 2524 1751 2558 Spiritus
1766 2532 1831 2551 san-

1041 2566 1089 2599 cti,
1112 2570 1239 2602 magnum
1273 2567 1449 2596 Athanasium
1473 2574 1499 2596 ct
1525 2569 1687 2604 Gregorium
1711 2569 1832 2596 Theolo-

1044 2690 1054 2717 ξ
1075 2681 1167 2717 Πάντα
1183 2680 1236 2716 γὰρ
1252 2682 1302 2708 ὃσα.
1322 2681 1379 2717 ἔχει
1397 2683 1410 2708 ὁ
1434 2682 1507 2714 Υῑὶς,
1528 2684 1560 2710 ὲκ
1575 2683 1622 2709 τοῦ
1643 2683 1748 2714 Πατρὸς
1762 2681 1831 2716 ἔχει,

1040 2715 1078 2754 ὡς
1093 2716 1175 2754 :16:ng
1189 2715 1256 2751 φησι
1275 2736 1285 2754 1
1305 2737 1313 2744 .
1328 2715 1459 2754 fama?
1478 2718 1512 2745 ἂν
1527 2718 1560 2754 eti
1570 2727 1610 2754 rt;
1623 2719 1669 2744 καὶ
1680 2719 1725 2745 τὸν
1744 2715 1833 2754 Ἀδὰμ

1042 2742 1121 2788 μᾷνον
1135 2742 1244 2788 [Ιᾲτὲῥα
1251 2742 1312 2788 Eri);-
1545 2742 1550 2744 '
1556 2742 1772 2787 rimi
1779 2742 1785 2743 γ

1040 2786 1114 2824 I_.é~{st
1138 2785 1196 2824 τῶνΔ
1211 2785 1510 2824 ἆνθρώτςωκρᾞατέρα,
1527 2785 1600 2824 ’ὄττερ
1620 2789 1670 2815 οὐκ
1697 2791 1731 2816 ἂν
1759 2790 1835 2818 εἶπαι

1040 2822 1149 2859 Πᾳτέρα
1161 2821 1445 2859 πάριτωγᾶνθρώπων,
1457 2821 1556 2859 «iam,
1569 2821 1616 2851 κάξ
1625 2832 1709 2859 ςινων
1720 2825 1834 2857 τούτους

1040 2857 1167 2919 λέἔεσοειι
1188 2857 1312 2897 Hart-ipa;
1327 2857 1455 2894 κωλύσει,
1471 2857 1519 2891 οὓς
1534 2857 1590 2886 “οὺκ
1609 2857 1680 2888 υἱῶν
1701 2861 1752 2888 οὐκ
1776 2861 1834 2888 ἄπ-

1040 2900 1067 2919 αι
1085 2901 1116 2919 a:
1136 2900 1224 2919 οντας.

1039 2900 1116 2923 αιοας
1136 2900 1224 2924 οντας.
