1945 3088
105 122 159 155 5‘33

458 122 507 153 DE
524 124 554 153 S.
575 123 673 154 SPIR.
692 121 943 153 MYSTAGOGIA.
958 133 992 138 -
1009 118 1383 151 ANIMADVERSIONES.

1680 115 1733 148 53‘

101 176 220 212 speciem
248 160 417 204 habitudiuis
437 177 512 204 nullo
526 177 606 205 modo
621 176 739 211 Spiritus
751 176 794 202 rel
807 175 893 202 Filius
908 181 930 209 Α
945 178 1002 200 tum
1019 173 1103 200 infert
1117 172 1251 204 ﬁliationi,
1269 171 1341 206 quod
1356 178 1410 197 non
1425 177 1477 204 qua
1489 170 1573 197 Filius
1589 170 1669 204 spirat
1689 169 1735 196 Fi-

100 231 135 250 ex
151 222 230 249 Patre
256 223 412 258 prodeunt;
431 230 525 250 eorum
551 222 623 250 enim
649 223 764 257 quisque
785 227 892 249 creator

100 275 153 302 est,
169 277 224 297 non
240 275 398 297 creatura...
422 270 504 304 Igitur
528 270 550 298 si
574 278 656 298 causa
671 274 698 297 et
723 270 891 298 causativum

101 315 265 350 (causamin)
280 316 428 342 secundum
446 315 616 342 dill‘erentem
630 316 817 343 habitudinem
831 315 891 350 Spi-

100 361 171 388 ritus
196 361 264 387 Filio
279 361 448 395 Spirituique
468 361 653 396 competentia
666 362 768 388 nullam
782 362 809 388 in
835 361 892 388 eis-

101 408 162 434 dem
177 408 281 436 faciunt
303 409 539 443 compositionem,
555 410 743 441 manifestum,
757 409 829 443 quod
842 416 892 436 ne-

101 462 154 489 que
168 454 255 482 Filius
271 462 304 481 ex
319 462 353 482 eo
363 456 434 490 quod
451 456 577 484 similiter
593 456 666 483 Patri
681 456 799 490 Spiritus
812 463 892 483 causa

101 504 285 535 nuncupetur,
310 501 534 536 compositionem
561 503 685 530 habeat»
713 502 762 529 Hic
775 509 893 536 sequens

102 546 191 573 Photii
220 553 410 582 argumentum
436 549 472 583 (c.
488 549 534 584 45)
563 557 617 584 quo
641 549 731 585 arguit
745 556 889 576 causarum

101 592 259 620 dualitatem
283 593 397 620 minime
413 601 565 629 congruere
578 595 674 622 unitati
689 600 716 622 et
726 594 892 629 simplicitati

103 640 223 676 Spiritus
250 641 335 668 sancti
362 641 487 677 hancque
516 643 587 670 illam
612 643 766 674 excludere,
791 643 894 678 pariter

102 686 299 721 expediendum
316 693 376 720 est;
398 696 482 715 unum
509 697 574 716 sane
593 695 636 717 est
650 689 824 724 principium,
840 698 893 718 una

101 733 189 760 virtus
205 738 231 760 et
242 734 313 761 actio
323 734 451 768 spirativa
467 743 554 770 eaque
566 735 691 770 simplex,
709 743 781 763 unus
793 741 821 763 et
829 737 893 764 sim-

102 780 164 814 plex
178 784 219 807 est
234 780 315 815 hujus
338 781 454 808 actionis
475 782 620 809 terminus.
642 782 681 810 Ad
703 782 729 810 id
749 783 820 818 quod
836 782 894 810 Me-

103 826 245 854 lhonensis
271 827 328 854 ait:
348 827 440 860 «Quod
465 836 499 856 ex
514 828 621 856 duobus
645 834 697 861 est,
713 830 737 857 ei
755 830 827 865 quod
859 838 890 858 ex

103 880 159 899 uno
182 877 298 905 tantum,
312 882 451 909 nunquam
469 879 510 903 est
524 875 653 910 aequale»
669 876 736 903 scite
747 876 894 911 respondet

103 919 181 956 Hugo
190 920 352 949 Etherianus
367 922 397 955 (l.
411 921 443 955 ll,
460 930 484 949 c.
503 922 545 954 l2,
562 930 588 957 p.
608 922 687 957 1226)
703 928 890 958 argumentutr
911 939 929 954 ι,

103 966 140 994 ita
164 971 324 1002 retorquens
344 977 351 996 :
371 977 380 993 ι
400 968 477 1001 Quod
491 976 525 995 ex
549 976 614 1001 uno,
638 969 662 996 ei
685 969 757 1004 quod
772 977 804 996 ex
820 969 894 996 nullo

102 1016 301 1048 est,nunquam
317 1018 359 1041 est
371 1014 482 1048 :equale.
494 1013 529 1041 At
543 1022 608 1041 vero
618 1013 701 1042 Filius
712 1022 745 1041 ex
756 1023 812 1042 uno
823 1015 892 1048 solo,

83 1058 86 1060 “
103 1057 183 1086 Patre
199 1060 270 1093 scil.,
281 1060 325 1095 qui
341 1067 356 1087 a
371 1060 445 1087 nullo
458 1060 539 1087 habet
552 1061 756 1094 exsistentiam;
774 1061 894 1096 inaequa-

103 1106 143 1132 les
155 1111 220 1133 sunt
236 1113 302 1141 ergo
316 1106 396 1134 Pater
410 1111 437 1134 et
452 1106 562 1135 Filius.)
578 1108 631 1135 Sed
653 1117 662 1133 ι
684 1116 739 1135 non
752 1114 815 1136 sunt
835 1110 893 1137 haec

103 1151 131 1178 in
152 1152 334 1185 quantitatum
351 1153 530 1187 proprietate,
562 1153 626 1187 quia
647 1161 736 1188 neque
764 1161 892 1182 mensura

103 1204 192 1232 neque
206 1199 342 1232 quantitas
358 1198 384 1224 in
397 1198 495 1226 divinis
511 1203 563 1226 est.

138 1243 184 1269 28.
205 1253 214 1269 ι
231 1243 285 1270 Sed
301 1244 386 1271 Filius
400 1253 476 1272 suam
497 1250 589 1272 servat
601 1245 806 1281 proprietatem,
822 1248 892 1275 ﬁlia-

104 1289 219 1321 tionem,
235 1293 261 1316 et
276 1289 394 1324 Spiritus
422 1298 497 1318 suam
523 1292 725 1326 preccssionem
740 1301 774 1320 ex
789 1293 868 1321 Patre
882 1303 889 1327 ;

103 1339 133 1363 et
161 1336 233 1363 sicut
251 1336 369 1371 Spiritus
391 1345 407 1364 a
423 1337 502 1366 Patre
525 1340 677 1374 procedens
698 1341 798 1369 nullam
822 1342 891 1370 aeti-

104 1389 165 1408 vam
183 1382 390 1416 productionem
416 1384 458 1411 vel
475 1385 677 1420 generationem
696 1388 827 1422 possidet,
854 1389 889 1416 ita

104 1435 155 1455 nec
179 1428 263 1456 Filius
284 1436 298 1456 a
314 1428 394 1457 Patre
412 1430 518 1466 genitus
542 1432 630 1460 activa
650 1434 823 1468 generatione
848 1436 890 1463 vel

103 1473 252 1501 emissione
262 1475 468 1511 praerogativam
483 1477 620 1505 ﬁliationis
635 1479 771 1506 adulterat
790 1490 799 1506 ι
817 1481 889 1515 (cap.

943 220 1017 252 lius;
1034 227 1122 253 neque
1140 219 1212 246 enim
1229 218 1323 244 filiatio
1337 216 1452 244 ulterius
1462 224 1490 243 sc
1506 216 1637 248 extendit,
1652 223 1733 250 quam

943 265 1073 292 diximus.
1086 263 1148 291 llaéc
1159 268 1255 291 contra
1269 263 1390 290 Nicetam
1407 262 1565 298 Byzantium
1590 262 1644 297 (17)
1658 267 1734 288 notat

944 310 1021 345 llugo
1047 309 1212 337 Etherianus
1237 308 1267 343 (1.
1291 317 1309 335 I.
1331 315 1355 335 c.
1377 307 1420 340 17,
1445 315 1472 342 p.
1493 307 1584 340 12M),
1602 307 1734 335 obscurus

943 354 1092 386 interdum,
1116 355 1162 382 sed
1178 362 1317 388 nunquam
1342 353 1399 380 sale
1427 357 1454 379 et
1473 352 1599 379 acumine
1626 353 1734 386 penitus

943 401 1103 428 destitutus.
1122 410 1132 426 ι
1148 400 1260 432 ρυςιπίι,
1276 408 1337 434 qua),
1351 398 1557 426 exhzereditatio
1573 397 1634 429 ista,
1650 397 1734 424 ctFi-

943 447 972 474 lii
983 446 1189 478 detrimentum,
1206 450 1235 473 ut
1253 454 1305 472 non
1318 445 1345 471 in
1370 452 1399 471 eo
1414 444 1482 476 quod
1496 442 1582 469 Filius
1594 443 1673 469 Pater
1689 443 1733 469 sit.

944 493 1020 526 Quod
1034 493 1143 528 quidem
1161 493 1337 528 quaerendum
1352 499 1408 519 non
1425 495 1493 522 erat,
1511 490 1558 518 sed
1582 490 1668 517 multo
1683 490 1734 516 mi-

945 548 998 566 nus
1017 539 1200 571 inferendum,
1218 543 1248 566 ut
1266 546 1298 566 ex
1313 537 1437 573 pluribus
1448 537 1509 564 aliis
1523 536 1608 564 videri
1624 540 1733 571 potest;

944 585 1024 612 velut
1038 585 1060 612 si
1074 584 1154 612 Pater
1171 585 1199 611 in
1215 592 1249 611 eo
1263 584 1336 619 quod
1352 583 1438 610 factor
1452 582 1537 610 ﬁliuni
1551 582 1681 609 factorem
1695 590 1737 608 os-

945 630 1040 657 tendat
1056 630 1159 665 (omnia
1181 629 1254 657 enim
1270 637 1319 664 per
1336 629 1425 663 ipsum
1441 628 1511 655 facta
1527 627 1614 661 sunt),
1636 634 1735 654 ncces-

943 676 1045 704 sarium
1070 677 1114 707 sit,
1136 676 1234 703 Filium
1259 675 1367 702 Patrem
1393 682 1454 701 esse
1479 674 1512 701 ad
1537 672 1734 701 ostendendum

944 730 1007 749 eum
1027 721 1103 758 [325]
1123 722 1150 748 in
1180 729 1213 748 eo
1231 721 1303 756 quod
1329 720 1416 747 factor
1441 720 1604 755 genitorem,
1631 718 1735 746 nullum

943 776 1010 796 vero
1027 769 1221 795 detrimentum
1237 767 1309 795 circa
1337 766 1455 793 divinam
1469 769 1593 792 naturam
1612 764 1735 792 invenia-

944 819 1009 841 tur:
1036 822 1097 849 qua).
1125 813 1238 845 fallacia,
1258 813 1280 840 si
1299 813 1333 840 de
1356 812 1398 839 his
1411 819 1472 846 quae
1500 811 1571 846 apud
1589 818 1639 838 nos
1660 815 1734 851 sunt2

948 858 1103 893 exemplum
1123 862 1257 889 sumatur,
1272 856 1443 891 apertissima
1457 855 1562 882 esthoc
1581 855 1679 882 modo:
1706 854 1735 881 Sl

947 908 1025 938 pater
1051 903 1078 929 in
1093 911 1126 930 eo
1145 903 1217 938 quod
1241 902 1351 937 desipit,
1369 901 1454 928 lilium
1474 901 1643 928 demonstrat
1668 900 1735 926 insi-

947 949 1079 984 pientem,
1107 948 1181 975 nulla
1210 952 1285 975 certo
1302 947 1408 974 videtur
1429 946 1578 973 necessitas
1600 944 1666 972 fatui
1686 944 1735 971 lilii

947 996 1153 1031 generationem
1170 995 1281 1027 inferre,
1297 1003 1331 1022 ne
1348 994 1394 1021 fiat
1411 998 1530 1028 paternze
1541 993 1734 1020 detrimentum

946 1041 1089 1069 fatuitatis.
1108 1041 1175 1068 Puto
1185 1041 1210 1067 in
1224 1040 1309 1076 ﬁgura
1324 1039 1451 1067 dictionis
1469 1037 1627 1073 hujusmodi
1642 1044 1736 1072 pecca-

948 1091 1003 1113 tum
1031 1086 1151 1119 ohvolvi,
1167 1093 1200 1113 eo
1215 1085 1286 1120 quod
1301 1093 1357 1112 non
1381 1084 1453 1112 idem
1467 1083 1562 1111 eadem
1583 1086 1736 1118 exponatur

946 1131 1181 1166 interpretatione.
1195 1129 1302 1156 Etenim
1318 1128 1434 1164 hujusce
1447 1127 1605 1156 consecutio
1614 1127 1736 1153 substan-

946 1175 1051 1201 tialium
1079 1179 1131 1208 est,
1147 1183 1197 1201 non
1211 1175 1420 1210 proprietatum;
1448 1173 1518 1208 quod
1533 1173 1647 1200 reclusis
1668 1180 1735 1199 con-

945 1220 1059 1248 siderari
1071 1225 1160 1255 potest
1179 1220 1309 1252 latibulis,
1330 1220 1352 1247 si
1368 1219 1468 1247 omissa
1485 1219 1614 1254 religione
1627 1218 1660 1245 ad
1674 1225 1734 1245 mo-

944 1267 1035 1294 dicum
1055 1267 1146 1294 divina
1162 1271 1281 1294 mentem
1298 1266 1331 1293 ad
1349 1266 1460 1293 humani
1483 1265 1591 1301 generis
1603 1272 1735 1300 propaga-

945 1312 1048 1340 tionem
1081 1312 1141 1347 quis
1167 1316 1285 1339 revocet.
1319 1311 1417 1338 Nonne
1441 1311 1586 1346 cujuslibet
1617 1310 1736 1337 hominis

943 1357 1026 1389 ﬁlius,
1049 1365 1110 1385 cum
1136 1358 1237 1390 omnia,
1264 1365 1324 1392 qua:
1347 1357 1417 1392 patri
1444 1355 1632 1384 substantialia
1659 1361 1733 1387 sunt,

944 1394 1053 1434 habitat.
1071 1410 1166 1429 eorum
1183 1410 1243 1437 qua:
1258 1402 1321 1429 talia
1336 1410 1390 1429 non
1410 1406 1483 1433 sunt,
1501 1401 1640 1428 minimam
1654 1400 1736 1427 inter-

943 1449 1018 1482 dum,
1047 1450 1197 1484 portioncm
1222 1449 1345 1476 retinet?
1372 1449 1401 1475 Si
1428 1448 1497 1475 l’atri
1523 1446 1734 1475 substantialitcr

943 1495 981 1531 (id
1002 1500 1046 1522 est
1059 1499 1188 1530 tanquam
1205 1495 1368 1528 substantia)
1389 1495 1490 1522 inesset
1506 1494 1567 1521 Filii
1595 1493 1733 1529 generatio

104 1520 161 1555 46).
172 1520 451 1575 Snaneproprietatem
472 1523 722 1552 characteristicam
735 1530 792 1552 tum
808 1526 892 1555 Filius
906 1532 926 1560 c
1531 1520 1619 1566 rFriliirs
1645 1539 1734 1572 ipsum

104 1571 162 1593 tum
183 1567 298 1601 Spiritus
319 1573 430 1596 sanctus
443 1569 524 1597 etiam
543 1569 570 1597 in
586 1570 745 1599 Latinorum
769 1572 893 1601 doctrina

102 1617 285 1646 conservant;
313 1621 406 1642 verum
426 1615 499 1650 quod
526 1616 570 1643 hic
586 1617 687 1644 nullius
712 1625 835 1652 personae
858 1619 894 1647 sit

104 1658 280 1694 principium,
294 1659 339 1687 ille
350 1668 415 1687 vero
430 1668 491 1688 cum
508 1661 588 1689 Patre
602 1663 637 1690 sit
650 1663 814 1698 principium
831 1664 894 1699 Spi-

103 1704 181 1735 ritus,
204 1705 230 1732 id
250 1705 283 1732 ad
306 1706 430 1734 neutrius
455 1708 630 1735 constitutiva
656 1709 785 1744 pertinet.
810 1710 890 1737 Nulla

103 1754 236 1783 praetcrea
264 1750 292 1777 in
315 1758 348 1778 eo
378 1756 422 1778 est
440 1753 630 1785 contradictio,
657 1754 730 1788 quod
752 1753 835 1781 Filius
857 1756 893 1783 sit

103 1796 268 1831 principium
285 1797 366 1824 simul
388 1802 415 1825 et
431 1798 634 1834 principiatum,
652 1801 714 1834 quia
730 1809 784 1828 non
800 1807 841 1829 est
857 1803 891 1830 ad

103 1842 175 1869 idem
189 1850 237 1869 seu
248 1843 280 1870 ad
296 1843 421 1871 eamdem
436 1851 580 1879 personam
598 1846 674 1880 (15);
689 1853 813 1882 respectu
830 1849 891 1883 qui-

102 1888 165 1915 dem
188 1887 263 1924 [5'22]
287 1889 376 1916 Patris
397 1894 438 1918 est
462 1892 593 1924 αἰτιατὸς,
620 1898 746 1927 respectu
772 1893 892 1928 Spiritus

102 1934 186 1966 αἴτιος
200 1935 254 1970 (l6)
268 1943 276 1968 ;
289 1936 371 1964 habet
382 1945 446 1973 ergo
455 1937 541 1965 solum
550 1938 719 1966 diil‘erentem
731 1940 890 1967 relationem

103 1982 137 2008 ad
152 1982 259 2010 Patrem
274 1988 302 2010 et
316 1983 350 2010 ad
368 1983 510 2018 Spiritum.
525 1984 604 2012 Nulla
618 1985 736 2020 denique
751 1986 778 2012 in
791 1994 824 2013 eo
848 1991 890 2013 cst

103 2026 241 2055 tiliationis
265 2028 436 2062 adulteratio,
458 2029 530 2064 quod
552 2029 683 2065 Spiritum
703 2031 787 2059 Filius
805 2032 890 2066 spirat

102 2080 164 2099 cum
180 2073 278 2107 Patre;
294 2074 388 2102 ﬁliatio
402 2075 474 2102 enim
497 2076 639 2104 constituit
649 2084 711 2104 eum
727 2077 754 2104 in
770 2085 831 2106 esse
844 2077 889 2104 Fi-

103 2118 132 2145 lii
151 2124 179 2146 et
193 2119 303 2147 denotat
326 2120 385 2155 ejus
400 2121 558 2149 relationem
574 2122 608 2150 ad
624 2123 733 2150 Patrem
761 2129 865 2151 tantum
879 2133 886 2158 ;

103 2172 193 2199 neque
211 2165 328 2199 Spiritus
349 2167 436 2194 sancti
451 2167 523 2195 ﬁlius
543 2167 627 2195 Filius
643 2173 694 2200 est,
710 2177 799 2204 neque
819 2178 886 2205 qua-

102 2215 178 2237 tenus
201 2210 285 2237 Filius
300 2211 360 2246 ejus
382 2212 509 2246 spirator.
531 2213 642 2241 Nullum
663 2214 714 2242 hoc
739 2215 889 2242 detrimen-
906 2206 928 2233 Ῑ)

139 2276 194 2318 αξ)
214 2276 295 2318 Geor.
312 2278 434 2318 Sch‘olar.
451 2279 547 2318 Ceutra
563 2280 648 2318 Merc.
673 2281 768 2316 I'Iplzes.
793 2283 888 2318 syllog.

104 2312 134 2353 i._
157 2312 329 2353 ((ξοάηΜοη.
358 2314 391 2353 g7
414 2314 433 2341 r.
451 2316 497 2353 18]
520 2315 547 2353 b_.
575 2316 626 2353 {se
640 2318 677 2353 at.)
697 2312 890 2353 ’Ἀντικεῐμεόα

127 2345 211 2389 svo-51v
228 2347 281 2373 etot
296 2348 326 2388 ἐδ
339 2349 425 2389 ᾳῖτιον
447 2350 495 2389 κα).
512 2350 547 2389 ⁵ιιτὺ
563 2345 704 2389 ςιιτιατᾷνἱ
727 2353 774 2379 καὶ
850 2353 890 2389 τῷ

131 2381 162 2422 ἰῷ
177 2380 245 2422 sive:
255 2383 354 2422 euinci
366 2392 449 2422 φασιγ
465 2385 488 2411 οἱ
504 2385 674 2422 Δατζνοιλκαὶ
691 2380 749 2422 ἅμα
762 2397 769 2403 ·
787 2388 845 2414 ἀλλ’
859 2380 889 2414 οὖ

104 2416 214 2457 τξρὸςίτὸ
227 2418 359 2457 ,αὑτὴριᾳῇ
373 2416 529 2457 ὡσςιύτῳε”
550 2419 580 2457 go
594 2420 644 2454 μὲν
660 2416 718 2457 γάρ’
737 2423 795 2449 ἐστι
823 2423 891 2457 πρὸς

104 2450 151 2492 Ξὺν
164 2451 281 2492 ῌατέρα,
291 2453 320 2479 τὸ
331 2454 360 2492 ῥὲ
374 2455 442 2492 πρὸς
452 2450 604 2492 tenuat-{ga-
616 2463 629 2492 '_
636 2450 683 2483 κάὶ
696 2450 763 2492 ¹ἲτρὺς
780 2458 830 2492 μὲν
844 2450 891 2484 ubi!

104 2485 212 2527 ηατέρρε
226 2485 373 2527 few-quiti,
390 2485 457 2527 ᾖρᾷς
468 2489 496 2515 δὲ
511 2489 541 2527 si)
560 2485 886 2527 flveﬁuurnéofi'lﬁumhg'

103 2521 175 2561 ρῦτω
189 2521 217 2563 δέ
238 2522 300 2548 οὐδὲ
325 2521 455 2551 ἀδύναὲόν
472 2532 500 2550 τι
517 2521 752 2558 ἕπεται,ὀὺδὲ’τὸ
779 2521 887 2562 ἆξιωμὲι

103 2563 166 2581 αναι
186 2564 266 2583 ειται.

140 2564 288 2632 (ὶςὶῌίῖςξιῃ
315 2593 578 2632 ScholariusApaulo
606 2599 670 2632 ante
697 2595 778 2624 citata
809 2598 891 2625 verba

104 2626 365 2672 Exempyloilluslt’rat
379 2638 385 2656 :
413 2626 510 2672 Ἦχᾲρ
527 2631 667 2672 purpuras
688 2632 735 2672 γα).
749 2633 765 2672 ῃ
781 2633 889 2672 -ρῑὸτῃς,

104 2660 167 2702 me.
177 2661 263 2702 αξτιιον
274 2663 299 2689 εὶ
308 2663 456 2702 βούλει-καὶ
463 2660 635 2702 societates),
645 2660 681 2702 ἶῆν
692 2667 721 2702 ἒν
731 2660 770 2702 τῷ
781 2660 888 2694 Ὶσαάξξί

106 2695 174 2737 dum
187 2697 253 2737 δξότι
267 2695 335 2737 πρὸς
364 2699 431 2737 ᾀλλο-
443 2700 490 2737 xui.
505 2700 568 2737 ᾄλλο
587 2695 665 2737 coiit"
680 2695 762 2736 eixev,
779 2703 891 2737 θάτερον

107 2730 158 2773 ιάὲν
175 2732 236 2773 lup
352 2734 397 2773 ¹ξὺν
420 2735 571 2773 ξΑξρτιςξιμ,Δ
587 2730 831 2773 θᾲτερονῖὲδπρὸς
845 2730 891 2765 2τὸν

113 2765 289 2805 iamiam
303 2767 337 2805 ἦν
353 2770 369 2805 ἡ
387 2770 434 2796 τοῦ
456 2765 718 2804 ἰὶςαάὶι’ῡπόστᾱισις,
730 2780 757 2799 κ.
771 2765 796 2799 τ’.
811 2765 836 2800 Χ.

142 2802 197 2842 (⁸17)
210 2802 512 2842 Nicette'argumentum
524 2807 594 2840 apud
610 2802 749 2842 llugonem
764 2808 815 2835 tale
833 2814 889 2835 est:

111 2845 121 2863 ι
141 2837 195 2867 Aut
209 2847 263 2868 non
280 2849 314 2868 ex
330 2837 411 2869 causa
425 2837 558 2869 exsistens
573 2837 752 2871 habet'l‘ilius
767 2843 888 2879 Spiritus

946 1585 1018 1612 idem
1033 1591 1129 1612 nactus
1151 1585 1232 1617 foret,
1245 1584 1310 1620 quin
1331 1585 1412 1612 etiam
1431 1589 1458 1612 et
1474 1583 1591 1619 Spiritus
1612 1587 1733 1614 sanctus,

944 1632 1039 1659 et'hoc
1056 1632 1084 1658 in
1107 1631 1242 1658 inﬁnitum
1258 1639 1266 1663 ;
1282 1631 1329 1657 sed
1347 1630 1457 1665 (neque)
1473 1630 1553 1656 Pater
1568 1629 1594 1655 in
1611 1636 1643 1656 eo
1662 1629 1733 1664 quod

942 1679 1092 1705 substantia
1119 1682 1231 1713 generat
1252 1682 1299 1705 aut
1314 1677 1445 1712 Spiritum
1462 1677 1571 1709 emittit,
1590 1684 1678 1711 neque
1706 1676 1733 1702 in

942 1731 974 1751 eo
991 1723 1063 1758 quod
1088 1723 1159 1751 Deus
1177 1723 1275 1750 aFilio
1298 1724 1340 1751 vel
1359 1731 1375 1750 a
1401 1723 1501 1758 Spiritu
1528 1723 1635 1756 differt;
1661 1729 1734 1749 unus

942 1770 1015 1796 enim
1029 1775 1057 1796 et
1073 1769 1144 1797 idem
1169 1769 1241 1796 Deus
1255 1770 1284 1796 hi
1298 1773 1352 1797 tres
1367 1774 1451 1801 sunt;
1469 1769 1516 1796 sed
1528 1769 1554 1796 in
1569 1776 1602 1796 eo
1624 1769 1732 1803 quidem

941 1815 1014 1850 quod
1036 1815 1117 1842 Pater
1135 1819 1257 1850 generat,
1282 1822 1298 1841 a
1313 1813 1382 1842 Filio
1397 1813 1508 1847 dilfert;
1526 1814 1553 1841 in
1582 1821 1616 1840 eo
1641 1818 1732 1840 autem

941 1861 1014 1896 quod
1026 1861 1137 1893 emittit,
1152 1869 1167 1887 a
1181 1860 1283 1895 Spiritu
1297 1860 1362 1887 sola.
1375 1860 1433 1894 Qua
1448 1860 1482 1888 de
1496 1868 1526 1887 re
1543 1859 1730 1892 manifestum,

941 1906 1013 1941 quod
1030 1914 1109 1941 penes
1125 1906 1316 1933 substantialia
1340 1910 1445 1933 tantum
1459 1905 1520 1933 talis
1539 1905 1629 1932 locum
1650 1905 1733 1932 habet

941 1952 1108 1979 consecutio.
1136 1951 1204 1978 Nam
1224 1951 1404 1979 indubitabile
1425 1956 1467 1979 est
1486 1951 1644 1986 personales
1674 1951 1732 1978 sive

941 1996 1126 2032 hypostaticas
1147 1996 1331 2031 proprietates
1365 1997 1590 2032 impermutabiles
1625 2004 1684 2024 esse
1705 2000 1732 2023 et

940 2050 1036 2070 earum
1066 2042 1295 2077 permutationem
1311 2047 1411 2070 tantam
1424 2043 1612 2071 confusionem
1629 2048 1657 2070 et
1674 2042 1732 2070 dis-

939 2088 1102 2123 paritionem
1119 2095 1298 2123 personarum
1310 2088 1411 2120 facere,
1422 2088 1520 2123 quibus
1534 2088 1598 2116 solis
1616 2088 1732 2115 cireum-

940 2133 1050 2169 scriptis
1063 2133 1192 2160 omnibus
1201 2133 1262 2161 aliis
1276 2134 1436 2162 diﬂ‘erentes
1450 2138 1653 2169 cognoscuntur
1669 2141 1732 2168 per-

940 2187 1035 2212 some;
1062 2184 1090 2206 at
1112 2187 1193 2207 causa
1206 2185 1244 2210 et,
1268 2184 1298 2207 ut
1325 2180 1362 2208 ita
1377 2181 1475 2210 dicam,
1500 2181 1680 2211 causativum,
1703 2183 1731 2206 et

941 2225 1049 2252 mittere
1073 2229 1101 2252 et
1115 2225 1196 2256 mitti,
1217 2229 1245 2252 et
1266 2233 1347 2260 quam
1362 2225 1463 2270 pluria
1475 2226 1535 2252 alia:
1561 2225 1730 2260 [typastatiuz

941 2289 1055 2316 emissor
1076 2297 1138 2316 esse
1154 2294 1202 2316 aut
1226 2297 1258 2317 ex
1281 2298 1363 2317 causa
1384 2296 1531 2320 exsmtens,
1559 2289 1638 2318 Patre
1666 2291 1726 2320 scil.

941 2324 1022 2358 Atqui
1041 2324 1063 2350 si
1082 2332 1132 2351 non
1155 2325 1290 2352 exsistens
1313 2333 1345 2351 ea;
1370 2333 1462 2356 coma,
1487 2329 1568 2352 erunt
1585 2333 1679 2353 rursus
1699 2327 1727 2354 in

941 2359 1074 2386 Trinitate
1087 2359 1149 2395 iduro
1173 2359 1302 2395 principia
1328 2364 1355 2395 et
1378 2361 1439 2387 duae
1463 2367 1563 2387 causae.
1589 2359 1616 2386 Si
1635 2365 1728 2388 autem

941 2402 972 2421 ex
991 2394 1171 2429 causarFilius
1186 2394 1321 2422 exsistens
1336 2394 1455 2429 Spiritus
1469 2395 1584 2422 emissor
1602 2396 1646 2428 sit,
1668 2403 1727 2422 om-

941 2429 1007 2455 nino
1021 2436 1052 2456 ea:
1068 2428 1149 2456 Patre
1159 2429 1210 2456 hoc
1221 2430 1333 2457 sortitus
1346 2428 1421 2457 est...
1435 2430 1481 2456 Sin
1495 2435 1586 2457 autem
1599 2438 1631 2457 cx
1647 2430 1726 2458 Patre

941 2464 994 2491 hoc
1007 2463 1098 2494 habet,
1111 2470 1171 2498 quae
1184 2469 1227 2491 est
1245 2465 1296 2492 ista
1311 2465 1506 2492 exhwreditatio
1530 2469 1558 2492 et
1582 2466 1726 2492 detrimen-

942 2503 996 2535 [ψῃ
1015 2498 1106 2532 fitialis
1127 2499 1293 2530 exsistentt‘re,
1319 2504 1348 2527 ut
1369 2508 1420 2527 non
1447 2500 1474 2526 in
1499 2509 1528 2528 eo
1551 2501 1620 2535 quod
1642 2501 1726 2528 Filius

941 2532 1039 2560 Filium
1060 2538 1181 2568 generet.
1198 2539 1225 2561 et
1246 2535 1326 2561 Pater
1348 2539 1500 2567 censeatur,
1522 2532 1583 2563 cuin
1601 2536 1680 2564 Pater
1697 2536 1725 2563 in

942 2575 974 2594 eo
983 2568 1055 2602 quod
1066 2568 1182 2595 emissor
1191 2568 1288 2596 Filium
1302 2577 1397 2597 rursus
1410 2570 1568 2598 emissorem
1584 2571 1726 2599 ostendat?

943 2602 972 2629 Si
981 2603 1053 2630 enim
1060 2610 1094 2629 ex
1102 2603 1179 2640 Patre
1189 2603 1324 2640 indemnis
1332 2609 1374 2640 est
1382 2604 1441 2632 Filii
1447 2606 1586 2639 generatio
1593 2606 1725 2640 Spiritus-

941 2645 994 2671 que
1011 2638 1160 2672 processio,
1176 2639 1403 2672 quemadmodum
1413 2638 1528 2667 emissor
1537 2638 1621 2668 Filius
1631 2646 1724 2667 osten-

941 2673 1021 2699 detur
1035 2681 1043 2700 :
1056 2679 1169 2700 necesse
1185 2674 1306 2705 omnino,
1325 2679 1355 2701 ut
1370 2675 1563 2702 detrimentum
1589 2675 1658 2702 circa
1683 2676 1725 2702 di«

941 2707 1031 2744 vina_m
1046 2711 1235 2744 naturainrnon
1250 2709 1403 2736 inveniatur
1410 2710 1483 2744 quod
1494 2714 1605 2744 generet
1614 2709 1724 2742 Filium,

941 2747 969 2768 et
987 2742 1024 2780 _sit
1047 2743 1215 2780 neposhinc
1244 2742 1454 2780 complasmatus
1476 2742 1590 2780 aliquis.
1610 2752 1671 2771 cum
1697 2749 1725 2772 et

940 2777 1056 2804 emissor
1072 2776 1188 2810 Spiritus
1205 2778 1231 2804 in
1246 2787 1275 2805 eo
1290 2776 1358 2813 quod
1381 2788 1413 2806 ea:
1433 2776 1529 2812 Patre,
1544 2779 1627 2806 Filius
1644 2788 1724 2806 mou-

942 2816 1064 2851 stretur;
1092 2813 1163 2845 quod
1189 2813 1211 2840 si
1224 2813 1266 2851 ita
1289 2819 1339 2846 est,
1357 2815 1499 2851 congeries
1525 2814 1672 2849 impietatis
1696 2819 1725 2844 et

943 2846 1076 2881 profunda
1089 2853 1206 2884 emerget
1222 2847 1307 2876 fovea.
1326 2859 1335 2875 ι
