1945 3088
196 101 249 134 539

762 96 894 128 PHOTIl
909 96 1165 127 PATRIARCH/E
1184 95 1238 126 ΟΡ.

1766 88 1815 122 540

196 154 266 181 ratio
292 152 502 189 proccssioqne,
530 151 577 179 sed
604 150 757 186 concipitur
783 152 924 186 generatio
952 155 982 178 ut
997 158 1019 185 Α
1033 150 1174 185 ceptiones
1187 153 1214 176 et
1226 147 1350 177 veritatis
1361 155 1450 175 sermo
1461 147 1590 176 declarat.
1607 156 1615 174 ι
1630 147 1669 175 Ad
1684 147 1742 175 hac
1754 154 1812 174 vero

195 199 353 234 praecedens
383 197 597 234 processionem.
616 197 646 223 ln
667 201 729 224 actu
745 204 811 224 vero
829 197 981 231 processio-

196 245 239 272 nis
262 244 343 271 simul
364 244 499 279 spirantes
520 243 712 277 concipiuntur
731 242 810 269 Pater
829 246 857 269 et
878 241 979 275 Filius,

196 291 260 317 dum
278 290 383 324 spirant
404 293 435 316 ut
456 296 540 315 unum
566 288 747 323 principium,
766 288 844 315 unica
865 288 980 320 virtute,

197 337 276 363 unica
294 334 461 370 operatione.
486 343 495 359 ι
524 333 585 360 Νοη
609 339 646 361 est
669 333 786 368 Spiritus
805 339 925 365 sanctus,
943 335 982 361 ait

194 381 339 408 Anselmus
357 380 405 415 (De
418 388 530 414 process.
545 379 638 415 Spirit.
653 381 747 412 sancti,
761 388 786 407 c.
803 380 846 414 1(5)
861 381 933 414 prius
949 381 981 407 de

194 427 274 454 Patre
294 435 374 462 quant
388 427 420 453 de
435 426 518 457 Filio,
533 434 579 452 nec
595 427 627 453 de
646 426 713 453 Filio
732 434 811 461 quam
828 425 860 452 de
881 424 980 459 Patre;

193 478 245 498 nec
261 470 347 504 major
367 477 416 497 nec
438 469 527 496 minor
537 474 579 497 est
593 470 728 497 exsistens
744 469 777 496 de
793 469 883 502 Patre,
899 477 980 504 quam

193 514 327 542 exsistens
339 514 373 542 de
385 514 463 546 Filio,
477 522 529 541 nec
539 514 626 549 magis
637 521 688 541 nec
704 513 794 541 minus
808 519 850 541 est
864 515 898 541 de
913 522 980 546 uno,

192 567 274 594 quam
291 559 325 586 de
342 559 438 587 altero.
461 569 470 585 ι
491 559 517 586 ld
533 564 610 594 urget
626 564 721 586 contra
738 559 862 587 Nicetam
876 560 979 595 Byzan-

193 605 260 632 tium
276 604 352 640 Hugo
369 605 534 632 Etherianus
547 607 577 640 (l.
596 614 628 637 ι..
645 613 670 633 c.
687 605 730 638 15,
746 614 772 640 p.
792 605 870 638 1208,
887 606 977 640 1209).

191 652 442 687 Argumentabatur
455 652 499 679 ille
514 652 587 679 hunc
599 652 625 679 in
640 651 750 679 modum
764 661 771 678 :
791 661 799 676 I
818 652 846 678 Si
861 652 979 687 Spiritus

190 704 224 724 ex
245 696 324 724 Patre
344 696 467 731 Filioque
484 698 625 732 procedit,
638 705 751 725 necesse
770 702 820 729 est,
836 702 883 725 aut
901 697 979 724 simul

189 742 246 768 sine
270 746 385 775 tempore
405 746 433 768 et
452 746 581 769 aeternam
602 749 662 769 esse
685 742 902 777 progressionem
917 742 979 777 Spi-

191 787 261 814 ritus
275 794 308 814 ex
324 787 402 814 Patre
415 792 443 815 et
459 786 537 820 Filio,
552 792 599 815 aut
615 788 757 815 secundum
770 789 842 823 prius
855 793 880 815 et
893 793 979 822 poste-

1033 195 1110 231 llugo
1126 195 1273 230 respondet
1299 194 1410 221 Latinos
1426 194 1524 221 merito
1537 193 1571 221 de
1586 194 1640 221 Deo
1651 202 1705 221 non
1734 201 1813 220 enun-

1033 241 1101 268 tiare
1125 240 1236 275 proprie
1254 240 1337 268 verba
1359 240 1432 274 prius
1455 244 1483 267 et
1508 240 1654 275 posterius,
1675 239 1813 266 secundum

1034 291 1154 321 tempus,
1183 285 1366 320 principaliter
1393 289 1420 312 et
1448 286 1619 318 secundurio;
1643 293 1698 312 non
1727 285 1813 313 dicere

1033 332 1164 367 Spiritum
1187 332 1370 366 principaliter
1385 331 1440 366 (ἳῖ)
1460 331 1533 366 [551]
1552 331 1586 358 ab
1603 325 1750 363 alterutro,
1769 331 1811 358 sed

1032 378 1063 404 de
1080 383 1189 412 utroque
1207 377 1355 412 aequaliter.
1375 376 1478 403 Deinde
1507 380 1600 403 notat:
1625 386 1634 402 (
1657 376 1734 409 Quod
1755 383 1812 402 vero

1031 422 1166 456 sequitur,
1183 421 1289 448 scilicet
1304 420 1484 455 propinquam
1502 421 1612 455 quidem
1632 428 1742 448 causam
1760 429 1813 447 ma-

1031 466 1072 501 gis
1098 473 1159 493 esse
1184 474 1312 496 causam,
1337 466 1428 493 minus
1456 473 1521 492 vero
1544 473 1604 499 qua:
1631 471 1734 492 remota
1760 469 1811 496 est,

1031 511 1076 546 (ad
1093 511 1129 548 id)
1145 512 1340 540 absolvendum
1363 511 1501 539 suliiciens
1521 519 1580 539 esse
1602 511 1728 544 arbitror,
1745 511 1812 546 quod

1030 557 1058 585 id
1078 558 1130 585 tale
1147 558 1173 584 in
1190 557 1370 589 naturalibus,
1384 557 1477 592 logicis
1496 557 1696 592 similibusque,
1712 557 1740 584 in
1755 558 1812 592 qui-

1030 603 1081 631 bus
1093 611 1148 630 non
1165 604 1260 631 eadem
1275 611 1356 630 causa
1374 603 1475 638 ubique
1491 603 1643 638 propinqua
1659 608 1813 637 remotaque

1030 653 1088 681 est,
1104 649 1193 676 locum
1215 649 1315 682 habet;
1337 649 1364 676 in
1379 649 1479 676 divinis
1496 657 1562 676 vero
1576 649 1700 684 personis
1716 657 1812 683 nequa-

1030 703 1111 730 quam
1124 716 1131 727 ,
1151 700 1208 722 tum
1237 700 1349 730 propter
1369 696 1421 722 alia
1443 696 1544 728 multa,
1562 703 1623 730 qua:
1645 696 1725 723 silere
1744 703 1814 722 nunc

1029 745 1153 776 prtestat,
1174 746 1231 768 tum
1252 748 1301 776 pro
1326 748 1375 774 eo,
1392 741 1464 776 quod
1486 741 1638 776 propinqua
1661 744 1814 776 remotaque

1027 796 1110 817 causa
1135 797 1242 823 prorsus
1266 788 1358 815 eadem
1373 793 1540 816 censeantur
1553 788 1634 815 Pater
1652 793 1680 816 et
1711 788 1812 820 Filius,

191 833 257 859 rius.
276 831 353 865 Quod
376 832 399 859 si
423 832 498 868 [550]
518 833 669 860 secundum
691 833 767 868 prius
786 839 813 861 et
835 833 979 868 posterius,
997 830 1018 858 Β
1031 837 1112 868 atque
1132 841 1222 869 neque
1240 835 1393 874 secundum
1413 838 1535 869 tempus,
1548 842 1645 873 .neque
1666 835 1814 862 secundum

189 878 218 906 in
240 886 402 913 quocunque
423 879 538 906 duorum
554 880 600 911 sit,
614 880 727 907 evidens
739 885 781 907 est
793 880 977 915 blasphemia;

190 925 243 952 erit
258 925 329 952 enim
351 924 469 960 Spiritus
484 933 514 953 se
532 925 591 960 ipso
605 926 682 961 prior
694 931 721 953 et
737 926 881 961 posterior,
897 930 977 953 aeter-

190 978 243 998 nus
261 975 289 998 et
305 971 493 1006 temporalis...
515 971 564 998 Sin
578 976 669 999 autem
686 972 780 1003 simul,
795 977 892 1006 prwter
912 977 978 998 tem-

190 1024 251 1051 pus,
272 1017 434 1043 wternaliter
455 1024 487 1044 ex
508 1017 652 1049 ambobus,
672 1018 751 1044 Patre
767 1017 829 1044 dico
851 1022 878 1044 et
897 1017 976 1049 Filio,

189 1062 329 1097 procedit,
353 1062 396 1089 cui
421 1067 448 1090 ut
474 1063 679 1098 propugnaculo
701 1063 855 1090 innituntur
876 1064 922 1097 qui
943 1071 976 1091 ex

189 1109 304 1136 adverso
324 1108 469 1142 dimicant,
486 1109 663 1144 quaerendum
681 1113 723 1136 est
736 1109 770 1135 ab
788 1108 870 1143 ipsis,
885 1113 976 1135 utrum

188 1154 269 1180 simul
285 1158 382 1188 pra-ter
393 1158 494 1189 tempus
508 1159 533 1181 et
546 1154 719 1187 teternaliter,
733 1162 766 1181 an
787 1154 923 1188 quomodo
935 1154 978 1181 di—

189 1203 264 1227 cant.
289 1199 356 1227 Nam
386 1200 409 1227 si
439 1200 622 1235 principaliter
644 1207 676 1227 ex
703 1200 835 1227 ambobus
863 1200 974 1232 dicant,

188 1248 282 1279 aperta
305 1249 347 1272 est
368 1244 547 1280 blasphemia.
565 1245 652 1272 Erunt
673 1245 744 1272 enim
768 1245 829 1272 in...
845 1245 977 1272 Trinitate

190 1291 250 1318 dua:
271 1291 435 1326 principales
450 1295 477 1318 et
493 1291 553 1318 sine
572 1291 706 1326 principio
718 1313 724 1324 ,
742 1291 802 1319 sine
816 1300 896 1319 causa
914 1300 977 1327 per-

189 1344 280 1368 sonae,
297 1336 412 1371 ideoque
437 1337 497 1364 duae
517 1345 622 1368 causm,
640 1337 762 1371 duoque.
783 1337 931 1372 principia,
950 1342 977 1365 et

189 1382 244 1409 duo
261 1390 314 1409 non
332 1382 460 1410 habentia
473 1390 563 1417 neque
576 1390 685 1409 causam
700 1390 788 1417 neque
801 1383 975 1418 principium.

190 1427 284 1462 Itaque
304 1428 332 1454 in
356 1428 469 1455 deorum
491 1428 546 1462 (ed.
567 1428 694 1461 duorum)
720 1428 900 1463 pluralitatcm
917 1436 977 1463 quae

189 1472 353 1500 Christiana:
370 1477 434 1501 sunt
451 1473 589 1509 religionis
608 1473 816 1506 transferentur,
833 1479 858 1501 et
877 1474 975 1508 injuria

1032 884 1168 911 naturam.
1183 887 1272 914 neque
1298 880 1440 907 secundum
1465 881 1580 914 aliquem
1609 880 1693 907 alium
1712 881 1814 907 modum

1031 924 1114 952 Pater
1128 924 1197 952 Filio
1212 926 1286 959 prior
1298 931 1338 953 est
1352 926 1409 962 (25)
1423 931 1450 953 ut
1463 926 1498 953 de
1514 926 1594 954 Patre
1610 926 1718 961 quidem
1734 926 1815 961 Spiri-

1032 975 1075 998 tus
1093 971 1287 1006 principaliter,
1301 971 1335 999 de
1346 971 1414 999 Filio
1431 980 1495 999 vero
1504 972 1665 1000 secundario
1680 977 1727 999 aut
1742 971 1815 1008 [552]

1031 1018 1104 1044 nulla
1116 1017 1231 1049 ratione,
1248 1023 1278 1045 ut
1294 1018 1381 1045 Graeci
1395 1018 1510 1045 nimium
1528 1018 1731 1052 inopinabiliter
1741 1017 1814 1045 allir—

1031 1067 1122 1094 mant,
1146 1062 1291 1097 procedat;
1310 1068 1339 1089 ut
1359 1063 1431 1090 enim
1452 1067 1516 1090 ante
1534 1063 1624 1090 omnia
1646 1068 1765 1098 tempora
1783 1063 1815 1090 si-

1031 1107 1087 1134 mul
1106 1112 1170 1134 sunt
1189 1112 1287 1134 natura
1312 1107 1391 1135 Pater
1414 1113 1441 1135 et
1463 1107 1548 1134 Filius
1573 1108 1747 1143 ejusdemque
1767 1108 1815 1135 lio-

1030 1153 1122 1187 noris,
1144 1154 1181 1180 ita
1203 1154 1333 1188 quidquid
1356 1154 1409 1188 (ed.
1431 1153 1588 1189 quidquam)
1611 1158 1701 1188 potest
1724 1154 1812 1186 Pater,

1030 1204 1122 1234 potest
1141 1205 1168 1227 et
1188 1198 1291 1232 Filius,
1310 1207 1345 1227 ne
1365 1200 1416 1235 (ed.
1435 1200 1472 1235 et)
1489 1199 1634 1234 quidquam
1650 1207 1665 1226 a
1685 1199 1771 1227 Patris
1787 1203 1815 1227 et

1031 1243 1090 1270 Filii
1107 1245 1227 1278 potentia
1245 1249 1443 1272 removeretur.
1458 1254 1468 1270 ι
1490 1243 1550 1271 Jam
1564 1252 1628 1272 vero
1643 1245 1723 1272 inane
1736 1253 1814 1280 pror-

1030 1297 1078 1317 sus
1092 1295 1152 1322 est,
1168 1290 1239 1325 quod
1263 1289 1377 1317 Photius
1399 1290 1434 1325 (c.
1452 1291 1496 1324 65)
1516 1291 1550 1318 de
1570 1299 1714 1318 causarum
1735 1291 1815 1318 dill'e-

1030 1335 1118 1362 rentia
1132 1335 1244 1370 profert,
1261 1343 1320 1370 quia
1339 1336 1411 1362 trulla
1428 1337 1540 1363 omnino
1555 1342 1612 1370 est;
1638 1337 1754 1371 indeque
1768 1337 1815 1364 de-

1029 1380 1110 1408 ducta
1126 1382 1285 1408 consecutio
1296 1402 1302 1413 ,
1317 1381 1466 1409 sectionem
1483 1387 1511 1409 et
1529 1382 1689 1410 divisionem
1711 1383 1737 1410 in
1757 1382 1815 1417 ipsa

1031 1425 1148 1461 Spiritus
1161 1435 1278 1462 persona
1295 1427 1400 1455 inferri.
1416 1427 1568 1463 Utrumque
1579 1436 1639 1463 qua:
1652 1429 1732 1455 toties
1746 1429 1816 1456 dixi-

1030 1479 1091 1498 mus
1106 1472 1271 1499 convellunt.
1289 1471 1382 1507 Neque
1399 1480 1462 1499 vero
1482 1473 1604 1508 sequitur
1625 1473 1660 1509 (c.
1681 1473 1735 1508 64),
1756 1472 1816 1507 Spi-

191 1526 246 1545 non
266 1519 395 1554 quaelibet
415 1519 564 1547 zoarchicie
587 1523 615 1547 et
636 1520 889 1554 supersubstantiali
911 1516 1014 1547 irro-C
1030 1517 1112 1544 ritum
1133 1517 1193 1545 fore
1216 1517 1297 1545 simul
1323 1518 1444 1553 genitum
1471 1524 1499 1546 et
1526 1519 1733 1554 procedenlem;
1759 1523 1816 1545 ιιηιι

190 1565 298 1601 gabitur
319 1565 456 1593 Trinitati.
478 1566 556 1598 Quod
577 1565 599 1593 si
625 1574 676 1593 non
697 1565 893 1601 principaliter.
915 1566 978 1593 licet

191 1611 270 1638 simul
293 1615 321 1638 et
343 1612 517 1644 teternaliter,
537 1612 583 1639 sed
605 1612 712 1647 propius
736 1616 817 1647 atque
843 1613 977 1645 remotius,

191 1660 239 1683 aut
253 1657 338 1691 primo
356 1660 384 1684 et
402 1659 569 1689 secundario,
582 1663 608 1686 et
620 1659 659 1685 sic
669 1659 820 1693 parturitur
834 1658 977 1693 impietas;

191 1701 308 1737 primum
323 1702 444 1737 quidem,
462 1703 535 1738 quod
550 1704 637 1739 magis
655 1704 706 1731 erit
722 1703 805 1732 Filius
817 1713 898 1732 causa
916 1704 979 1740 Spi-

192 1747 276 1781 ritus,
298 1747 388 1775 minus
411 1753 503 1776 autem
528 1748 619 1777 Pater.
647 1750 714 1777 Nam
737 1758 797 1784 qua:
827 1751 979 1786 propinqua

191 1801 273 1821 causa
288 1798 347 1827 est,
364 1794 450 1830 magis
466 1803 549 1822 causa
563 1799 619 1829 est,
639 1799 720 1831 ριόιιῐ
734 1804 892 1823 communes
912 1803 979 1824 (Σοη-

230 1900 391 1937 (22)Grteea
407 1900 509 1929 Nicetie
524 1902 606 1930 verba
623 1902 702 1930 nobis
717 1911 771 1930 non
788 1908 888 1937 praesto
905 1908 978 1937 sunt,

192 1942 225 1973 ex
240 1936 339 1973 quibus
350 1937 464 1973 judicari
480 1942 571 1973 queat,
585 1938 650 1972 quid
666 1938 716 1972 ipsi
729 1938 764 1965 sit
779 1936 830 1965 hoc
844 1939 980 1973 principa-

193 1968 255 2009 liter
270 1968 412 2009 (ᾲρχιῐιῷς,
431 1968 803 2009 619169665-xupltb;_ete.).
819 1968 885 2005 Qiue
902 1968 978 2009 lliigo

193 2005 242 2045 ait,
260 2005 347 2045 prima
364 2007 453 2045 fronte
466 2005 739 2045 t'_ident_ur_contraria
758 2008 919 2045 Augustino,
933 2005 979 2045 «fni

195 2040 328 2076 Spiritum
342 2041 528 2076 principaliter
543 2042 577 2068 de
595 2041 673 2069 Patre
689 2040 836 2076 procedere
856 2040 980 2071 dixilfld

193 2078 285 2112 tamen
307 2075 569 2112 ipsc_llipponensis
584 2075 828 2112 prtesul’exposuit
849 2079 891 2112 (de
908 2078 979 2106 Trin.

192 2109 343 2146 xv,_17'l):'g
367 2109 430 2136 Ideo
450 2115 540 2137 autem
561 2109 652 2139 addidi
674 2109 857 2146 principaliter
868 2113 929 2146 quia
953 2118 981 2140 et

192 2145 226 2182 de
244 2144 313 2172 Filio
328 2145 577 2182 Spiritusksanctus
596 2144 743 2181 procedere
761 2144 913 2182 reperitur;
931 2148 978 2175 sed

1028 1563 1091 1598 quia
1113 1564 1252 1598 generatio
1274 1568 1300 1591 et
1317 1564 1456 1599 processio
1473 1569 1537 1591 sunt
1556 1564 1617 1591 dua:
1639 1564 1760 1591 actiones
1774 1564 1817 1591 di-

1029 1616 1124 1642 versat,
1141 1613 1197 1636 tum
1216 1610 1280 1644 quia
1291 1610 1397 1645 concipi
1413 1610 1509 1645 nequit
1523 1610 1642 1645 Spiritus
1661 1610 1742 1637 simul
1754 1618 1816 1637 cum

1029 1656 1098 1685 Filio
1124 1658 1289 1692 procedens,
1311 1658 1358 1685 sed
1378 1658 1485 1694 concipi
1508 1657 1590 1685 debet
1614 1657 1816 1693 generationem

1030 1711 1147 1738 sequens
1163 1711 1195 1731 ac
1215 1711 1429 1739 praesupponens
1445 1703 1592 1738 processio.
1613 1702 1691 1735 Quod
1711 1707 1818 1737 tempus

1030 1757 1084 1776 non
1113 1750 1210 1777 dividit
1236 1750 1307 1777 inter
1327 1750 1528 1785 generationem
1555 1754 1582 1776 et
1605 1749 1817 1784 processionem,

1031 1796 1056 1823 id
1080 1804 1148 1823 sane
1172 1796 1280 1824 ellicere
1294 1796 1401 1831 nequit,
1416 1801 1445 1823 ut
1458 1795 1591 1823 terminus
1610 1796 1690 1823 unius
1701 1795 1819 1822 actionis

1031 1903 1178 1938 cultatem.
1202 1903 1332 1938 Spiritum
1365 1907 1490 1930 sanctum
1520 1903 1604 1938 magis
1632 1903 1780 1937 procedere
1796 1909 1819 1938 ra

1030 1937 1120 1971 Patre,
1137 1937 1250 1973 quanta
1270 1937 1348 1968 Filio,
1363 1939 1398 1965 ita
1416 1938 1563 1970 respondet
1583 1938 1669 1973 (sunt.
1687 1939 1711 1965 1.
1729 1946 1756 1972 q.
1772 1937 1818 1969 56,

1004 1982 1011 1990 ·
1030 1981 1045 2000 a
1068 1974 1094 2000 5.
1118 1972 1152 2000 ad
1173 1973 1220 2005 2):
1241 1982 1250 1998 ι
1274 1973 1301 1999 Si
1324 1973 1408 2000 Filius
1429 1973 1564 2007 acciperet
1580 1980 1595 1999 a
1621 1972 1714 2001 Patre.
1733 1973 1820 2000 aliam

1031 2016 1139 2035 numero
1157 2009 1276 2035 virtutem
1297 2009 1331 2035 ad
1349 2007 1508 2042 spirantium
1532 2007 1661 2042 Spiritum
1681 2013 1819 2039 sanctum.

1030 2047 1201 2077 sequeretur.
1215 2043 1287 2077 quod
1302 2047 1376 2071 esset
1388 2050 1469 2069 causa
1480 2042 1601 2069 secunda
1610 2046 1638 2069 et
1649 2042 1820 2070 instrumen-

1032 2078 1102 2113 talis,
1116 2082 1143 2105 et
1160 2078 1199 2105 sic
1213 2078 1297 2113 magis
1308 2078 1468 2113 procederet
1479 2085 1493 2104 a
1510 2077 1601 2109 Patre,
1613 2084 1693 2112 quam
1707 2085 1721 2104 a
1735 2077 1818 2107 Filio.

1031 2112 1084 2140 Sed
1107 2121 1160 2140 una
1180 2118 1203 2140 et
1225 2112 1314 2139 eadem
1332 2121 1440 2139 numero
1465 2112 1548 2138 virtus
1570 2112 1699 2145 spirativa
1724 2117 1764 2139 est
1790 2113 1819 2140 in

1032 2147 1112 2183 Patre
1132 2153 1159 2175 et
1177 2148 1259 2181 Filio;
1275 2148 1336 2175 ideo
1352 2147 1490 2183 a'qualiter
1501 2148 1623 2183 procedit
1636 2148 1670 2174 ab
1690 2153 1818 2182 utroque.

191 2180 239 2206 hoc
259 2189 361 2218 quoque
377 2180 423 2218 illi
445 2180 631 2218 Pateraedit,
649 2190 704 2218 non
717 2182 773 2218 jam
792 2180 933 2218 exsistenti
951 2188 978 2210 et
994 2182 1016 2210 D
1031 2182 1107 2210 Licet
1132 2180 1278 2218 aliquando
1307 2180 1413 2210 dicatur
1437 2180 1618 2217 principaliter
1642 2183 1682 2210 vel
1711 2180 1822 2217 proprie

191 2216 540 2252 nonduni_liabenti;rscd
564 2217 696 2252 quidquid
720 2217 864 2252 Unigenito
889 2217 979 2246 Verbo

192 2249 282 2287 dedit,
301 2250 440 2287 gignendo
466 2251 549 2278 dedit.
574 2249 621 2279 Sic
640 2249 709 2287 ergo
732 2249 793 2280 eum
821 2254 931 2287 genuit,
949 2256 980 2280 ut

190 2285 273 2323 etiam
292 2286 325 2312 de
345 2286 391 2312 illo
412 2286 509 2313 donum
528 2295 662 2314 commune
678 2285 844 2323 procederet
866 2293 894 2315 et
916 2287 979 2323 Spi-

192 2319 262 2358 ritus
285 2325 399 2358 sanctus
423 2326 497 2358 esset
519 2319 706 2358 anil)orunt.'1
734 2322 892 2350 Declaratur
914 2319 979 2358 ergo

190 2355 263 2389 apud
277 2356 682 2393 Aug.adverbigprincipaliter
692 2359 772 2386 Pater
785 2362 814 2384 ut
827 2358 900 2384 αἰτία
913 2355 980 2393 πρὶ-

191 2390 373 2427 ξεᾳταρκτιίκὴ,
390 2391 462 2418 unde
475 2390 544 2418 Filio
560 2390 599 2419 vis
613 2393 738 2427 spiratrix
752 2390 977 2420 communicatur.

191 2423 478 2462 Hine'etrd'nselmus
499 2423 635 2454 Cantuar:
652 2428 681 2462 (l.
703 2429 763 2461 c.):
784 2437 793 2452 ι
820 2427 848 2455 Si
869 2428 978 2459 dicitur.

190 2460 262 2496 quod
278 2460 395 2495 Spiritus
410 2466 521 2489 sanctus
540 2460 756 2496 principaliter'a
774 2462 852 2490 Patre
865 2463 910 2494 sit,
923 2471 979 2490 non

191 2494 266 2536 aliud
285 2496 463 2536 signiﬁcatur.
479 2494 646 2536 quat—unquis
666 2498 729 2536 ipse
749 2497 850 2536 Filius,
869 2498 902 2525 de
925 2506 980 2532 quo

190 2534 239 2568 est
249 2529 367 2568 Spiritus
387 2529 516 2564 sanctusi,
538 2539 554 2560 a
571 2529 649 2560 Patre
666 2529 748 2560 habet
763 2533 814 2560 hoc
831 2529 921 2568 ipsum
929 2529 940 2564 ,”
950 2537 980 2560 ut

192 2564 437 2603 _Sp_iritus_sanctus
454 2568 490 2594 sit
504 2568 537 2594 de
558 2567 622 2594 illo:
638 2569 766 2603 quoniam
783 2567 818 2598 id,
835 2564 908 2602 quod
925 2573 977 2601 est,

191 2599 275 2627 habet
287 2609 301 2627 a
316 2600 414 2634 Patre;
429 2610 483 2628 non
499 2602 570 2630 sicut
586 2603 614 2629 in
630 2599 710 2630 rebus
727 2599 912 2634 crcatisfcum
929 2599 980 2629 ali;

190 2635 256 2696 quid
274 2636 423 2664 asserimus
449 2644 511 2664 esse
535 2638 732 2673 principaliter,
752 2638 878 2665 volumus
897 2638 980 2672 signi-

202 2678 289 2696 tcare.
304 2671 375 2696 nuod
396 2672 482 2696 magis
501 2672 536 2696 sit
553 2673 621 2696 huc.
639 2673 710 2696 ﬂllntl
733 2673 831 2696 dit-itur
844 2673 980 2696 nrincina.

202 2671 289 2708 icare,
304 2671 482 2708 quodrrmagis
496 2671 542 2708 rsit’
552 2671 711 2707 lioc,'quod
733 2673 831 2708 dicitur
844 2671 980 2708 principa-

191 2704 265 2736 liter,
281 2704 361 2741 quam
377 2704 456 2739 illud:
469 2707 503 2734 ad
516 2708 589 2741 quod
607 2704 734 2735 refertur.
751 2718 760 2733 ι
783 2704 882 2735 Eodem
897 2704 979 2735 sensu

190 2747 286 2778 vocem
309 2741 421 2778 adhibet
438 2747 472 2778 iet
491 2742 619 2777 explanat
636 2744 781 2770 Anselmns
809 2743 978 2778 Halvelberg.

192 2774 266 2814 Qial.
283 2775 418 2814 egrum,
438 2777 456 2804 l.
483 2774 563 2814 ilic.
580 2779 614 2814 25
632 2778 770 2814 (Spicilcg.
788 2774 978 2814 d‘Achery

190 2806 266 2838 Paris
280 2811 360 2845 1725,
372 2816 392 2839 ί.
406 2806 428 2845 Ῑ,
441 2821 470 2847 p.
487 2806 547 2845 189,
567 2806 648 2848 190)‘;
666 2806 696 2840 S.
712 2806 846 2845 Tliomas,
859 2813 892 2840 ad
905 2806 978 2841 ditii-

1031 2218 1177 2252 procedere
1195 2218 1232 2253 de
1255 2218 1351 2253 Patre,
1374 2223 1480 2253 propter
1497 2218 1631 2253 [mequod
1651 2218 1726 2244 liabet
1749 2218 1821 2244 lianc

1029 2251 1151 2279 uirtutem
1163 2261 1178 2279 ιι
1190 2252 1280 2280 Pdlre.
1298 2263 1306 2279 ι
1318 2251 1401 2280 Porro
1411 2252 1482 2287 quod
1494 2253 1527 2279 ad
1539 2251 1677 2287 Hugonem
1691 2257 1819 2280 nostrum

1030 2291 1144 2322 spectat,
1160 2288 1184 2315 is
1200 2295 1254 2315 non
1272 2289 1359 2315 solum
1376 2288 1429 2314 alio
1444 2288 1557 2314 omnino
1573 2296 1654 2314 sensu
1670 2287 1820 2314 formulam

1029 2323 1101 2350 hanc
1122 2323 1234 2357 rejecit,
1251 2327 1280 2350 ut
1298 2323 1340 2350 vel
1362 2323 1419 2350 haec
1438 2323 1497 2356 ejus
1518 2322 1596 2350 verba
1619 2323 1794 2350 manifestant
1811 2331 1820 2350 :

1034 2367 1044 2382 ι
1064 2357 1192 2392 lnquiunt
1203 2358 1276 2385 enim
1294 2358 1415 2392 (Latini,,
1430 2358 1452 2384 si
1467 2366 1521 2384 non
1537 2363 1577 2384 est
1596 2358 1622 2384 in
1639 2362 1731 2384 sancta
1753 2357 1822 2384 Tri-

1029 2392 1116 2420 nitate
1137 2393 1212 2427 prius
1235 2393 1383 2420 secundum
1406 2398 1529 2427 tempus,
1552 2399 1641 2427 neque
1665 2393 1821 2419 secundum

1029 2432 1155 2454 naturam
1179 2429 1346 2455 honoremve
1369 2429 1566 2462 potentiamve,
1591 2435 1646 2454 non
1666 2432 1706 2454 est
1727 2427 1822 2461 aliqua

1030 2463 1114 2489 trium
1138 2470 1315 2497 personarum
1336 2463 1519 2497 principaliter
1539 2464 1574 2489 ab
1594 2462 1663 2494 alia,
1684 2471 1693 2487 ι
1721 2470 1821 2489 veruti]

1030 2497 1111 2524 etiam
1137 2497 1305 2525 diﬂ'crentem
1330 2505 1441 2525 sensum
1465 2498 1570 2525 notavit
1600 2497 1659 2532 ipse
1683 2497 1742 2530 (lib.
1768 2497 1821 2524 cit.

1030 2533 1118 2594 obiri.
1137 2540 1165 2567 p.
1182 2532 1251 2560 1210
1269 2532 1299 2560 Ε.
1315 2532 1359 2569 G.)
1370 2553 1378 2565 ,
1394 2533 1438 2560 ubi
1454 2541 1484 2560 ea
1500 2533 1557 2568 ipsa
1576 2532 1719 2567 Augustini
1735 2532 1822 2559 verba

1030 2575 1044 2594 a
1067 2576 1096 2594 er
1112 2588 1118 2594 .

1029 2571 1118 2594 atIert.

1066 2602 1122 2637 (25)
1140 2601 1202 2629 llazc
1221 2602 1312 2629 minus
1327 2603 1440 2637 prwcise
1459 2603 1531 2630 dicta
1544 2603 1687 2636 videntur;
1702 2602 1824 2629 restrin-

1030 2639 1116 2673 genda
1133 2643 1238 2670 tamen,
1258 2642 1287 2664 ut
1303 2638 1360 2672 ipsa
1377 2640 1456 2665 verba
1476 2639 1633 2669 ostendunt,
1650 2639 1682 2665 ad
1700 2638 1825 2671 Spiritus

1030 2674 1243 2708 processionem.
1274 2673 1350 2708 Licet
1377 2673 1451 2700 enim
1473 2673 1580 2700 Patrem
1608 2673 1682 2708 prius
1706 2673 1826 2708 cogitari

1030 2716 1111 2742 quam
1126 2707 1224 2734 Filium
1242 2708 1308 2735 ordo
1325 2707 1383 2743 ipse
1403 2709 1535 2743 postulet,
1553 2713 1641 2735 tamen
1657 2707 1749 2742 quoad
1761 2708 1826 2742 spi-

1030 2743 1164 2770 rationem
1184 2744 1300 2770 activam
1322 2748 1437 2778 uterque
1454 2744 1560 2778 concipi
1581 2744 1661 2770 debet
1677 2747 1706 2770 ut
1718 2743 1774 2777 jam
1795 2743 1827 2770 iu

1030 2786 1078 2805 sua
1094 2778 1287 2812 personalitate
1306 2779 1471 2806 constitutus
1489 2783 1517 2806 et
1533 2783 1563 2806 ut
1578 2778 1658 2806 simul
1677 2778 1829 2814 aequaliter

1030 2821 1147 2849 spirans.
