1945 3088
209 164 260 197 547

781 163 911 194 ΡΗΟΤΙΙ
930 163 1187 195 ΡΛΤΒΙΑΒΟΗᾹΞ
1204 163 1259 194 CP.

840 337 1224 402 HOMILUE.

1014 559 1037 587 Ι.

207 668 296 696 ΡΙιοιὶί
322 666 356 702 (c)
374 666 564 702 archiepiscopi
577 664 883 702 Constantinopolitarni,
907 662 1000 702 Oratio

243 705 270 730 in
284 699 521 730 sanctissimazrbei
536 699 677 729 Cenitricis
692 700 810 728 natalem
824 700 894 727 diem
913 699 962 734 (ά).

1054 662 1168 690 Φωτίου
1184 662 1221 698 (d)
1234 662 1473 697 ἀρχιεπισκόπου
1488 662 1846 698 ιςωνσταντινουπόλεως,

1090 697 1241 732 λόγος-εὶς
1269 698 1302 724 τὸ
1319 697 1459 732 γενέσιον
1477 697 1533 732 τῆς
1549 698 1713 732 ὑπερατίας
1743 699 1846 725 Beard-

1089 742 1155 761 κου.

779 791 906 816 (ἶοιωεγιε.
919 793 989 817 Auct.
1006 797 1062 817 nov.
1084 798 1109 823 p.
1120 790 1266 816 1585-1604.

242 848 338 877 Omnis
371 849 482 884 quidem
520 848 676 880 festivitas,
703 847 876 882 celebrisque
911 847 996 876 omnis

1090 847 1170 874 Πᾶσα
1188 847 1238 882 μὲν
1253 846 1344 882 ἑορτὴ,
1357 847 1404 873 καὶ
1418 847 1493 874 πᾶσα
1516 848 1671 883 πανήγυρις
1682 867 1690 882 ,
1706 848 1769 875 καθ’
1787 848 1819 884 ἥν
1831 850 1846 876 ὁ

206 900 367 926 conventus,
383 903 437 930 quo
452 895 559 930 piorum
575 899 663 921 coetus
677 894 855 926 exbilaratur,
871 897 928 920 tum
942 893 1000 921 dis—

206 941 286 973 sid‘a,
311 939 475 976 mutuasque
496 940 557 968 lites
577 939 721 972 dissolvit,
742 944 799 967 tum
815 939 925 971 animis.
941 943 999 966 stu-

205 987 313 1022 diisque
334 987 448 1020 divisos,
472 994 504 1014 ac
519 995 576 1018 eos.
588 987 633 1022 qui
652 987 753 1014 amoris
768 986 908 1014 vinculum
926 986 999 1013 sedi-

162 1027 168 1034 ’
206 1032 280 1060 tione
293 1032 473 1068 diruperunt;
488 1032 664 1060 Canticorum
678 1040 813 1060 consonus
828 1039 919 1065 voces,
935 1031 998 1067 qui-

204 1078 257 1106 bus
279 1079 336 1114 ipsa
356 1087 385 1106 re
402 1080 568 1112 consoletur,
592 1079 626 1105 ad
652 1078 804 1106 concordize
820 1078 998 1105 instauratio-

205 1132 269 1151 nem
289 1124 439 1158 exhibens;
457 1125 526 1152 inire
539 1124 652 1160 colligit,
668 1124 797 1159 unitque:
822 1129 903 1158 atque
917 1123 998 1151 unius

204 1170 382 1205 ejusdemque
400 1170 505 1197 Domini
520 1178 552 1197 ac
563 1170 706 1203 creatoris,
728 1170 855 1205 ﬁgmenta
871 1177 904 1197 ac
920 1177 997 1197 crea—

205 1219 292 1248 turas.
323 1224 371 1244 eos
391 1217 437 1251 qui
459 1216 566 1244 collecti
583 1221 656 1249 sunt,
671 1217 793 1244 ostendit
809 1225 816 1243 :
832 1224 921 1251 exque
936 1215 998 1242 uni-

205 1266 261 1290 tate
275 1262 377 1295 cultus,
391 1262 513 1297 ﬁgmenti
528 1270 620 1297 parem
634 1262 794 1298 dignitatem
808 1262 995 1294 subindicans,

203 1317 298 1337 eorum
323 1310 370 1345 qui
393 1309 420 1336 in
445 1317 475 1336 se
494 1309 611 1337 invicem
630 1309 738 1337 acerbis
752 1309 822 1336 odiis
835 1308 995 1342 afferentur,

202 1354 287 1388 lenit,
311 1363 344 1382 ac
368 1355 497 1390 deprimit
518 1356 642 1388 animos;
664 1355 784 1382 suadens
805 1354 930 1382 modeste
953 1362 997 1382 sa-

203 1407 278 1435 pere,
302 1408 334 1428 ac
355 1408 406 1435 pro
423 1400 542 1428 humana
557 1401 678 1432 ratione;
699 1400 856 1435 docensque
873 1401 906 1428 ad
920 1408 996 1428 eam-

203 1447 266 1474 dem
277 1446 393 1474 Fictoris
406 1455 515 1474 manum
531 1447 679 1482 respicere.
696 1450 778 1482 atque
793 1447 864 1474 idem
878 1447 996 1475 ﬁctionis

203 1494 290 1521 lutum
311 1498 447 1528 reputare.
471 1494 512 1521 Ad
537 1494 589 1521 hoc
614 1494 686 1521 enim
710 1494 847 1521 solemnes
870 1494 996 1522 conferre

1049 893 1105 920 τῶν
1122 892 1309 920 εὐσεϐούντων
1334 892 1511 929 φαιδρύνεται
1539 893 1679 928 σύλλογος,
1712 893 1770 921 λύει
1795 895 1845 929 μὲν

1049 938 1098 970 τὰς
1111 938 1179 974 πρὸς
1194 938 1326 973 ἀλλήλους
1352 937 1497 973 διαφορὰς,
1514 938 1563 966 καὶ
1578 938 1628 970 τὰς
1652 938 1744 974 ἑρίδας
1757 946 1764 953 ·
1783 948 1846 965 συν-

1050 984 1112 1019 ἁγει
1127 985 1155 1011 δὲ
1171 984 1235 1016 τοὺς
1250 983 1414 1019 ἀπαλλήλων
1429 984 1526 1020 γνώμῃ
1551 984 1699 1016 διεστῶτας
1713 1003 1720 1016 ,
1741 986 1845 1012 καὶτὸν

1048 1030 1147 1066 δεσμὸν
1157 1030 1205 1057 τοῦ
1220 1030 1333 1065 φίλτρου
1346 1029 1440 1056 στάσει
1451 1029 1596 1062 λύσαντας,
1608 1030 1658 1066 τὴν
1670 1030 1726 1057 τῶν
1742 1030 1845 1066 ᾋσμά-

1048 1085 1103 1104 των
1117 1078 1288 1113 συμφωνίαν,
1305 1077 1480 1112 παράκλησιν
1505 1077 1579 1112 ἔργῳ
1608 1077 1842 1112 καταϐαλλομένη,

1048 1123 1117 1159 πρὸς
1129 1122 1178 1158 τὴν
1191 1122 1241 1157 τῆς
1253 1122 1445 1158 ὁμοφροσύνης
1463 1122 1651 1158 ὲτιανάκλησιν
1661 1130 1668 1137 ·
1681 1122 1800 1150 δείκνυσι
1814 1123 1843 1149 δὲ

1048 1169 1095 1196 καὶ
1111 1169 1158 1195 τοῦ
1173 1168 1257 1196 αὑτοῦ
1274 1169 1410 1195 Δεσπότου
1437 1168 1486 1195 καὶ
1502 1168 1670 1203 δημιουργοῦ
1685 1169 1753 1201 τοὺς
1780 1178 1843 1195 συν-ι

1048 1216 1257 1252 αγηγερμένους
1270 1215 1422 1250 πλάσματά
1435 1223 1465 1241 τε
1487 1215 1535 1242 καὶ
1560 1217 1718 1251 ποιήματα·
1743 1217 1791 1243 καὶ
1808 1218 1842 1253 τῇ

1047 1262 1154 1297 ὲνότητι
1165 1261 1212 1288 τοῦ
1228 1261 1412 1296 σεϐάσματος,
1424 1261 1473 1297 τὴν
1491 1261 1639 1296 ὁμοτιμίαν
1654 1262 1704 1298 τῆς
1719 1262 1844 1294 πλάσεως

1048 1308 1247 1343 ὑποφαίνουσα,
1263 1307 1326 1339 τοὺς
1338 1307 1514 1343 καταλλήλων
1528 1308 1845 1344 πικρῶς-ἐπαιρομένους

1048 1356 1165 1390 πραΰνει
1185 1355 1232 1382 καὶ
1250 1355 1390 1390 κατασπᾷ,
1422 1355 1522 1390 μέτρια
1550 1355 1660 1390 φρονεῖν
1674 1355 1722 1381 καὶ
1736 1354 1845 1390 ἀνθρὼα

1047 1410 1114 1429 πινα
1131 1402 1274 1433 πείθουσα,
1291 1401 1339 1428 καὶ
1355 1401 1423 1436 πρὸς
1435 1401 1486 1436 τὴν
1499 1400 1584 1436 αὐτὴν
1599 1401 1646 1428 τοῦ
1659 1401 1779 1428 [Dinon
1794 1410 1847 1428 πα-

1047 1446 1139 1482 λάμην
1153 1447 1230 1482 ὁρᾷν,
1250 1446 1353 1473 καὶτὸν
1368 1445 1449 1472 αὑτὸν
1471 1445 1681 1480 ἀναλογίζεσθαι
1701 1448 1751 1483 τῆς
1775 1446 1846 1474 πλά-

1048 1501 1119 1524 σεως
1137 1492 1223 1528 πηλὸν
1248 1492 1455 1519 ὲκδιδάσκουσα.
1485 1493 1533 1524 Εἰς
1560 1492 1640 1520 τοῦτο
1656 1493 1711 1528 γὰρ
1727 1493 1790 1528 ἐμοί
1811 1502 1846 1527 γε

202 1544 370 1572 conventus,
393 1547 513 1576 congrua
533 1539 697 1568 Christianis
716 1540 888 1568 consuetudo
909 1541 996 1568 docu-

1051 1539 1099 1570 τὰς
1115 1538 1285 1575 πανηγύρεις
1302 1539 1389 1566 τελεῖν
1401 1540 1415 1566 ὁ
1426 1539 1542 1575 πρέπων
1554 1539 1730 1574 Χριστιανοῖς
1742 1539 1846 1575 θεσμὸς

202 1591 297 1614 mento
311 1590 369 1619 est;
384 1594 417 1613 ac
427 1587 496 1614 alius
510 1587 631 1621 quidem.
644 1587 784 1614 Christum
797 1591 891 1614 natum
903 1592 996 1615 osten—

203 1631 260 1664 dit;
287 1631 357 1658 alius
372 1635 489 1658 testatur
502 1632 688 1666 baptizatum;
705 1631 810 1667 profert
825 1632 893 1659 alios
908 1637 996 1660 trans—

203 1677 349 1712 ﬁguratum
371 1685 378 1704 :
403 1677 474 1704 alius
498 1677 611 1704 exhibet
624 1677 715 1704 divina
732 1682 885 1712 patrantem
900 1677 994 1713 signa;

202 1723 387 1751 dmmoniacos
408 1727 547 1750 curantem
561 1732 568 1756 ;
585 1723 667 1750 caacis
682 1723 770 1750 visum
787 1724 995 1756 restituentem;

203 1769 367 1805 sanguinum
381 1769 530 1796 siccantem
547 1768 657 1801 fontes;
674 1769 778 1796 claudis
798 1777 830 1796 ac
843 1769 996 1805 paralyticis

202 1813 326 1841 membra
346 1813 544 1848 astringentem
566 1822 572 1840 :
597 1817 721 1841 mortuos
745 1814 923 1841 suscitantem
942 1823 949 1841 :
965 1822 997 1842 ac

201 1859 312 1886 demum
336 1859 406 1886 alius
430 1859 594 1894 pendentem
621 1859 647 1886 in
671 1867 752 1887 cruce
773 1860 908 1893 traducit;
927 1860 996 1888 alius

201 1912 268 1932 vero
289 1905 387 1932 iterum
412 1909 615 1941 resurgentem,
633 1913 776 1941 meamque
789 1906 944 1941 visibilvibus
957 1906 997 1933 fa-

202 1953 264 1985 ctis,
277 1953 414 1988 gestisque
428 1954 658 1982 resurrectionem
674 1954 840 1981 initiantem.

238 1997 306 2025 Cum
333 1999 373 2026 sic
392 2003 483 2026 autem
500 1999 599 2027 divinae
614 2007 734 2035 congrue
747 2000 871 2036 religioni
887 2001 997 2029 institu-

202 2048 247 2072 tus
279 2045 369 2072 omnis
399 2045 535 2080 ejusmodi
561 2050 733 2078 conventus,
759 2050 816 2073 tum
839 2047 995 2074 communia

202 2095 273 2118 dona
293 2090 407 2118 fruenda
432 2091 562 2126 praebeat,
581 2096 638 2118 tum
652 2092 789 2127 propriam
808 2091 911 2127 pariter
927 2093 995 2119 emi-

201 2142 309 2166 cantem
331 2137 424 2173 gratia:
444 2137 653 2165 illustrationem
667 2138 827 2172 praatendat.
845 2138 924 2173 longe
940 2146 996 2173 pra:

201 2185 272 2217 aliis,
299 2184 431 2212 solemnis
445 2183 490 2211 hic
503 2184 573 2216 dies,
590 2184 708 2220 Virginis
727 2192 759 2212 ac
771 2184 816 2211 Dei
835 2184 929 2212 Matris
945 2192 995 2212 na-

202 2230 291 2258 talilio
316 2230 442 2265 inclytus,
474 2230 604 2264 praaclara
635 2231 747 2258 honoris
767 2229 884 2265 insignia
901 2229 994 2257 refert.
1010 2216 1031 2245 (ἶ

202 2275 439 2308 Quemadmodum
459 2276 532 2302 enim
559 2275 692 2308 radicem,
716 2283 864 2307 ramorum,
892 2275 996 2303 trunci-

201 2330 266 2358 que,
286 2330 318 2350 ac
339 2322 457 2354 fructus,
483 2322 618 2357 floresque
630 2322 803 2357 agnoscimus
816 2329 938 2355 causam,
958 2327 998 2349 ta-

201 2369 282 2396 metsi
304 2369 409 2396 fructus
435 2369 519 2404 gratia
540 2376 621 2395 omne
644 2368 706 2395 aliis
726 2368 847 2395 studium
866 2367 998 2403 laborque

202 2414 389 2449 impenditur;
413 2414 536 2449 citraque
556 2413 686 2446 radicem,
711 2413 826 2441 aliorum
847 2413 917 2440 nihil
929 2420 998 2441 ena-

202 2460 287 2487 scitur
304 2467 312 2493 ;
328 2460 369 2488 sic
381 2459 500 2496 Virginis
519 2459 629 2494 dempta
643 2458 803 2493 festivitate,
820 2459 945 2494 aliarum,
960 2459 995 2488 ab

1051 1585 1209 1612 ὑποτίθεται
1220 1593 1226 1599 '
1246 1585 1294 1612 καὶ
1309 1586 1325 1621 ἡ
1339 1585 1389 1621 μὲν
1408 1586 1526 1621 Χριστὸν
1540 1585 1687 1621 ἐμφανίζει
1715 1586 1846 1622 τικτόμε-

1050 1640 1094 1658 νον
1105 1639 1113 1647 ·
1131 1632 1148 1666 ἡ
1162 1631 1212 1665 ,δὲ,
1243 1631 1415 1667 μαρτύρεται
1433 1631 1650 1667 βαπτιζόμενον·
1677 1632 1745 1669 ἄλλη
1767 1633 1848 1668 φέρει

1052 1677 1313 1713 μεταμορφούμενον
1325 1685 1333 1692 ·
1355 1677 1436 1712 ἑτέρα
1454 1678 1493 1710 δὲ,
1512 1678 1562 1710 τὰς
1580 1678 1745 1713 θεοσημείας
1760 1678 1848 1713 ἐργα-

1050 1719 1177 1755 ζόμενον·
1193 1721 1379 1756 δαιμονῶντας
1392 1721 1581 1757 θεραπεύοντα
1594 1730 1601 1738 ·
1624 1723 1730 1759 πηροὺς
1753 1723 1848 1758 ὀμμα-

1049 1766 1162 1794 τοῦντα·
1188 1767 1282 1802 πηγὰς
1309 1767 1436 1803 αἱμάτων
1466 1769 1649 1804 ξηραίνοντω
1673 1770 1777 1805 χωλοὺς
1798 1771 1848 1796 καὶ

1049 1814 1233 1849 παρειμένους
1248 1808 1453 1849 συσφίγγοντα·
1469 1816 1584 1851 νεκροὺς
1606 1815 1775 1843 ἀνιστῶντα·
1799 1815 1847 1843 τέμ-

1050 1859 1095 1891 λος
1109 1860 1156 1886 ἐπὶ
1173 1860 1290 1896 σταυροῦ
1305 1861 1483 1897 κρεμάμενον
1495 1861 1562 1897 ἄλλη
1575 1861 1828 1898 παραδειγματίζει
1838 1870 1845 1877 ·

1050 1904 1098 1932 καὶ
1110 1904 1177 1939 ἄλλη
1191 1905 1274 1932 πάλιν
1291 1906 1483 1942 ἀνιστάμενον,
1496 1907 1544 1934 καὶ
1554 1906 1604 1943 τὴν
1614 1907 1686 1943 ἐμὴν
1696 1907 1848 1935 ἀνάστασιν

1050 1950 1141 1986 ἔργοις
1155 1951 1305 1986 ὁρωμένοις
1319 1952 1524 1986 ὲγκαινίξοντα.

1091 1995 1160 2022 Ἀλλ’
1175 1997 1247 2024 οὕτω
1270 1997 1361 2033 πάσης
1381 1993 1553 2034 θεοπρεποῦς
1578 1999 1771 2035 πανηγύρεως,
1797 2000 1848 2027 καὶ¹

1048 2042 1103 2068 τῶν
1117 2043 1264 2069 ἐπικοινῶν
1279 2044 1460 2079 χαρισμάτων
1478 2045 1654 2081 παρεχούσης
1666 2047 1716 2082 τὴν
1729 2046 1849 2073 ἀπόλαυ-

1050 2095 1103 2120 σιν,
1119 2089 1165 2115 κα)⁵
1179 2089 1247 2116 ἰδίαν
1257 2091 1318 2117 τινὰ
1334 2092 1596 2127 συνεπαυγαζούσης
1613 2093 1662 2128 τῆς
1677 2093 1787 2128 χάριτος
1798 2093 1847 2120 ἔλ-

1048 2134 1161 2170 λαμψιν,
1177 2136 1253 2172 παρὰ
1267 2137 1334 2164 πολὺ
1348 2137 1402 2164 τῶν
1429 2138 1517 2166 ἄλλων
1535 2140 1551 2175 ή
1569 2139 1695 2175 παροῦσι
1718 2142 1848 2176 πανήγυ-

1051 2189 1102 2216 ρις,
1119 2181 1169 2217 τῆς
1184 2183 1322 2217 Παρθένου
1343 2185 1392 2211 καὶ
1408 2184 1478 2212 Θεοῦ
1503 2186 1615 2223 Μητρὸς
1628 2187 1849 2223 φιλοτιμουμένη

1047 2226 1098 2262 τὴν
1113 2228 1250 2264 γέννησιν,
1264 2230 1379 2267 λαμπρὰ
1392 2232 1463 2260 κατά
1476 2233 1567 2269 πάσης
1577 2234 1611 2260 τὰ
1628 2234 1759 2269 πρεσϐεῖα
1775 2236 1848 2261 ἁπο-

1046 2275 1170 2311 φέρεται.
1188 2276 1294 2314 Ὥσπερ
1312 2279 1367 2315 γὰρ
1383 2279 1433 2315 τὴν
1452 2280 1531 2316 ῥίζαν
1544 2281 1649 2308 κλάδων
1674 2283 1722 2309 καὶ
1750 2283 1848 2309 στελέ-

1046 2331 1110 2357 χους
1126 2323 1174 2350 καὶ
1187 2324 1295 2359 καρποῦ
1315 2326 1363 2352 καί
1375 2325 1473 2358 ἄνθους
1489 2327 1579 2354 αἰτίαν
1608 2328 1790 2364 γινώσκομεν.
1822 2330 1849 2356 ει

1048 2369 1095 2396 καὶ
1109 2368 1157 2396 τοῢ
1176 2370 1285 2406 καρποῦ
1302 2372 1383 2407 χάριν
1395 2373 1411 2407 ή
1425 2372 1491 2408 περὶ
1508 2373 1542 2400 τὰ
1556 2374 1624 2401 ἄλλα
1644 2375 1748 2411 σπουδὴ
1765 2375 1814 2403 καὶ
1831 2376 1848 2403 ὁ

1047 2415 1130 2447 πόνος
1143 2416 1360 2444 καταϐάλλεταισ
1375 2418 1422 2445 καὶ
1432 2419 1509 2446 οὐδὲν
1521 2419 1577 2446 τῶν
1592 2420 1679 2447 ἄλλων
1693 2422 1778 2456 χωρὶς
1792 2423 1849 2457 τῆς

1049 2460 1127 2496 ῥίζης
1139 2461 1272 2497 ἐκφύεται
1282 2471 1289 2478 ο
1301 2463 1387 2496 οὕτως
1399 2464 1464 2492 ἄνευ
1473 2465 1521 2500 τῆ,
1536 2466 1706 2503 παρθενικῆς
1719 2467 1849 2502 πανηγύ-

948 2547 1066 2576 NOTAE.

240 2619 274 2656 (c)
291 2618 327 2646 Ut
339 2619 604 2658 _se_hisma_ex_cipias,
624 2623 684 2658 erat
699 2618 735 2658 '_ut
751 2618 871 2658 Photius_
887 2617 993 2658 magnis
1043 2621 1157 2658 exordio
1174 2630 1180 2648 :
1205 2622 1284 2650 valde
1313 2622 1356 2650 illa
1387 2623 1526 2652 luculenta
1538 2646 1546 2658 ,
1563 2626 1672 2654 tametsi
1699 2626 1774 2654 nolui
1807 2627 1849 2656 ita

202 2653 312 2691 quoque
323 2655 437 2687 viris.ac
447 2653 577 2691 Ecclesia:
586 2654 723 2691 magistris
733 2653 872 2691 accenseri
887 2657 993 2688 posset;

201 2688 280 2726 cujus
306 2696 514 2718 monumentum
542 2690 594 2717 hoc
617 2688 798 2726 inhsanctam
824 2688 991 2726 Deiparam,

202 2723 308 2754 diutius
323 2726 407 2753 latere
419 2725 504 2755 uolui.
521 2733 554 2752 ex
567 2732 622 2758 quo
639 2724 727 2751 Photii
748 2731 817 2750 vena
839 2724 866 2750 in
891 2723 996 2750 festivis

201 2761 335 2795 ejusmodi
360 2761 531 2788 orationibus
552 2760 627 2786 velut
650 2759 996 2795 speciminealiquorsese

203 2793 309 2830 prodat.
333 2795 388 2824 Nec
401 2796 475 2823 enim
489 2795 541 2822 alia
565 2795 626 2829 ejus
644 2793 752 2830 generis
774 2793 845 2820 illius
860 2793 995 2828 prodiisse

203 2829 332 2862 arbitror;
348 2839 399 2858 nec
414 2832 484 2858 forte
498 2835 616 2857 exstant.
636 2829 804 2864 Seguierano
821 2829 907 2856 codici
925 2836 996 2863 pra:-

203 2865 274 2891 ﬁxus
290 2865 370 2892 index
385 2866 499 2900 antiquo
512 2873 594 2892 manu
607 2865 687 2892 aliam
699 2864 724 2891 ei
740 2864 847 2900 tribuit,
861 2864 889 2891 in
904 2864 994 2898 sepul-

205 2904 294 2926 turam
314 2900 438 2934 Domini,
453 2899 598 2935 exstatque
613 2900 649 2928 ibi
669 2900 726 2928 fere
747 2899 852 2935 integra
876 2903 993 2934 excepto

1045 2657 1168 2697 mutilam
1190 2658 1356 2697 esseribere.
1371 2665 1466 2697 atque
1489 2657 1543 2687 hic
1561 2661 1616 2697 loci
1633 2666 1850 2697 repraesentare.

1046 2690 1186 2732 [iraaeipue
1208 2693 1332 2732 imitatus
1352 2690 1461 2732 videtur
1484 2701 1580 2723 auctor
1597 2690 1760 2732 Greg‘orium
1785 2690 1852 2726 Na-

1047 2727 1208 2763 zianzennm
1219 2727 1295 2756 Orat.
1307 2729 1332 2756 in
1343 2734 1436 2757 sancta
1447 2730 1561 2763 lumina,
1570 2732 1614 2758 ubi
1629 2727 1674 2759 ille
1687 2738 1740 2759 tam
1751 2734 1852 2762 multis

1046 2762 1149 2803 absona
1159 2763 1391 2803 gentiliuntsacra
1403 2766 1528 2803 traducit.
1541 2766 1630 2803 Nolim
1642 2776 1692 2803 ego
1702 2767 1851 2797 immorari

1045 2797 1215 2859 ἓίίιᾞοῗὲιίἰε
1227 2798 1336 2832 fabulis,
1354 2807 1422 2834 quas
1436 2802 1590 2837 perstiilgit.
1608 2797 1698 2830 Adevat
1708 2803 1755 2838 qui
1770 2805 1850 2832 volet

1077 2841 1089 2859 γ
1116 2841 1141 2859 ιο
1171 2841 1229 2859 eos.

1046 2839 1229 2868 mytnotogos.

1077 2867 1116 2902 (d)
1139 2867 1181 2896 εκ
1192 2868 1409 2900 Eminentissimi
1423 2871 1571 2902 cardinalis
1587 2873 1716 2902 Mazarini
1730 2874 1852 2905 Codice.
