1945 3088
104 168 147 202 5ίθ
477 167 642 199 HOMILlA
666 167 691 197 Ῑ.
711 178 744 184 -
765 165 805 196 ΙΝ
823 166 876 196 SS.

940 166 1029 196 lRLE
1049 167 1323 201 NATIVITATEM;

1675 174 1729 206 550

105 233 168 261 ρεως,
183 223 295 260 οὐδεμία
310 224 365 251 τῶν
375 223 405 257 ἐξ
421 223 506 259 αὐτῆς
527 223 793 257 ἁναὸλαστησάντων
816 221 877 247 ἐπι-

942 230 988 258 psa
1013 223 1236 258 germinantium,
1257 225 1330 252 nulla
1354 225 1503 254 illucescet.
1525 226 1589 254 Ideo
1610 235 1729 263 namque

106 271 225 306 φαίνεται.
257 271 419 302 Ἀνάστασις
450 271 516 304 γὰρ,
536 271 576 296 ὅτι
603 270 738 300 θάνατος·
766 268 880 299 θάνατος

103 318 135 350 δὲ,
143 318 176 344 ὅτι
192 317 356 353 σταύρωσις·
370 316 525 353 σταύρωσις
539 316 578 348 δὲ,
591 316 632 343 ὅτι
645 316 771 350 Λάζαρος
783 322 881 349 τεταρ-

103 365 166 395 ταῖος
177 363 240 399 ᾂδου
256 363 349 390 πυλῶν
363 362 522 398 ἀνελήλυθε·
548 362 596 389 καὶ
621 362 718 396 τυφλοὶ
733 360 879 396 βλέπουσι·

104 410 143 437 καὶ
155 410 245 445 κλίνην
259 410 302 444 ἐφ’
320 407 354 445 ἧς
368 410 467 442 ἔκειτο,
479 410 557 445 φέρει
571 408 676 444 τρέχων
689 409 702 435 ὁ
716 407 880 443 παράλυτος·

103 456 202 483 καὶτῶν
216 455 463 491 παραδοξουμένων
482 455 589 491 ἔργων·
611 455 641 481 οὐ
663 454 718 489 γὰρ
738 453 882 488 ἐπίκαιρον

103 503 177 530 πάντα
194 503 365 537 καταλέγειν·
380 502 416 529 τὰ
427 502 566 534 ἐπίλοιπα,
577 501 595 528 ἃ
611 501 642 527 τὸ
659 499 795 527 Ἰουδαίων
807 499 882 530 ἔθνος

102 549 152 576 δέον
164 547 282 581 δοξάζειν
308 548 356 575 καὶ
372 549 513 583 ἀνυμνεῖν,
533 548 574 578 εἰς
591 547 689 581 φθόνον
714 545 880 578 ἐξέκαυσεν·

102 595 141 629 ἀφ’
150 590 180 621 ὀὗ
193 594 239 620 τὸν
252 584 323 621 κατὰ
336 593 382 620 τοῦ
401 594 527 629 Σωτῆρος
542 593 587 619 ἐπ’
603 591 706 627 ὀλέθρῳ
728 591 803 626 σφῶν
817 590 882 624 φθό-

101 649 139 668 νον
154 646 165 661 ι
177 640 398 675 ὲπαλαμήσαντο.
415 639 509 666 Ταῦτα
530 639 573 671 δὲ,
593 639 634 665 ὅτι
650 637 768 673 Χριστὸς
784 636 884 671 βαπτι-

103 684 216 719 σάμενος,
234 684 281 710 καὶ
291 683 355 714 τοὺς
365 682 526 717 ἀνθρώπους
543 682 592 717 τῆς
617 682 724 717 πλάνης
748 680 885 707 ἀπολυσά-

102 738 183 765 μενος,
212 729 285 765 ἔργῳ
311 729 359 756 καὶ
385 729 457 764 λόγῳ
469 729 518 764 τὴν
537 728 702 762 θεογνωσίαν
721 727 861 754 ἐδίδασκεν
874 734 882 741 ·

101 777 217 812 βάπτισις
232 776 322 807 δὲ.ὅτι
339 776 475 811 γέννησις·
493 775 612 811 Χριστοῦ
628 775 656 801 δὲ
675 774 813 809 γέννησις,
824 781 885 799 συν-

100 823 182 858 τόμως
195 823 243 849 καὶ
258 822 348 854 καλῶς
365 822 465 854 εἰπεῖν,
481 822 521 848 ὅτι
537 821 677 856 Παρθένου
692 819 819 854 γέννησις
829 827 836 834 ’
856 819 885 846 ὲν

100 867 309 907 ᾖκαινιζόμεθα,
325 869 373 895 καὶ
387 869 420 903 ἢν
431 868 572 903 ἑορτάζειν
585 866 739 902 ἡξιώμεθα.
751 865 831 893 Οὕτω
845 864 885 901 ῥί-

101 915 154 949 ζης,
169 916 184 951 ἦ
199 915 302 950 πηγῆς,
320 914 336 950 ἢ
351 914 484 950 θεμελίων
501 914 590 947 λόγον,
611 913 628 948 ἢ
650 913 700 939 οὐκ
717 910 763 938 οἶδ’
778 912 820 938 ὃτι
838 911 885 938 καὶ

100 962 254 996 οἰκειότερον
271 961 350 992 εἴπω,
367 961 384 995 ή
397 960 548 995 παρθενικὴ
562 958 704 994 πληροῦσα
719 958 884 993 πανήγυρις,

101 1008 212 1039 ἐκείναις
229 1016 259 1034 τε
275 1009 377 1039 πάσαις
394 1007 508 1038 εἰκότως
522 1006 695 1040 ἀγλαΐζεται,
716 1004 763 1031 καὶ
778 1003 887 1035 πολλοῖς

100 1052 144 1079 καὶ
171 1052 298 1087 μεγάλοις
321 1051 499 1086 ὲνδιαπρέπει
527 1050 689 1086 χαρίσμασι,
721 1050 769 1076 καὶ
788 1057 887 1083 παγκο-

102 1097 177 1133 σμίου
191 1097 328 1132 σωτηρίας
346 1096 438 1132 ἡμέρα
454 1097 628 1132 γνωρίζεται.

132 1273 254 1309 Σήμερον
268 1273 323 1307 γὰρ
340 1273 510 1309 ήῐῙαρθὲνος
526 1272 627 1307 μήτηρ,
650 1272 682 1298 ἐκ
706 1272 816 1307 στείρας
837 1278 888 1305 μη-

97 1320 158 1356 τρὸς
170 1318 357 1351 ἀποτίκτεται,
374 1319 422 1345 καὶ
439 1319 489 1353 τῆς
504 1317 674 1352 Δεσποτικῆς
695 1316 843 1352 ἐπιδημίας
857 1315 889 1342 τὸ

97 1365 224 1392 παλάτιον
242 1364 442 1398 εὐτρεπίζεται.
458 1364 582 1399 Σήμερον
602 1363 690 1398 δεσμὰ
717 1362 888 1398 στειρώσεως

96 1412 197 1442 λύεται,
211 1412 258 1438 καὶ
273 1411 322 1445 τῆς
339 1410 487 1446 παρθενίας
506 1411 540 1436 τὰ
563 1410 675 1444 κλεῖθρα
695 1409 887 1445 σφραγίζεται.

97 1456 142 1490 οἷς
158 1458 211 1494 γὰρ
223 1458 304 1493 νηδὺς
317 1458 422 1491 ἄγονος.
436 1457 483 1484 καὶ
492 1457 588 1491 λόγους
602 1455 773 1491 νεκρωθεῐσα
786 1456 889 1482 τεκνώ-

97 1513 175 1537 σεως,
191 1505 296 1539 καρπὸν
311 1505 374 1539 παρ’
386 1503 498 1535 ἐλπίδας
510 1503 611 1538 ὡραῖον
628 1503 796 1538 προήνεγκεν
807 1511 814 1518 ·
828 1500 889 1528 τού-

931 270 1098 298 rcsurrectio
1110 275 1162 303 est,
1180 271 1243 306 quia
1256 279 1331 299 mors
1344 281 1350 299 :
1368 280 1442 300 mors
1453 278 1559 306 autem,
1587 275 1650 309 quia
1665 283 1727 303 cru—

934 316 1025 344 cifixio
1043 325 1050 343 :
1069 317 1223 350 cruxilixio,
1247 317 1310 352 quia
1335 317 1455 346 Lazarus
1476 319 1681 353 quadriduanns
1695 313 1749 348 ab.

932 362 1030 390 inferni
1059 363 1145 398 portis
1173 370 1302 391 reversus
1327 368 1383 396 est;
1402 371 1434 391 ac
1455 365 1518 399 quia
1539 365 1603 393 caeci
1624 365 1729 399 vident,

932 409 1161 444 paralyticusque,
1182 409 1284 436 lectum
1309 408 1338 436 in
1361 417 1415 444 quo
1435 409 1546 444 iacebat
1562 415 1653 446 portat
1667 416 1730 438 cur‘

932 464 997 483 rens
1029 464 1037 482 :
1069 463 1101 483 ac
1127 456 1239 483 demum
1265 455 1329 491 quia
1356 455 1517 483 admiranda
1542 456 1593 483 alia
1625 461 1731 492 patrata

932 510 1015 538 opera
1039 502 1101 537 (nec
1121 502 1195 529 enim
1220 510 1270 537 per
1286 506 1395 537 tempus
1409 501 1473 529 licet
1487 509 1650 537 percensere
1664 510 1726 530 om-

934 549 989 582 nia)
1005 548 1105 583 quibus
1121 547 1280 576 Judaaorum
1298 547 1428 582 populus,
1445 555 1507 574 cum
1524 548 1556 575 ad
1575 547 1682 575 laudem
1699 555 1732 575 ac

933 595 1040 622 cantica
1064 594 1206 628 provocari
1231 593 1382 626 debuisset,
1410 593 1513 621 invidia
1537 594 1658 626 exarsit;
1677 601 1731 628 qua

934 641 1122 672 permoveute,
1144 637 1173 664 in
1189 645 1269 664 suum
1286 637 1336 671 ipsi
1354 637 1497 665 interitum
1519 636 1667 665 Salvatoris
1680 645 1729 665 nc-

935 693 994 712 ccm
1018 685 1103 712 moliti
1124 689 1198 711 sunt.
1217 683 1280 710 Haec
1296 686 1386 711 autem
1407 692 1441 711 eo
1459 684 1546 716 fuere,
1562 684 1632 719 quod
1647 683 1732 711 Chrim

935 735 993 759 slus
1006 732 1158 766 baptizans.
1174 736 1255 766 atque
1268 732 1302 759 ab
1316 730 1486 758 infidelitatis
1499 737 1594 757 errore
1606 729 1732 756 homines

936 776 1065 810 liberans,
1088 784 1171 811 opere
1198 776 1302 811 pariter
1322 779 1404 810 atque
1424 781 1564 806 sermone,
1583 773 1628 800 Dei
1644 773 1734 800 scien-

937 822 1002 850 tiam
1033 830 1064 849 ac
1087 822 1168 849 fidem
1189 821 1301 849 doceret
1322 829 1330 848 :
1354 820 1509 855 baptismus
1533 823 1644 852 autem,
1668 818 1732 853 quia

937 868 1088 896 nativitas:
1114 867 1214 895 Christi
1240 872 1331 894 autem
1357 866 1496 898 nativitas,
1523 869 1552 892 ut
1577 872 1684 892 summa
1701 871 1733 891 ac

937 914 1066 950 praeclare
1089 913 1188 945 dicam,
1216 913 1277 947 quia
1301 911 1419 947 Virginis
1448 910 1577 938 nativitas
1602 918 1609 936 :
1633 909 1659 936 in
1679 916 1733 944 qua

937 960 1088 991 initiamur,
1121 966 1256 994 quamque
1281 958 1433 986 meruimus
1457 957 1604 985 celebrare.
1629 956 1734 989 Quam-

937 1006 1042 1036 obrem,
1053 1004 1163 1036 radicis,
1180 1003 1307 1036 fontisve,
1323 1007 1370 1030 aut
1386 1001 1622 1031 fundamenti.vel
1637 1001 1733 1028 nescio
1755 1029 1759 1033 η

937 1051 1001 1086 quid
1027 1050 1182 1086 gertnanius
1207 1057 1240 1077 ae
1261 1049 1346 1084 magis
1365 1048 1505 1084 proprium
1531 1047 1633 1079 dicam,
1649 1040 1742 1073 ratio?

937 1104 1016 1129 nem,
1051 1095 1189 1130 virginalis
1219 1094 1353 1121 festivitas
1381 1093 1516 1128 implens,
1551 1093 1603 1120 illis
1631 1092 1733 1127 pariter

938 1142 1074 1170 universis
1101 1142 1272 1173 honestatur,
1303 1148 1334 1167 ac
1360 1139 1503 1174 splendet,
1535 1139 1680 1173 multisque
1700 1145 1732 1165 ac

939 1187 1045 1223 magnis
1068 1187 1210 1222 prtepollet
1231 1187 1321 1220 donis,
1337 1193 1368 1213 ac
1385 1185 1478 1213 mundi
1497 1184 1619 1212 universi
1632 1184 1731 1212 salutis

939 1234 998 1262 dies
1013 1234 1145 1261 noscitur.

974 1281 1062 1307 Hodie
1074 1280 1146 1307 enim
1157 1279 1238 1315 Virgo
1247 1283 1344 1312 mater,
1359 1287 1390 1306 ex
1404 1284 1490 1305 matre
1501 1277 1588 1304 sterili
1599 1276 1732 1309 nascitur,

941 1326 1129 1361 Dominicique
1151 1328 1285 1354 adventus
1305 1325 1435 1360 palatium
1452 1327 1630 1359 praeparatur.
1645 1322 1733 1349 Hodie

941 1373 1084 1401 solvuntur
1106 1371 1260 1399 sterilitatis
1283 1370 1400 1402 vincula,
1425 1378 1456 1396 ac
1479 1368 1641 1408 virginitatis
1655 1367 1731 1394 elau-

940 1424 996 1447 stra
1017 1418 1207 1453 obsignantur.
1234 1417 1339 1449 Quibus
1353 1416 1427 1443 enim
1446 1415 1609 1441 infecundus
1624 1418 1733 1444 uterus,

941 1471 973 1491 ac
990 1464 1071 1497 cujus
1083 1462 1212 1498 proliﬁcee
1228 1462 1348 1489 rationes
1363 1465 1494 1488 emortum
1506 1463 1608 1490 essent.
1624 1459 1734 1494 prmtzla-

941 1516 1002 1536 rum
1021 1508 1139 1535 fructum
1155 1507 1279 1542 protulit,
1299 1514 1361 1533 cum
1377 1513 1441 1540 spes
1456 1505 1546 1532 omnis
1558 1505 1683 1537 abesset;
1700 1504 1734 1531 iis

95 1559 151 1582 τοις
166 1551 212 1576 καὶ
227 1551 256 1577 τὸ
268 1550 317 1585 τῆς
331 1549 480 1585 παρθενίας
505 1549 685 1585 μνηστεύεται
709 1549 885 1584 ,ᾁδιάψθοροη

940 1562 1048 1591 quoque
1075 1553 1213 1589 virginalis
1238 1553 1407 1587 incorrtlptio
1431 1552 1608 1586 promittitur,
1627 1554 1734 1585 partus-

95 1598 143 1624 καὶ
157 1597 187 1623 τὸ
203 1597 295 1632 θαῦμα
309 1597 359 1631 τῆς
379 1597 527 1632 κυοφορίας
549 1597 687 1632 έπιδήλοις
708 1596 800 1631 ἔργοις
822 1605 889 1631 προ-

95 1643 268 1678 αγγέλλεται,
284 1643 437 1678 ’Υπερφυὲς
454 1643 504 1678 μὲν
517 1643 597 1675 τόκος
609 1642 806 1677 ἄνανδροςδια).
818 1651 890 1677 παρ-

95 1687 188 1719 θενίας
201 1687 310 1722 φυλακὴ
326 1687 396 1722 μετὰ
413 1687 558 1721 γέννησιν·
574 1687 637 1722 νικᾷ
651 1687 680 1713 δὲ
702 1687 820 1721 θεσμοὺς
838 1687 890 1721 φύ-

95 1742 165 1765 σεως
181 1733 228 1760 καὶ
243 1734 338 1768 στεῖρα
353 1733 423 1767 μετὰ
440 1733 530 1768 γῆρας
557 1732 755 1767 γεωργουμένη
773 1732 821 1758 καὶ
847 1732 889 1758 τί·

93 1788 209 1812 κτουσα,
236 1779 345 1813 καὶτῆς
359 1778 499 1814 Παρθένου
515 1778 561 1804 τὸν
586 1778 675 1811 τόκον,
689 1777 722 1803 δι’
752 1773 789 1803 ὧν
803 1785 886 1812 caput"

93 1826 266 1860 τουργεῖται,
286 1823 507 1859 προοιμιάζεται.
531 1824 654 1859 Σήμερον
681 1823 726 1850 τὸν
740 1823 890 1858 ὀνειδισμὸν

91 1873 146 1907 τῆς
160 1872 287 1902 ἀτεκνίας
302 1872 318 1906 ἡ
339 1871 423 1897 Ἀννα
437 1870 585 1904 θερίςεται,
600 1871 647 1897 καὶ
659 1870 709 1905 τῆς
729 1870 816 1905 χαρᾶς
827 1870 890 1900 τοὺς

93 1917 202 1952 στάχυς
232 1918 249 1952 ἡ
273 1916 422 1951 οἰκουμένη
451 1916 627 1951 καρπίζεται.
645 1915 740 1951 Πατὴρ
767 1914 861 1946 παιδος
876 1915 891 1940 ό

98 1961 233 1996 Ἰωακεὶμ
247 1961 422 1995 ὀνομάζεται,
439 1961 546 1995 καὶτῆς
558 1960 693 1991 υἱοθεσίας
708 1960 789 1995 ἡμεῖς
804 1959 891 1995 ἀρῤα-

92 2007 271 2043 ϐωνιςόμεθα
287 2007 318 2033 τὸ
333 2005 452 2042 ἀξίωμα.
467 2006 590 2042 Σήμερον
600 2007 617 2042 ἡ
637 2004 813 2041 Παρθένος.ἐξ
825 2004 890 2038 ἀγό-

91 2063 150 2082 νων
174 2053 294 2088 λαγόνων
317 2053 492 2088 προέρχεται,
504 2052 551 2079 καὶ
569 2052 619 2084 τὶς
635 2052 717 2086 γονὰς
736 2051 785 2086 τῆς
800 2052 891 2087 ἁμαρ-

88 2100 157 2131 τίας
173 2100 191 2134 ἡ
219 2099 364 2135 στείρωσις
390 2099 560 2133 διαδέχεται·
575 2098 623 2125 καὶ
650 2098 701 2133 τῆς
724 2097 891 2132 Συναγωγῆς

89 2146 151 2173 τῶν
185 2145 320 2172 Ἰουδαίων
346 2145 458 2180 χηρεύει
486 2145 515 2171 τὸ
534 2144 681 2179 πλήρωμα,
710 2145 757 2170 καὶ
772 2143 827 2170 τῶν
840 2143 891 2178 τῆς

95 2190 268 2225 Ἐκκλησίας
285 2191 394 2217 κόλπων
411 2190 446 2217 τὰ
460 2191 542 2216 τέκνα
553 2190 740 2224 προκύπτουσι
754 2210 762 2223 ,
779 2188 891 2224 Χριστῷ

89 2237 133 2272 τῷ
146 2237 259 2272 νυμφῑῳ
274 2236 433 2272 θεοπρεπῶς
446 2235 617 2271 αὑξανόμενά
637 2244 668 2262 τε
690 2236 738 2262 καὶ
758 2235 890 2271 πληθυνό-
903 2230 930 2260 Ι)

90 2291 180 2319 μενοι.
202 2282 247 2314 Ἐξ
261 2281 367 2316 ἀγόνων
382 2281 503 2315 λαγόνων
519 2282 536 2315 ἡ
556 2281 694 2316 Ιιαρθένος
714 2281 890 2316 προέρχεται,

86 2330 138 2355 ὅτε
167 2328 216 2356 καὶ
236 2328 356 2363 γονίμων
383 2327 467 2354 ὄντων
481 2328 495 2353 ὁ
511 2326 590 2359 τόκος
608 2326 771 2362 παράδοξος.
784 2328 816 2353 ’Ὠ
842 2326 891 2353 τοῦ

86 2373 253 2407 θαύματοςί
282 2373 326 2400 ὅτε
349 2373 398 2408 τῆς
415 2373 519 2407 σπορᾶς
547 2373 560 2399 ό
577 2372 672 2408 χρόνος
699 2372 891 2405 ἐξέλιπειτότε

85 2419 141 2446 τοῦ
161 2419 270 2454 καρποῦ
285 2419 331 2453 τῆς
348 2419 433 2454 φορᾶς
449 2419 462 2445 ό
482 2419 577 2453 καιρὸς
599 2418 788 2453 ἐπεδήμησεν·
802 2418 846 2444 ὅτε
861 2417 891 2444 τὸ

85 2465 154 2499 πῦρ
171 2465 290 2500 ἐσϐέσθη
304 2465 354 2500 τῆς
369 2464 528 2500 ἐπιθυμίας,
541 2464 601 2491 τότε
643 2463 756 2499 λαμπὰς
783 2464 891 2498 ἀνήφθη

84 2512 146 2546 τῆς
163 2511 348 2543 παιδοποιΐας.
364 2511 469 2546 Νεότης
484 2511 564 2542 ἄνθος
576 2510 625 2537 οὐκ
642 2511 752 2545 ἤνεγκε,
772 2510 817 2536 καὶ
832 2510 895 2545 βλα-

85 2557 162 2584 debv
175 2557 207 2583 τὸ
220 2556 308 2591 γῆρας
322 2557 514 2594 προϐάλλεται,
528 2556 645 2590 γαστρός
658 2556 739 2590 δγκος
752 2555 894 2591 ἀκμαζού-

83 2611 146 2636 σης
171 2602 224 2629 οὐκ
251 2602 375 2638 ἐγνώσθη
403 2603 520 2637 φύσεως,
549 2601 595 2629 καὶ
612 2602 774 2637 ὑπεράκμου
799 2601 895 2636 νηδΰος

83 2648 285 2684 ἀειπάρθενον
303 2649 404 2684 βρέφος
416 2648 579 2684 γνωρίζεται
594 2648 699 2684 κύημα.

135 2696 214 2724 ’Λλλ“
245 2697 368 2732 ἀπορεῖς,
384 2695 522 2731 ἄνθρωπε,
551 2696 575 2723 εὶ
603 2697 620 2731 ἡ
647 2697 741 2732 στεῖρα
767 2696 895 2729 τέτοκεν;

940 1608 994 1636 que
1026 1600 1187 1628 miraculum
1222 1598 1376 1634 perspicuis
1405 1599 1487 1625 rebus
1521 1599 1733 1632 przenuntiatur.

941 1646 1072 1682 Equidem
1098 1645 1197 1673 eximia
1221 1653 1276 1677 res,
1303 1653 1336 1672 ac
1355 1649 1410 1672 tota
1434 1644 1500 1678 quid
1516 1644 1603 1678 majus
1622 1647 1733 1674 natura,

940 1697 1035 1727 partus
1060 1692 1119 1718 sine
1144 1691 1221 1722 viro,
1247 1697 1279 1717 ac
1302 1693 1409 1717 servata
1435 1689 1578 1723 virginitas
1603 1688 1637 1715 ab
1661 1688 1733 1715 edita

941 1738 1035 1773 prole;
1050 1745 1143 1764 verum
1156 1742 1261 1764 natura:
1276 1744 1384 1772 quoque
1395 1737 1456 1771 jura
1474 1741 1595 1772 superat,
1612 1741 1640 1763 ut
1652 1737 1734 1764 steri-

941 1783 974 1810 lis
998 1791 1013 1809 a
1031 1782 1108 1809 senio
1125 1781 1292 1809 fecunditate
1313 1785 1455 1816 augeatur,
1472 1781 1632 1815 pariatque;
1648 1789 1679 1807 ac
1695 1781 1733 1808 rei

942 1827 1112 1864 prodigium,
1132 1827 1256 1862 virginali
1284 1826 1372 1861 partui
1398 1826 1511 1854 exordio
1533 1827 1620 1861 praeit.
1646 1826 1734 1854 llodie

941 1874 1019 1901 Anna
1045 1873 1196 1900 sterilitatis
1222 1872 1399 1907 opprobrium
1425 1876 1567 1907 amputat;
1589 1872 1734 1908 gaudiiqne

942 1923 1049 1955 segetes
1070 1924 1203 1946 terrarum
1226 1918 1300 1945 orbis
1323 1918 1412 1945 metit.
1434 1917 1558 1945 Joachim
1575 1918 1671 1952 puclla:
1686 1925 1735 1953 ap-

943 1965 1060 2000 pellatur
1079 1969 1167 1999 pater,
1189 1971 1294 1998 nosque
1313 1963 1470 1998 adoptionis
1484 1964 1666 1990 arrhabonem
1683 1964 1736 1991 ho-

943 2011 1017 2038 noris
1046 2010 1157 2038 cumulo
1170 2010 1331 2045 accipimus.
1347 2010 1436 2038 Hodie
1451 2009 1532 2046 νὴ*εο
1550 2018 1583 2037 ex
1605 2010 1735 2037 infecun-

942 2058 984 2086 dis
1010 2057 1110 2085 lumbis
1132 2057 1272 2092 procedit,
1300 2057 1460 2092 peccatique
1481 2056 1613 2084 fecundos
1641 2058 1736 2092 partus

942 2097 1076 2132 sterilitas
1091 2103 1212 2138 excipit,
1239 2102 1387 2138 Synagoga:
1407 2102 1564 2129 Judaeorum
1583 2107 1671 2130 cintus
1693 2103 1736 2130 vi-

942 2150 1013 2177 duus
1037 2152 1138 2179 manet,
1165 2154 1254 2182 exque
1281 2146 1408 2173 Ecclesia
1431 2146 1493 2173 sinu
1518 2145 1565 2172 ﬁlii
1587 2146 1732 2180 prodeunt,

942 2194 988 2228 qui
1010 2192 1118 2220 Christo
1143 2198 1244 2226 sponso
1265 2190 1356 2217 divine
1378 2195 1512 2222 crescant,
1537 2197 1567 2217 ac
1590 2190 1669 2224 pleno
1681 2198 1733 2217 nu-

944 2246 1020 2266 mero
1035 2243 1196 2273 augeantur.
1213 2237 1342 2264 Procedit
1356 2236 1432 2271 virgo
1449 2236 1497 2263 abs
1512 2236 1651 2263 sterilibus
1667 2236 1734 2263 lum«

943 2286 996 2317 bis,
1018 2289 1085 2316 tum,
1107 2291 1170 2311 cum
1187 2284 1269 2310 etiam
1290 2282 1324 2309 iis
1346 2282 1470 2310 fecundis
1492 2286 1587 2317 partus
1603 2281 1737 2309 mirabilis

943 2338 976 2358 ac
999 2330 1123 2357 insolitus
1148 2329 1227 2356 foret.
1251 2329 1272 2355 0
1284 2335 1341 2355 rem
1355 2327 1524 2355 mirabilem!
1541 2335 1603 2354 cum
1620 2327 1738 2354 defecis-

944 2381 986 2404 set
1010 2375 1142 2403 sementis
1165 2380 1284 2410 tempus,
1299 2379 1364 2401 tunc
1379 2373 1507 2400 editionis
1520 2372 1624 2400 fructus
1636 2380 1737 2407 oppor-

945 2422 1047 2448 tunitas
1070 2420 1183 2448 advenit
1206 2429 1212 2447 :
1240 2419 1285 2447 ubi
1311 2418 1469 2454 cupiditatis
1491 2418 1560 2453 ignis
1585 2419 1738 2446 exstinctus

945 2474 1027 2501 esset,
1054 2473 1119 2495 tunc
1144 2466 1317 2494 fecunditatis
1338 2465 1380 2492 fax
1404 2473 1518 2493 accensa
1533 2470 1584 2492 est.
1603 2465 1738 2494 Iuventus

944 2521 999 2541 non
1027 2513 1142 2548 protulit
1167 2513 1272 2546 florem,
1300 2520 1467 2548 germenque
1493 2518 1621 2540 senet-tus
1648 2513 1705 2540 edit
1728 2523 1736 2541 :

943 2560 1031 2595 vegeti
1058 2559 1126 2586 uteri
1148 2564 1238 2586 tumor
1264 2559 1372 2594 ignotus
1392 2558 1454 2591 fuit,
1479 2558 1618 2594 ell‘mtique
1635 2559 1739 2587 ventris

943 2607 1020 2641 virgo
1035 2610 1166 2641 perpetua
1184 2605 1274 2632 infans
1291 2604 1415 2632 noscitur
1430 2609 1536 2640 partus.

987 2695 1144 2726 Enimvero,
1166 2694 1274 2722 dubitas
1294 2694 1388 2729 homo,
1412 2702 1478 2722 num
1499 2694 1601 2723 sterilis
1623 2700 1738 2729 pepere-

747 2798 863 2828 ῩΑΒΙΔΕ
879 2796 1084 2826 LECTIONES.

151 2899 168 2914 ⁸
195 2891 265 2924 Lego
280 2891 366 2926 φόνον.
