1945 3088
207 162 258 195 551

208 218 265 246 rit?
293 216 423 250 Quinimo
447 216 565 252 quaeris,
592 215 692 252 quibus
720 220 746 243 te
773 223 883 250 quoque
911 214 1004 242 mirari
1020 217 1044 246 Α

210 265 364 299 oportebat,
387 264 487 298 quibus
510 263 679 291 admiramur
700 263 762 298 ipsi,
777 267 808 290 ut
819 263 929 298 dignam
945 269 1003 289 rem

186 309 341 336 -miraculo
368 309 512 336 ridic‘ulam
541 309 643 342 facias,
668 316 851 343 spernasque,
878 316 910 336 ac
939 315 1005 335 num

210 354 311 382 sterilis
326 354 423 389 pariat,
444 355 533 382 verbis
550 355 716 382 contendis?
731 355 758 382 Si
773 355 845 382 enim
865 363 917 382 uou
935 355 1007 390 parit

210 399 327 429 sterilis,
340 407 390 426 nec
403 407 464 434 qua:
476 400 659 435 paritsterilis
671 403 731 434 est;
748 400 884 435 quomodo
899 400 1004 427 arentia

211 445 293 472 ubera
320 446 348 473 in
377 446 454 474 lactis
476 446 566 474 fontes
587 447 744 475 acuuntur?
770 447 909 482 Siquidem
932 448 1006 475 enim

210 496 339 519 senectus
366 493 507 528 sanguinis
541 493 684 521 thesauros
714 493 802 521 nescit
834 493 1006 527 recondere,

210 537 349 571 quomodo
370 538 443 573 quod
470 546 595 566 mamma:
618 547 671 566 non
687 543 864 574 acceperunt,
883 539 911 566 in
927 539 1007 567 laetis

210 582 339 610 dealbaut
366 583 509 617 speciem?
533 583 585 616 Qui
605 592 669 611 vero
684 585 766 611 etiam
779 585 858 612 vulva
871 589 1006 618 emortua,

211 633 345 656 maturant
371 629 516 664 vivamque
536 631 640 665 prolem
657 631 722 663 edit,
739 639 855 665 eamque
870 631 927 666 ipsa
940 639 1007 659 con-

212 675 290 707 tinet.
316 680 343 703 et
368 676 432 703 alit?
459 676 521 703 llaec
540 682 567 704 tu
581 678 714 705 adversus
731 678 859 713 teipsum,
878 682 1007 713 tuamque

212 722 350 749 subtiliter
376 724 486 749 consuis
506 723 620 749 salutem
636 723 716 758 :quis
731 732 832 758 nempe
848 724 1005 751 cxsisteus?

213 768 269 796 Nec
290 768 363 795 enim
386 777 457 801 unus
478 769 540 804 quis
564 769 686 796 ﬁdelium
706 770 831 802 exsistas,
850 778 883 797 ac
900 777 1007 804 eorum,

214 815 260 848 qui
284 814 414 841 miracqu
430 815 504 850 digni
521 815 587 842 sint.
611 815 677 842 Nam
701 823 790 850 neque
806 816 892 843 lidelis
907 817 1008 851 produ—

213 866 301 893 catur,
314 861 359 896 qui
373 861 405 889 iis
417 862 529 896 abroget
542 862 633 894 ﬁdem,
648 870 695 897 per
705 871 766 897 qua:
780 863 846 890 lides
860 864 1006 897 astruitur;

214 908 261 935 sed
280 907 401 935 Judrcus.
422 907 457 934 At
471 908 617 943 quomodo,
636 916 667 935 ac
683 908 728 936 ubi
743 909 790 935 tibi
806 909 909 936 excidit
922 909 1009 937 Sara?
1027 899 1046 928 Β

215 953 310 980 Nonne
323 953 395 981 cnim
417 954 472 985 illa,
487 954 636 982 senectutis
647 962 678 982 ac
689 955 840 982 sterilitatis
856 955 1012 990 dispendiis

215 1000 317 1027 editam
346 1000 462 1035 prolem,
488 999 563 1028 Isaac
587 1000 675 1027 vidit?
697 999 838 1035 Siquidem
854 1001 932 1028 Anna
950 1001 1012 1029 ani-

202 1043 291 1074 'mum
314 1046 362 1073 tibi
387 1046 546 1078 confundit,
565 1054 597 1073 ac
612 1047 722 1078 turbat,
739 1047 838 1082 potiori
852 1048 914 1082 jure
931 1048 1009 1080 Sara,

215 1092 325 1127 quando
338 1093 420 1120 etiam
437 1093 520 1128 prior.
533 1092 610 1125 Quod
625 1093 648 1119 si
662 1094 713 1132 boc
725 1093 923 1120 dubitationem
937 1094 1010 1126 facit,

216 1139 261 1166 ille
290 1143 329 1171 tu,
356 1147 444 1173 neqtte
464 1139 611 1174 persentis,
635 1144 708 1166 tuam
733 1143 758 1166 te
783 1140 961 1174 prreseribere
979 1147 1012 1167 ac

215 1186 379 1214 submovere
395 1187 597 1221 cognationem,
616 1187 778 1222 radicesque
798 1196 832 1215 ex
845 1188 946 1222 quibus
963 1187 1011 1215 tibi

216 1240 292 1259 ramo
316 1241 375 1259 esse
397 1233 530 1264 accessit,
555 1238 715 1267 amputare,
745 1238 827 1267 atque
854 1242 869 1261 a
892 1234 1012 1261 Judaicis

213 1277 322 1313 juribus
339 1277 489 1304 revinceris
500 1277 658 1304 excidisse?

251 1323 288 1351 Ut
313 1323 422 1358 quidem
448 1331 497 1358 ego
515 1328 621 1350 naturrc
645 1323 716 1350 scrio
732 1329 837 1358 partum
854 1323 954 1350 factum
965 1322 1011 1350 'di-

215 1377 292 1402 ccus,
319 1376 412 1404 postea
434 1377 559 1405 rogarem
582 1369 609 1396 in
632 1377 721 1396 meam
738 1370 854 1403 pedibus
868 1369 1011 1395 manibus-

215 1421 269 1447 que
291 1413 346 1440 ires
363 1415 543 1445 sententiam,
559 1415 656 1441 merito
674 1415 804 1441 sterilitas
817 1419 990 1441 senectutem

215 1463 324 1487 natura.
347 1459 482 1486 rationum
511 1460 632 1487 laborem
653 1459 827 1495 progignerct
842 1468 851 1486 :
875 1467 936 1493 cum
963 1467 1012 1486 au-

217 1509 271 1532 tem
288 1505 388 1532 divime
402 1506 495 1540 gratia:
510 1513 579 1540 opus
594 1506 717 1537 doceam,
731 1506 794 1540 quid
809 1506 921 1540 gratiam
935 1505 1010 1540 cogis

216 1550 320 1577 servire
345 1555 460 1581 natura},
477 1550 555 1585 cujus
567 1551 610 1577 illa
626 1559 733 1585 semper
747 1551 879 1577 dominari
893 1558 1005 1586 compa-

217 1602 274 1623 rata
294 1598 357 1623 est?
376 1597 445 1624 Num
465 1598 595 1624 Adamum
611 1597 731 1624 admittis
747 1606 762 1624 e
777 1598 833 1624 luto
848 1597 1006 1630 formatum,

216 1651 250 1671 ac
262 1644 365 1678 absque
380 1644 521 1670 nativitate
537 1644 699 1678 productum
713 1651 772 1670 esse
784 1644 795 1670 ?
805 1644 873 1671 Num
890 1645 1010 1673 admittis

217 1694 245 1717 et
259 1690 342 1718 Evam
360 1691 460 1725 absque
475 1691 570 1725 copula
586 1691 697 1721 editam,
713 1698 744 1717 ac
755 1690 858 1724 lateris,
872 1696 1009 1726 costaaque

217 1744 329 1772 germen
355 1737 437 1763 esse?
464 1741 492 1763 ut
520 1736 598 1770 plane
623 1744 678 1763 non
704 1736 761 1763 ba'c
786 1736 860 1764 dicas
873 1737 1009 1764 rationem

218 1787 332 1810 natm-te.
346 1782 411 1815 Quae
427 1782 499 1809 enim
519 1782 637 1808 humana
653 1782 829 1809 successione
849 1783 964 1810 accretio
978 1789 1010 1810 ac

217 1829 371 1864 procreatio
390 1833 443 1860 est,
460 1828 570 1854 modum
589 1828 672 1854 alium
686 1828 870 1862 processionis
885 1836 1008 1861 servans,

219 1883 274 1902 non
303 1875 368 1902 sinit
401 1879 432 1902 ut
452 1875 560 1902 illorum
584 1875 785 1909 processionem
811 1879 916 1902 natura:
941 1883 1010 1910 opus

219 1920 360 1947 existimes
383 1929 390 1946 :
415 1924 443 1946 at
463 1927 551 1954 neque
578 1928 686 1947 rursum
704 1925 732 1947 ut
745 1925 839 1947 contra
857 1925 982 1947 naturam
1001 1929 1008 1947 :

220 1967 353 2002 siquidem
399 1967 443 1993 illa
465 1967 596 1994 naturalis
628 1961 770 1994 hominum
807 1966 1011 1994 constitutionis

220 2013 384 2048 principium
409 2017 460 2039 est.
487 2013 574 2039 Divini
597 2021 661 2048 ergo
680 2013 785 2040 consilii
801 2014 846 2045 sit,
864 2018 945 2048 atque
963 2021 1011 2047 po-

219 2059 322 2086 tentim.
341 2059 410 2091 Quid
426 2059 509 2086 vero?
521 2059 590 2086 Tum
605 2060 715 2094 quidem
737 2060 859 2095 potuisse
871 2060 1009 2090 concedis,

220 2105 246 2133 in
262 2105 294 2132 iis
307 2113 414 2140 quoqtte
427 2113 487 2140 qum
500 2106 630 2140 majorem
642 2106 849 2134 admirationem
863 2103 1010 2139 habebant,

219 2153 341 2180 divinum
371 2151 488 2183 Numen,
516 2159 567 2178 nec
598 2157 702 2179 natura:
727 2152 849 2179 ordinem
880 2152 1011 2179 adversus

219 2200 278 2234 ejus
294 2198 427 2226 Fictorem
456 2198 587 2230 instruis;
611 2206 686 2225 nunc
699 2202 800 2229 autem,
819 2201 945 2232 tanquam
962 2206 1011 2232 pu-

220 2244 402 2272 tentissiutum
430 2252 463 2271 ac
484 2243 663 2271 itmnortalcm
689 2243 815 2269 virtutem
838 2243 910 2278 gravi
935 2243 1011 2270 senio
1028 2263 1050 2292 υ

219 2291 352 2319 defectam
377 2290 559 2322 existimares,
582 2290 641 2317 istis
662 2290 869 2317 imbecilliorem
886 2299 1009 2325 pronun-

220 2338 287 2365 tias?
308 2345 369 2365 cum
391 2336 528 2372 prioribus
553 2336 730 2368 exercitatus,
755 2345 803 2372 par
822 2341 893 2364 esset
910 2341 937 2364 ut
951 2337 1011 2365 aliis

218 2393 328 2420 quoque
349 2385 441 2419 potius
460 2384 602 2415 videreris,
624 2383 803 2411 indubitatam
830 2384 855 2411 in
875 2384 1009 2417 ejusmodi

764 160 897 192 PHOTII
917 159 1173 191 PATRIARCHE
1192 159 1248 191 CP.

1800 157 1852 189 552

1060 214 1161 250 μᾶλλον
1174 213 1203 241 δὲ
1217 213 1321 249 ζητεῖς.
1339 210 1381 245 οἷς
1395 213 1442 240 καὶ
1461 211 1491 239 σὲ
1503 211 1654 247 θαυμάζειν
1667 211 1751 247 ὲχρῆν
1773 211 1806 237 δι’
1817 208 1854 239 ὧν

1057 260 1248 295 θαυμάζομεν,
1267 259 1342 294 παρὰ
1359 259 1462 294 φαῦλον
1481 258 1575 285 Οέσθοιι
1590 258 1621 284 τὸ
1637 257 1852 293 θαυμαζόμενον,

1057 307 1104 333 καὶ
1122 306 1182 336 πῶς
1195 307 1289 341 στεῖρα
1302 306 1378 333 τέκοι
1390 305 1571 340 λογομαχεῖς;
1591 305 1622 331 Et
1644 305 1698 340 γὰρ
1714 307 1807 341 στεῖρα
1823 305 1852 332 οὐ

1056 353 1161 379 τίκτει·
1177 353 1307 380 τίκτουσα
1325 353 1353 379 δὲ
1366 353 1397 380 οὐ
1413 354 1506 387 στεῖρα
1517 360 1524 368 ’
1538 353 1596 384 πῶς
1609 352 1637 379 δὲ
1659 352 1740 387 μαζοὶ
1755 352 1853 388 ξηραν-

1058 397 1151 430 θέντες
1169 399 1210 430 ei;
1224 399 1316 434 πηγὰς
1340 398 1557 434 ἀναστομοῦνται
1577 399 1729 433 γάλακτος;
1749 400 1779 425 Et
1801 399 1853 435 γὰρ

1056 442 1235 479 θησαυρίζειν
1257 441 1327 479 αἷμα
1348 444 1380 471 τὸ
1396 444 1486 479 γῆρας
1502 444 1552 471 οὐκ
1566 442 1631 476 οἶδε,
1650 444 1710 475 πῶς
1723 445 1791 479 ὅπερ
1805 445 1854 471 οὐκ

1058 489 1156 516 ἔλαϐον
1168 491 1196 517 at
1212 490 1303 525 Οηλαὶ,
1316 490 1507 517 λευκαίνουσιν
1523 491 1563 521 εὶς
1580 489 1669 524 γάλας
1685 490 1746 522 Πῶς
1761 490 1788 516 δὲ
1805 491 1854 525 μή-

1058 545 1111 572 τρα
1124 538 1293 572 νεκρωοείσα
1308 538 1495 573 τελεσιουργεί
1514 536 1561 563 καὶ
1577 536 1720 569 ζωοποιεῖ,
1735 537 1782 563 καὶ
1795 545 1854 564 συν.

1059 583 1116 619 ἔχει
1128 584 1176 610 καὶ
1189 584 1286 619 τρέφει
1299 584 1329 611 τὸ
1343 584 1479 619 ἓμϐρυον;
1492 584 1585 611 Ταῦτα
1597 584 1629 611 σὺ
1645 585 1715 611 κατὰ
1731 585 1854 617 σεαυτοῦ,

1059 633 1106 657 καὶ
1120 631 1171 666 τῆς
1184 631 1235 664 σῆς
1248 632 1473 667 μηχανοῤῥαφεῖς
1489 631 1642 667 σωτηρίας·
1657 631 1700 661 τίς
1718 631 1773 664 ὧν;
1795 631 1854 658 Τῶν

1060 676 1165 704 πιστῶν
1181 677 1235 712 γὰρ
1253 678 1300 703 καὶ
1311 677 1393 710 ἀξίων
1419 678 1466 704 τοῦ
1493 678 1644 712 θαύματος,
1659 679 1709 704 οὐκ
1732 678 1764 705 ἂν
1777 678 1835 713 εἴης
1847 686 1853 691 ·

1059 722 1185 758 οὐδὲγὰρ
1200 723 1259 749 οὐδὲ
1275 725 1340 755 τοῖς,
1357 723 1390 750 δι’
1403 720 1440 750 ὧν
1453 725 1470 760 ἡ
1492 724 1593 756 πίστις,
1619 724 1744 750 ἀπιστεῖν
1757 724 1854 759 οὐμεν-

1060 765 1105 795 οὗν
1119 769 1132 794 ὁ
1144 768 1239 800 πιστὸς
1251 770 1469 804 παρασθήσεται,
1480 769 1547 796 ἀλλὰ
1562 769 1698 800 Ἰουδαῖος.
1723 769 1754 796 'il
1764 770 1856 806 Σέρρα

1059 815 1098 847 δὲ,
1112 814 1180 847 πῶς,
1196 815 1212 850 ἢ
1229 815 1279 841 ποῦ
1296 824 1337 842 σοι
1349 816 1555 849 διαπέπτωκενς
1571 813 1644 851 ’Λρα
1656 817 1711 851 γὰρ
1723 815 1753 842 οὐ
1765 816 1856 851 γήρως

1061 861 1108 887 καὶ
1125 861 1296 897 στειρώσεως
1312 860 1366 888 εἶδε
1384 862 1468 889 παῖδα
1489 862 1533 889 τὸν
1558 861 1668 894 Ἰσαάκ;
1685 861 1718 889 ἂν
1737 863 1753 897 ἡ
1772 863 1856 888 ’Λννα

1063 915 1104 933 σοι
1119 908 1218 941 συγχεῖ,
1243 908 1290 934 καὶ
1307 908 1439 943 ταράσσει
1456 909 1520 940 τοὺς
1550 907 1710 942 λογισμοὺς.
1732 908 1748 944 ἢ
1763 909 1856 944 Σάρρα

1065 953 1165 988 μᾶλλον
1181 954 1221 980 ὅτι
1237 954 1284 980 καὶ
1299 954 1417 989 πρῶτον.
1432 954 1482 981 Ἂν
1493 954 1573 981 τοῦτο
1585 956 1648 990 ποιῇ
1667 954 1717 990 τὴν
1736 955 1855 989 ἀμφιϐο-

1062 996 1132 1032 λίαν,
1150 1001 1251 1032 ἐκεῖνος
1268 1001 1318 1032 ab;
1328 1001 1435 1036 καὶτῆς
1449 1001 1499 1036 σῆς
1512 1001 1562 1028 οὐκ
1577 1001 1694 1038 αίσϐἀνῃ
1711 1001 1857 1037 παραγρά-

1064 1054 1121 1080 φων
1135 1046 1306 1080 συγγενείας,
1322 1047 1368 1074 καὶ
1380 1047 1486 1082 τέμνων
1501 1048 1549 1078 τὰς
1565 1046 1643 1082 ῥίζας
1660 1048 1688 1080 ἐξ
1710 1043 1747 1073 ὧν
1769 1056 1808 1074 σοι
1824 1047 1857 1073 τὸ

1063 1089 1133 1118 εἶναι
1146 1092 1244 1126 κλάδῳ,
1274 1093 1322 1118 καὶ
1347 1091 1401 1119 τῶν
1425 1092 1577 1119 Ἰουδαϊκῶν
1591 1092 1699 1128 θεσμῶν
1725 1093 1857 1128 ἐξελέγχῃ

1064 1139 1308 1172 κατενηνεγμένος.

1105 1315 1174 1350 Ἐγὼ
1189 1316 1226 1348 δὲ,
1248 1316 1272 1342 εἰ
1285 1316 1335 1351 μὲν
1351 1316 1439 1352 είρμῷ
1462 1317 1571 1351 φύσεως
1594 1318 1751 1353 πεπράχοαι
1771 1318 1858 1352 λέγων

1062 1361 1108 1388 τὸν
1121 1362 1210 1394 τόκον,
1230 1362 1327 1388 ἔπειτά
1345 1370 1374 1388 σε
1389 1362 1512 1396 ὁμονοεῖν
1529 1363 1714 1398 παρεκάλουν,
1729 1363 1818 1395 καλῶς
1841 1365 1858 1399 ἡ

1063 1409 1157 1443 στεῖρα
1171 1408 1202 1434 τὸ
1217 1409 1306 1442 γῆρας
1317 1416 1323 1422 “
1339 1409 1355 1443 ή
1372 1408 1451 1442 φύσις
1475 1408 1529 1435 τῶν
1545 1409 1735 1443 συλλογισμῶν
1762 1410 1859 1443 ἐγέννα

1062 1453 1106 1480 τὸν
1123 1454 1202 1480 πόνον
1212 1463 1218 1469 ·
1235 1455 1258 1480 εί
1273 1454 1301 1480 δὲ
1312 1454 1424 1489 χάριτος
1437 1454 1513 1486 θείοις
1530 1454 1671 1489 πρεσϐεύω
1684 1455 1732 1491 τὴν
1746 1455 1858 1488 πρᾶξιν,

1061 1500 1086 1526 τί
1099 1500 1147 1535 τὴν
1160 1500 1238 1535 χάριν
1254 1500 1368 1536 ἐκϐιάζῃ
1380 1500 1515 1527 δουλεύειν
1530 1502 1562 1536 τῇ
1579 1501 1669 1536 φύσει,
1685 1500 1719 1537 ἧς
1728 1502 1773 1527 ἀεὶ
1787 1500 1859 1536 αὕτη

1062 1546 1168 1580 πέφυκε
1184 1547 1284 1581 nupta;
1302 1549 1372 1583 Δέχῃ
1387 1548 1526 1583 τὺνἊδὰμ
1542 1549 1618 1584 πηλῷ
1633 1549 1797 1580 πλασθέντα,
1810 1555 1861 1582 καὶ

1060 1594 1144 1629 χωρὶς
1157 1595 1332 1630 παραχθέντα
1358 1596 1528 1630 γεννήσεωςς
1544 1596 1615 1632 Δέχῃ
1630 1597 1680 1632 τὴν
1708 1596 1779 1624 Εὕαν
1793 1597 1860 1624 ἄνευ

1062 1641 1220 1676 συναφείας,
1239 1642 1286 1668 καὶ
1299 1642 1420 1677 πλευρᾶς
1441 1642 1616 1678 ὑπάρχουσαν
1628 1643 1765 1678 γέννημα;
1780 1643 1860 1677 λόγον

1060 1687 1148 1713 ταῦτα
1159 1687 1266 1722 φύσεως
1281 1687 1331 1713 οὐκ
1345 1687 1379 1713 ἂν
1396 1688 1483 1713 εἰπεῖν
1498 1687 1576 1722 ἔχων.
1596 1687 1627 1714 Ἠ
1643 1687 1696 1723 γὰρ
1713 1689 1783 1714 κατὰ
1797 1688 1859 1715 διοι-

1061 1733 1142 1768 δοχὴν
1154 1734 1208 1759 τῶν
1219 1732 1371 1768 ἀνθρώπων
1388 1733 1500 1768 αὔξησίς
1515 1742 1544 1759 τε
1558 1734 1604 1760 καὶ
1619 1734 1757 1769 γέννησις,
1774 1735 1859 1770 ἄλλην

1061 1780 1137 1812 τάξιν
1150 1779 1199 1814 τῆς
1210 1780 1323 1814 προόδου
1338 1779 1520 1812 διασώζουσαι,
1539 1781 1588 1807 ούκ
1604 1781 1635 1816 ὲᾷ
1650 1781 1700 1816 τὴν
1721 1781 1859 1818 προϐολὴν

1062 1826 1173 1852 ἐκείνων
1190 1826 1298 1860 φύσεως
1319 1826 1441 1858 δοξάζειν
1452 1827 1532 1862 ἔργον
1543 1836 1549 1842 ·
1579 1827 1636 1854 ἀλλ’
1650 1828 1709 1854 οὺδέ
1724 1837 1756 1863 γε
1780 1829 1859 1864 παρὰ

1062 1872 1143 1906 φύσιν
1156 1872 1236 1899 πάλιν
1248 1880 1256 1887 ·
1273 1872 1345 1907 ἀρχὴ
1362 1873 1416 1906 γὰρ
1432 1873 1481 1907 τῆς
1500 1872 1570 1899 κατὰ
1586 1873 1666 1906 φύσιν
1681 1874 1734 1900 τῶν
1747 1874 1859 1910 ἀνθρώ-

1061 1929 1121 1946 πων
1138 1920 1305 1952 συστάσεως.
1324 1920 1405 1952 Θείας
1420 1921 1473 1954 ἄρα
1490 1921 1598 1955 βουλῆς,
1626 1922 1672 1948 καὶ
1703 1922 1804 1956 ἰσχύοςι
1823 1923 1860 1948 Τί

1061 1966 1106 1998 se;
1123 1966 1190 1992 Τότε
1208 1966 1257 2000 μὲν
1278 1966 1381 2001 ἰσχύειν
1395 1966 1446 1992 κᾶν
1463 1967 1519 1997 τοῖς
1533 1967 1761 2002 παραδοξοτέροις
1776 1968 1859 2000 δίδως

1062 2012 1091 2037 τὸ
1103 2012 1189 2043 Θείον,
1205 2012 1252 2038 καὶ
1261 2011 1310 2047 τὴν
1327 2011 1403 2044 τάξιν
1420 2012 1468 2048 τῆς
1483 2011 1591 2046 φύσεως
1608 2013 1678 2039 κατὰ
1692 2014 1738 2039 τοῦ
1753 2013 1862 2049 ταύτης

1062 2058 1110 2092 οὐχ
1125 2058 1245 2090 ὀπλίζεις
1259 2058 1381 2084 materno
1392 2067 1398 2074 -
1410 2059 1456 2084 νῦν
1466 2058 1494 2085 δὲ
1506 2059 1599 2093 ὥσπερ
1609 2060 1696 2095 γῆρας
1710 2060 1778 2094 βαθὺ
1792 2069 1861 2088 κατ-

1062 2105 1191 2139 εγνωκὼς
1215 2105 1264 2140 τῆς
1281 2105 1519 2141 πανσοενεστάτης
1543 2107 1591 2133 καὶ
1610 2107 1749 2141 ἀκηράτου
1776 2108 1861 2134 δυνά-

1064 2160 1147 2187 μεως,
1165 2151 1363 2187 ἀσθενεστέραν
1377 2152 1481 2184 τούτοις
1496 2153 1656 2187 ἀποφαίνεις
1670 2163 1676 2187 ;
1691 2154 1732 2188 ἐφ’
1748 2152 1786 2181 ὧν
1800 2158 1860 2188 τοῖς

1062 2199 1218 2235 ἔμπροσθεν
1245 2201 1514 2235 ἐγγεγυμνασμένος,
1535 2202 1639 2234 δίκαιος
1653 2201 1769 2238 {iv-71501
1789 2205 1861 2238 μᾶλ-

1063 2246 1108 2273 λον
1124 2247 1171 2273 καὶ
1185 2248 1242 2278 τοῖς
1257 2246 1346 2278 ἄλλοις
1362 2247 1478 2282 ὀφθῆναι
1494 2248 1543 2283 τὴν
1564 2249 1628 2284 περὶ
1648 2250 1751 2276 τούτων
1765 2251 1861 2278 πίστιν

1064 2292 1224 2319 ἀδίστεικτον
1242 2294 1460 2329 παρεσχημένος,
1484 2295 1588 2321 Οὐκοῦν
1603 2295 1664 2322 οὐδὲ
1693 2296 1819 2328 Ἰουδαῖος
1846 2298 1862 2323 ὁ

1064 2338 1282 2373 ἀμφισϐητήσων
1311 2339 1364 2374 εἴη,
1388 2339 1476 2375 ἄνπερ
1506 2341 1633 2372 Ἰουδαῖος
1645 2342 1704 2376 εἴη·
1732 2342 1801 2369 ἀλλὰ
1817 2352 1863 2375 τις

1065 2385 1118 2411 τῶν
1132 2385 1252 2420 Ἕλληνα
1269 2379 1330 2412 νοῗιν
1350 2387 1397 2413 καὶ
1414 2387 1526 2421 γνώμην
1544 2388 1734 2422 κεκτημένων.

219 2431 341 2467 praebere
364 2430 454 2457 (idem.
484 2429 616 2462 Quocirca
633 2436 666 2456 ne
686 2428 796 2456 Judmus
813 2429 922 2463 quidem
945 2429 1123 2461 dubitaverit,
1145 2434 1176 2457 ut
1196 2430 1307 2465 quidem
1328 2430 1440 2458 Judzcus
1453 2431 1505 2462 sit;
1541 2432 1587 2459 sed
1619 2440 1714 2460 eorum
1746 2433 1863 2469 aliquis,

219 2478 266 2513 qui
299 2477 421 2504 animum
440 2483 472 2504 ac
493 2481 612 2503 mentem
636 2475 738 2502 habent
757 2475 891 2510 gentilitio
916 2483 1008 2503 errore
1029 2479 1146 2503 teutum.

255 2525 314 2553 Non
338 2526 426 2553 credis
447 2533 511 2561 ergo
526 2529 564 2556 tu,
580 2524 799 2558 subsannasquc,
815 2528 845 2550 ut
861 2523 948 2559 puella
964 2524 1013 2551 abs

220 2571 308 2600 sterili
328 2571 470 2606 prodierit,
493 2570 539 2605 qui
561 2570 686 2597 homines
699 2569 845 2604 putredine
859 2574 934 2596 ortos
948 2576 1014 2596 cou-

221 2617 320 2653 lingis?
339 2617 385 2652 qui
406 2616 532 2644 draconis
550 2616 646 2643 dentes
666 2615 814 2650 majoribus
833 2615 887 2643 tuis
907 2615 1013 2648 vulvas,

219 2664 320 2699 quibus
340 2663 397 2690 sint
418 2662 551 2697 suscepti.
576 2661 683 2688 el‘licis:
707 2662 830 2696 adeoque
845 2661 948 2688 utinam
965 2660 1012 2688 tibi

220 2710 279 2745 ipse
297 2709 410 2741 dicenti,
432 2716 480 2736 eos
501 2708 627 2743 sepulcra
650 2707 829 2738 ostendisses,
848 2707 894 2742 qui
910 2706 1013 2742 lapides

219 2755 300 2790 iubes
325 2762 504 2783 concrescere
529 2754 556 2781 in
577 2753 713 2786 homines,
739 2759 902 2788 tuorumque
926 2754 1013 2788 majo-

223 2808 283 2828 rum
307 2809 393 2836 genus
416 2800 498 2836 digna
522 2805 548 2827 te
564 2800 634 2828 serie
646 2807 784 2831 recenses,
798 2800 825 2826 iu
837 2799 1012 2827 formicarum

223 2846 383 2881 sanguinem
403 2846 537 2874 referens.
562 2844 604 2872 Tu
628 2846 686 2873 haec
708 2846 836 2880 sapiens,
857 2853 1012 2881 quanquam

224 2895 289 2918 sunt
308 2892 454 2920 maximum
467 2892 593 2920 delirium
607 2899 614 2925 ;
636 2899 685 2919 nec
701 2899 815 2927 usquam
828 2892 941 2928 aliquid,
957 2900 1012 2920 non

1104 2525 1243 2556 *Λπιστεῖς
1264 2525 1292 2552 δὲ
1315 2525 1368 2560 ἇρπ
1386 2526 1429 2556 σὺ,
1455 2526 1502 2553 καὶ
1529 2526 1672 2561 φαυλίζεις
1693 2527 1726 2554 ἑκ
1747 2527 1863 2562 στείρας

1063 2571 1147 2597 παῖδα
1160 2570 1385 2605 προεληλυθέναι,
1401 2573 1414 2598 ὁ
1427 2572 1536 2607 σήψεως
1551 2573 1634 2599 τέκνα
1658 2572 1782 2599 πλάττων
1795 2573 1863 2605 τοὺς

1062 2615 1237 2650 ἀνθρώπους
1254 2617 1267 2642 ὁ
1279 2616 1469 2650 δρακοντεῐους
1485 2617 1594 2648 ὀδόντας
1618 2618 1726 2652 μήτρας
1743 2618 1865 2652 αὐτουρ-

1062 2662 1151 2697 γήσσις
1168 2663 1222 2694 τοῖς
1236 2663 1293 2694 σοῖς
1308 2671 1339 2695 γε
1354 2663 1513 2697 προγόνοις;
1528 2663 1565 2693 ὡς
1585 2663 1640 2690 εἴθε
1657 2664 1757 2698 τάφους
1772 2664 1864 2690 ταῦτα.

1064 2708 1170 2742 λέγοντί
1184 2717 1224 2735 σοι
1238 2709 1351 2740 τούτους
1367 2709 1499 2742 ἐδείκνυς,
1512 2711 1526 2735 ὁ
1536 2709 1626 2741 λίθους
1635 2709 1864 2745 ἀνθρωπῖζεσοαι

1065 2754 1253 2789 προστάττων,
1286 2756 1333 2781 καὶ
1358 2755 1412 2781 τῶν
1442 2755 1495 2782 σῶν
1522 2756 1703 2792 προπατόρων
1725 2756 1755 2782 τὺ
1779 2755 1864 2790 γένος

1064 2801 1148 2833 dgito;
1165 2809 1195 2835 γε
1212 2801 1311 2828 σαυτοῦ
1329 2801 1509 2837 γενεαλογῶν,
1527 2803 1567 2832 εἰς
1591 2801 1620 2828 τὸ
1634 2801 1686 2828 τῶν
1703 2803 1864 2837 μυρμήκων

1066 2847 1211 2881 ἀναφέρων
1224 2844 1303 2881 αἷμα.
1315 2848 1350 2874 Σῦ
1362 2847 1447 2874 ταῦτα
1458 2847 1574 2883 φρονῶν,
1589 2847 1640 2873 κᾶν
1652 2847 1757 2882 pompa:
1770 2847 1866 2882 ὑπάρ-

1065 2901 1108 2928 χει
1125 2892 1207 2928 λῆρος
1221 2900 1227 2906 ·
1241 2893 1288 2920 καὶ
1313 2893 1429 2929 οὐδαμῆ,
1451 2893 1545 2920 οὐδέν’
1562 2894 1592 2920 οὐ
1614 2892 1710 2928 χάριν·
1726 2892 1758 2919 οὐ
1785 2891 1864 2921 νοῦν.
