1945 3088
113 142 161 175 553

500 141 664 172 HOMILIA
682 142 707 172 Ι.
732 154 766 159 -
782 142 824 171 IN
846 142 897 171 SS.
918 142 1051 173 MARLE
1071 141 1340 171 NATIVITATEM.

1690 142 1743 174 554

114 198 141 224 οὑ
158 196 250 231 φύσιν,
261 196 312 223 οὐκ
331 196 467 231 αἴσθησιν,
484 196 534 222 οὐκ
548 196 691 232 ἀλλοτρίαν
706 196 795 230 δόξαν,
811 198 842 222 οὐ
851 197 900 231 τὴν

955 198 1077 232 gratiam.
1102 204 1156 224 non
1176 201 1307 227 mentem,
1325 204 1380 224 non
1396 201 1531 229 naturam,
1548 204 1603 224 non
1620 205 1743 227 sensum.

112 243 236 274 σεαυτοῦ,
249 244 300 270 οὐκ
313 243 377 269 ἄλλο
393 243 469 270 οὐδὲν
490 244 640 279 συνήγορον
663 243 742 279 ἔχων,
768 243 838 279 πλὴν
852 245 900 278 τῆς

114 288 159 324 σῆς
173 289 401 324 ἀναισχυντίαςῆ
426 289 623 324 ἀναισθησίας·
650 290 735 323 ὅμως,
759 290 902 325 περιέπεις

114 335 158 362 καὶ
172 335 334 371 πρεσϐεύεις
344 343 351 350 ’
366 335 422 361 ἂδὲ
435 335 483 361 καὶ
502 335 577 367 δόξαι
597 335 712 371 κυροῦσι
737 336 901 371 μαχόμεναι,

112 380 196 407 ταυτὰ
206 380 270 415 περὶ
284 380 386 407 τούτων
403 380 456 407 ὑπὸ
466 380 515 415 τῆς
532 380 662 415 ἀληθείας
683 381 867 415 συνφθέγγεσθ
875 391 901 408 αι

114 425 286 461 βιαζόμεναι·
306 425 353 452 καὶ
368 421 406 451 ὧν
419 424 514 460 πρώτη
542 426 648 461 μάρτυς
671 427 688 462 ἡ
716 426 833 461 αὐτοψία
855 428 902 453 καὶ

113 471 246 507 αἴσθησις,
261 471 309 498 καὶ
322 468 364 503 οἷς
378 470 464 497 πολλὰ
476 471 530 498 τῶν
543 472 731 508 ὁμοιοτρόπως
752 473 837 499 πάλαι
855 481 903 507 γε·

114 517 236 552 γονότων,
252 518 298 544 καὶ
316 517 401 552 χωρὶς
420 517 475 543 τῶν
487 518 641 553 είρημένων
656 518 706 554 τὴν
721 519 813 545 πίστιν
831 528 902 555 παρ-

113 563 210 598 έχεται·
239 563 326 590 ταῦτα
351 563 494 598 χλευάζειν
516 565 677 600 ἐπιχειρεῖς,
703 566 750 592 καὶ
763 567 792 592 ὲν
808 566 904 601 φαύλῳ

112 608 249 641 τίθεσθαι;
266 609 312 636 καὶ
323 609 353 635 οὐ
366 609 445 635 τοῦτο
460 609 543 645 φαίην
557 610 591 637 ἂν
602 610 701 645 ἔγωγε,
720 612 757 643 ὡς
771 609 812 644 οἷς
828 612 903 639 ἐκεῖ·

112 663 151 681 νοι
161 654 196 681 τὰ
211 654 374 681 ἀτοπώτατα
386 656 621 690 πεπρεσϐεύκασι,
637 657 743 689 τούτοις
758 658 832 693 ἡμᾶς
844 658 904 693 δεή-

113 708 152 727 σει
181 701 355 735 σεμνολογεῖν
377 700 412 728 τὰ
441 702 583 737 ἡμέτερα·
607 702 667 729 οὐδὲ
681 703 780 730 πολλοῦ
796 704 845 736 δεῖ,
872 704 903 730 τὸ

112 746 167 780 φῶς
184 745 223 781 τῷ
236 746 327 773 σκότει
343 746 563 781 λαμπρύνεσθαι,
584 749 601 783 ἣ
615 748 655 784 τῷ
667 748 760 783 ψεύδει
775 750 903 776 συνίστα-

113 791 172 818 σθαι
188 793 238 827 τὴν
253 792 381 828 ἀλήθειαν
392 802 399 809 ο
415 793 432 828 ἢ
444 795 476 828 τῇ
493 794 582 830 πλάνῃ
598 795 647 831 τὴν
665 797 756 822 πίστιν
780 797 904 832 στηρίζε-

112 835 188 862 σθαι⁸
203 835 261 862 ἀλλ’
275 837 313 868 ὡς
328 837 395 868 ὅλως
413 838 463 865 οὐκ
481 838 545 873 ἐξῆν
564 840 682 872 ἐκείνοις
709 841 784 868 κάτω
802 850 903 869 παντε-

111 882 162 914 λῶς
177 882 375 917 κατενεχθεῖσι,
390 885 436 910 καὶ
451 885 512 911 ὅσον
535 886 615 920 ἡμεῖς
632 886 687 913 ἄνω
701 888 751 923 τῆς
773 887 880 921 φύσεως
892 909 899 922 ,

110 926 143 954 τὰ
155 926 204 962 μὲν
220 928 296 963 παρὰ
311 928 402 962 φύσιν,
416 929 462 955 καὶ
476 929 494 956 ἂ
510 930 570 964 μηδ’
584 931 657 963 ὅστις
667 929 713 958 οὖν
725 932 824 967 τρόπος
837 942 904 968 συγ-

111 974 279 1009 κροτήσειεν,
296 973 382 1000 ταῦτα
394 975 487 1010 τιμᾷν,
500 976 545 1001 καί
558 976 707 1011 θαυμάζειν
716 985 724 993 ⁸
738 978 757 1005 ἃ.
771 978 800 1005 δὲ
814 979 903 1014 πολλῷ

110 1021 230 1057 κρείσσω
241 1022 288 1049 καὶ
302 1022 383 1056 λόγου
405 1023 452 1049 καὶ
468 1023 586 1057 φύσεως,
611 1026 657 1051 καὶ
674 1026 794 1057 ἀνέσεως
808 1025 839 1059 δὴ·
855 1026 903 1052 καὶ

111 1067 193 1093 εἰσέτι
204 1067 352 1103 μαρτύρων
372 1068 462 1102 τάφοι,
484 1068 558 1096 ἔστιν
572 1066 602 1096 οὗ
617 1071 668 1105 τῆς
686 1071 781 1106 χρείας
804 1071 903 1098 καλού-

110 1114 223 1148 σης,καὶ
234 1113 283 1148 τῆς
298 1114 430 1149 Προνοίας
443 1115 904 1153 οἰκονομούσης,τερατουργοῦντες

110 1159 355 1194 ὲπιμαρτύρονται,
383 1160 472 1187 ταῦτα
498 1161 527 1187 δὲ
543 1161 614 1197 λόγῳ
629 1164 676 1190 καὶ
697 1164 784 1199 πλάνῃ
807 1166 903 1199 πειρᾶ-

112 1204 173 1231 σθαι
189 1205 402 1240 παρασαλεύειν.

144 1341 217 1377 Ὅρα
242 1343 271 1370 δὲ
288 1344 407 1371 κάκεῖνο.
432 1345 470 1371 Οὐ
491 1345 576 1377 πάθος
605 1349 704 1381 κρατεῖ
727 1348 854 1382 φύσεωςς
872 1350 902 1376 οὐ

112 1386 201 1421 «iam;
226 1388 258 1414 οὐ
281 1389 392 1424 γῆρας;
424 1390 476 1417 οὐκ
502 1391 571 1426 αὐτὴ
588 1390 617 1417 δὲ
631 1392 726 1426 νεότης
749 1393 820 1420 οὕτω
836 1394 904 1428 ἡϐά-

112 1442 216 1461 σκουσα
230 1435 255 1461 εἰ
268 1435 315 1462 καί
331 1444 358 1462 τι
371 1436 447 1469 ἄλλο,
460 1436 589 1464 ἀσθένεια
604 1438 767 1465 καθεστῶσα
792 1440 842 1475 τῆς
860 1449 904 1466 τε·

110 1479 255 1515 κνώσεως;
272 1482 319 1508 καὶ
340 1482 371 1509 τὸ
389 1482 551 1518 παράδοξον,
568 1484 642 1520 εἰμὴ
657 1484 696 1520 τῷ
721 1486 830 1520 συνήθει
854 1487 903 1522 τὴν

952 251 1006 271 non
1034 244 1150 270 alienam
1176 242 1349 277 opinionem,
1376 249 1431 269 non
1457 245 1531 269 tuam
1558 242 1660 277 ipsius,
1689 251 1744 271 non

952 289 1025 317 aliud
1046 289 1194 324 quidquam
1216 289 1321 315 habens
1334 289 1407 323 quod
1433 288 1607 325 suﬂ‘ragetur,
1631 295 1751 331 excepla_

953 337 1085 364 duntaxat
1110 335 1279 371 impudentia
1303 340 1360 367 tua,
1378 335 1437 363 sive
1453 336 1680 369 insensibilitate;
1696 345 1744 365 ve—

953 382 1058 409 neraris
1084 385 1187 413 tamen,
1209 388 1242 407 ac
1266 380 1363 407 honori
1389 380 1495 407 habes:
1511 388 1542 407 ea
1562 388 1628 407 Vero
1643 388 1704 415 quae
1718 384 1747 408 et

952 433 1106 463 pugnantes
1130 427 1294 455 conﬁrmant
1315 427 1470 461 opiniones,
1496 434 1610 462 cogente
1630 427 1746 454 veritate

953 479 983 501 ut
1012 473 1046 501 de
1071 473 1113 501 his
1136 473 1231 500 eadem
1258 472 1461 500 consentienter
1484 472 1663 507 pronuntient
1685 481 1692 499 :
1713 481 1746 499 ac

953 527 1068 556 quorum
1083 520 1188 555 primus
1199 520 1277 547 testis
1291 523 1333 547 est
1347 519 1405 554 ipse
1420 524 1556 553 aspectus,
1573 527 1725 554 sensusque
1736 540 1744 552 ,

952 566 1051 601 quibus
1075 565 1209 600 denique,
1233 565 1310 600 plura
1330 565 1395 592 olim
1417 564 1499 592 simili
1525 564 1630 592 ratione
1653 565 1743 597 facta.

953 612 1074 647 exceptis
1087 612 1169 639 etiam
1185 611 1227 644 iis,
1243 618 1304 646 quae
1318 610 1476 642 suntdicta,
1490 609 1570 637 ﬁdem
1586 610 1745 642 conciliant,

953 658 1124 685 subsannare
1144 657 1299 688 contendis,
1314 665 1346 684 ac
1363 656 1584 691 ﬂoccipendere?
1610 656 1665 684 Nec
1679 665 1745 684 sane

953 712 1003 740 ego
1029 704 1056 731 id
1081 704 1209 737 dixerim,
1234 708 1266 731 ut
1286 703 1387 738 quibus
1409 704 1446 730 illi
1467 711 1512 731 res
1533 703 1745 732 absurdissimas

954 751 1136 782 honorarunt,
1159 750 1192 778 iis
1216 758 1267 777 nos
1293 754 1419 785 oporteat
1438 749 1586 777 honestare
1614 754 1743 783 nostras;

953 803 1053 830 neque,
1070 795 1143 830 quod
1160 795 1240 830 longe
1251 795 1339 827 abest,
1354 795 1474 822 tenebris
1486 795 1578 823 lumen
1590 795 1745 830 illustrare;

954 846 1001 869 aut
1026 842 1169 869 veritatem
1190 842 1333 869 mendacio
1352 847 1498 869 astruere:
1516 841 1558 869 vel
1574 841 1654 869 ﬁdem
1682 842 1746 869 inﬁ-

956 889 1074 916 delitatis
1094 896 1188 916 errore
1209 888 1372 916 conﬁrmare
1396 896 1404 921 ;
1428 888 1476 916 sed
1500 888 1580 923 plane
1601 889 1678 916 nefas
1699 897 1746 916 eos

955 943 1131 971 praesumere,
1148 934 1261 962 omnino
1276 942 1359 961 sensu
1370 934 1404 961 ad
1415 934 1468 961 ima
1477 934 1632 969 depressos,
1644 939 1746 970 quanto

954 991 1005 1011 nos
1027 986 1132 1010 naturae
1156 982 1314 1017 superiores
1325 985 1477 1014 sumus,‘ut
1495 988 1555 1016 quae
1569 986 1633 1009 sunt
1650 986 1745 1009 contra

954 1034 1092 1059 naturam.
1113 1036 1229 1063 quaeque
1249 1027 1317 1054 nulli
1344 1027 1583 1062 comprobaverint
1596 1035 1696 1060 mores,
1711 1035 1743 1055 ea

955 1074 990 1100 illi
1005 1073 1102 1100 honori
1117 1073 1245 1104 habeant,
1262 1079 1295 1099 ac
1307 1069 1479 1099 admirentur
1492 1079 1499 1097 :
1512 1079 1574 1107 qua:
1585 1076 1677 1099 autem
1688 1079 1745 1099 ma-

952 1119 1003 1153 jori
1016 1124 1043 1145 et
1063 1118 1188 1146 oratione
1200 1121 1227 1144 et
1240 1121 1348 1149 natura,
1365 1123 1397 1143 ac
1408 1116 1499 1149 laude,
1516 1117 1664 1151 praeconio,
1678 1117 1745 1144 hac-

955 1169 1035 1191 tenus
1055 1171 1164 1199 quoque
1188 1167 1335 1198 martyrum
1353 1162 1488 1197 sepulcra,
1513 1163 1677 1199 quandoque
1693 1171 1744 1191 usu

955 1215 1081 1242 vocante,
1101 1217 1132 1236 ac
1145 1209 1309 1243 disponente
1320 1208 1502 1243 providentia,
1520 1209 1651 1244 prodigiis
1663 1209 1745 1238 editis

955 1257 1038 1285 clara.
1061 1259 1235 1287 attestantur,
1257 1262 1288 1281 ea
1311 1262 1438 1282 sermone
1457 1258 1541 1289 atque
1564 1262 1656 1282 errore
1677 1262 1745 1283 con-

955 1302 1056 1330 vellere
1069 1302 1202 1328 nitantur.

990 1346 1058 1373 Illud
1083 1353 1192 1380 quoque
1206 1345 1277 1372 vide.
1295 1343 1393 1372 Nonne
1407 1345 1518 1373 aﬂeetlo
1537 1350 1648 1381 superat
1663 1350 1744 1373 natu-

954 1393 1030 1421 ram?
1040 1400 1131 1420 nonne
1146 1391 1278 1419 morbus?
1288 1399 1380 1418 nonne
1394 1391 1524 1419 senium?
1537 1399 1630 1419 nonne
1644 1392 1745 1427 juven-

955 1445 1000 1467 tus
1020 1440 1088 1474 ipsa,
1110 1438 1147 1465 ita
1176 1437 1271 1473 vigens
1292 1445 1324 1465 ac
1345 1437 1419 1465 aliud
1438 1437 1566 1473 quodvis,
1584 1439 1747 1474 generandae

954 1487 1040 1522 prolis
1066 1484 1226 1520 impotentia
1248 1484 1403 1511 exsistens?
1429 1484 1558 1520 quodque
1582 1484 1744 1512 miraculum

110 1525 241 1562 ἔκπληξιν
259 1528 445 1561 διεκλέπτετο,
470 1530 512 1557 ὅτι
528 1531 561 1557 δι’
578 1528 611 1567 ἦς
629 1531 739 1567 ἔρχεταί
768 1541 809 1564 τις
832 1530 902 1559 εἶναι

957 1535 1080 1567 haberet,
1099 1534 1151 1561 nisi
1172 1535 1273 1561 sensim
1286 1532 1496 1562 consuetudine,
1509 1531 1699 1560 admirationis
1714 1541 1748 1560 ac

61 1570 69 1575 “
110 1572 214 1608 πατὴρ,
234 1574 302 1609 αὑτὴ
319 1575 388 1607 τέως
401 1575 452 1603 οὒκ
466 1577 498 1612 ἑᾷ
511 1577 639 1611 γενέσθαι
654 1579 770 1613 πατέρα.
787 1579 819 1605 Τί
834 1577 880 1606 οὖν
895 1588 903 1613 ;

109 1618 228 1656 τὰπάθη
244 1621 308 1657 νικᾷ
321 1621 373 1657 τὴν
389 1622 480 1657 φύσιν,
505 1624 530 1650 εἱ
553 1625 591 1660 μή
622 1633 649 1651 τι
672 1625 736 1652 ἄλλο
752 1626 837 1658 πάθος
855 1627 904 1653 καὶ

110 1666 274 1703 περίττωμα
287 1668 389 1704 ταύτης
403 1670 432 1696 δν
442 1678 449 1685 ν
465 1671 481 1706 ὴ
493 1670 521 1697 δὲ
533 1672 614 1707 χάρις
624 1672 658 1707 ἣν
672 1672 788 1699 ἔπλασεν
799 1674 829 1699 οὐ
846 1673 904 1707 βελ-

109 1713 164 1739 τιοῖ
176 1713 277 1747 φύσης
292 1713 324 1741 τὸ
335 1715 425 1750 γῆρας
435 1716 532 1751 ψύχον,
549 1717 600 1751 τῆς
627 1718 709 1753 γονῆς
728 1718 904 1754 άναξηραίνει

109 1759 161 1791 τὰς
173 1760 276 1795 πηγὰς,
305 1760 354 1787 καὶ
376 1761 390 1787 ὁ
408 1761 530 1797 πλάστης
551 1762 662 1792 Θάλπων
679 1763 730 1790 οὐκ
753 1764 860 1799 ἀρδεύει
874 1765 905 1790 τὺ

110 1805 284 1840 γεγηρακόςς
303 1807 397 1833 ἐκεῖνα
411 1807 479 1842 πρὸς
491 1807 509 1834 ἃ
521 1808 604 1843 μήπω
620 1808 785 1844 κατηνέχθη,
795 1810 843 1836 καὶ
856 1809 903 1836 τοῦ

109 1851 209 1886 καιροῦ
226 1853 310 1887 μήπω
319 1853 521 1888 παραστάντος,
538 1854 585 1881 καὶ
596 1855 726 1890 χειρόνων
739 1856 823 1882 ὅντων
835 1857 904 1891 πρὸς

108 1898 128 1925 ἃ
148 1898 323 1931 καθέλκεται,
341 1898 420 1934 φέρει
431 1899 506 1934 ὅμως
523 1900 651 1936 εὐμαρῶς
662 1909 669 1916 ·
690 1903 704 1928 ὁ
719 1902 746 1928 δὲ
768 1902 901 1938 πλάστης,

108 1947 139 1973 ὲν
158 1943 199 1976 οἷς
215 1945 246 1978 ἐξ
262 1946 351 1982 ἀρχῆς
361 1946 436 1982 ὅροις
451 1945 577 1983 ἔστησεν,
595 1948 646 1975 οὐκ
665 1949 797 1983 ἐπανάγει
818 1949 903 1976 θέλων

108 1991 233 2028 εὐχερῶς
244 2000 252 2025 ;
264 1992 388 2024 ἀπιστεῖς
398 1993 456 2024 τοῖς
472 1993 645 2029 είρημένοιςς
656 1994 745 2027 καλῶς
759 2004 791 2029 γε
807 1996 901 2022 ποιῶν·

108 2038 141 2064 οὐ
157 2037 211 2073 γὰρ
222 2036 327 2072 ἔμοιγε,
343 2034 375 2064 οὖ
391 2037 489 2064 πολλοῦ
504 2038 545 2065 δεῖ
558 2039 612 2065 τῶν
632 2040 740 2075 σεμνῶν
757 2048 804 2067 σου
816 2041 903 2068 ταῦτα

111 2082 319 2118 μεταπλάσεων,
335 2082 369 2115 ἃς
387 2083 442 2118 ἐγώ
462 2093 503 2111 σοι
523 2085 727 2121 ὰριθμήσομαι·
748 2086 847 2121 μᾶλλον
861 2087 900 2120 δὲ,

111 2129 160 2156 σόν
173 2130 232 2156 ἔστι
243 2130 406 2164 καταλέγειν
418 2131 514 2163 ταῦτα,
529 2131 561 2158 ἵν’
573 2131 639 2167 ἔχῃς
655 2131 735 2159 πλέον
753 2134 846 2163 ἐντοῖς
861 2142 902 2160 σοι

111 2175 342 2211 βιωφελεστάτοις
361 2177 541 2212 ἁφηγήμασιν
554 2178 632 2213 ἡμῶν
646 2179 871 2214 κατεπαίρεσθαι.

959 1580 1079 1614 stuporis
1105 1586 1215 1606 sensum
1232 1578 1362 1610 auferret,
1382 1585 1434 1613 qua
1450 1577 1511 1612 quis
1526 1576 1652 1612 provehit
1665 1581 1695 1604 ut
1710 1577 1747 1604 sit

958 1630 1052 1660 pater,
1076 1625 1133 1659 ipsa
1154 1624 1286 1652 hactenus
1305 1628 1410 1658 patrem
1434 1622 1491 1650 ﬁeri
1514 1623 1651 1658 prohibet.
1676 1623 1747 1655 Quid

959 1671 1042 1705 ergo?
1063 1670 1224 1697 alfectiones
1240 1675 1366 1696 naturam
1382 1668 1507 1699 vincunt.
1523 1668 1575 1696 nisi
1592 1667 1657 1703 quid
1672 1668 1749 1696 aliud

958 1717 1038 1748 adsit,
1061 1716 1134 1751 quod
1158 1716 1218 1750 ejus
1233 1715 1268 1742 sit
1285 1714 1393 1742 aﬁ‘ectio
1410 1722 1442 1742 ac
1456 1719 1679 1748 recrementum;
1695 1722 1748 1741 nee

958 1763 1053 1798 gratia,
1067 1769 1148 1797 quam
1165 1760 1243 1788 ﬁnxit
1256 1769 1287 1788 ac
1302 1760 1433 1794 condidit,
1452 1764 1578 1787 naturam
1597 1761 1624 1787 in
1650 1761 1748 1788 melio-

958 1817 1015 1836 rcm
1042 1808 1170 1843 augebit?
1188 1808 1321 1834 Senectus
1336 1806 1497 1841 infrigidans
1512 1806 1643 1842 genitales
1656 1806 1747 1834 fontes

958 1855 1094 1887 exsiccat;
1114 1862 1166 1882 nec
1185 1854 1273 1885 lictor,
1287 1853 1468 1887 conditorque
1483 1852 1591 1883 fovens,
1612 1852 1744 1888 irriguum

957 1901 1039 1929 faciet
1063 1901 1135 1936 quod
1159 1900 1324 1927 consenuit?
1342 1899 1388 1926 Illa
1414 1899 1448 1926 ad
1474 1906 1533 1933 qua:
1552 1899 1611 1926 hzec
1628 1898 1747 1926 necdum

956 1947 1083 1974 devoluta
1098 1951 1148 1978 est,
1164 1953 1196 1973 ac
1209 1953 1271 1973 cum
1285 1945 1374 1972 adhuc
1385 1952 1441 1971 non
1456 1944 1526 1972 adsit
1539 1949 1657 1979 tempus,
1674 1952 1747 1972 cum-

956 2001 1010 2028 que
1032 2001 1063 2019 ea
1082 1993 1116 2020 ad
1134 1999 1195 2027 qua
1217 1992 1382 2026 pertrahunt
1404 1990 1459 2017 sint
1485 1990 1618 2017 deteriora
1632 2011 1640 2023 ,
1665 1990 1746 2017 facile

958 2045 1049 2067 tamen
1071 2038 1160 2066 ferent
1173 2047 1180 2071 ;
1197 2038 1274 2065 ﬁctor
1288 2042 1391 2068 autem,
1407 2044 1439 2063 ac
1453 2036 1590 2068 conditor,
1603 2036 1631 2063 in
1646 2036 1746 2071 quibus

957 2087 991 2114 ab
1014 2086 1092 2113 initio
1114 2085 1258 2113 constituit
1281 2083 1379 2113 modis.
1406 2088 1437 2110 ut
1460 2083 1525 2110 velit
1543 2091 1596 2110 non
1611 2083 1747 2110 reducet?

955 2133 1016 2161 Non
1038 2132 1125 2159 habes
1143 2131 1225 2159 dictis
1252 2130 1352 2158 ﬁdem?
1374 2130 1505 2165 prmclare
1520 2129 1628 2164 quidem
1644 2137 1726 2165 agens
1737 2151 1744 2158 .

956 2184 984 2206 at
998 2186 1053 2206 non
1066 2178 1145 2209 mihi,
1162 2177 1206 2204 cui
1225 2177 1283 2204 haec
1297 2177 1376 2211 longe
1387 2176 1441 2203 sint
1453 2176 1577 2203 honestis
1588 2175 1641 2202 tuis
1653 2180 1746 2203 trans-

110 2222 334 2255 formationibus,
355 2230 423 2257 quas
443 2224 489 2250 tibi
514 2231 574 2251 sum
603 2230 835 2253 enumeraturus:
870 2226 993 2261 quinirno
1017 2230 1095 2253 tuum
1118 2224 1170 2251 erit
1189 2230 1363 2259 percensere,
1396 2229 1450 2257 quo
1483 2221 1578 2257 magis,
1598 2222 1745 2250 humanam

110 2271 196 2299 vitam
208 2270 371 2306 iuvantibus
386 2271 590 2299 narrationibus
610 2272 674 2306 tuis,
693 2273 837 2301 adversum
855 2282 904 2302 nos
924 2274 1031 2310 gloriari
1048 2272 1146 2308 possis.

148 2318 221 2353 Λέγε
230 2317 282 2350 τὰς
292 2317 322 2350 ἐξ
335 2317 487 2352 ἀνθρώπων
498 2318 636 2353 αἰγείρους
648 2328 654 2334 ·
666 2316 704 2347 ὧν
721 2321 840 2356 ἀπορρεῖ
849 2321 902 2348 τῶν

991 2320 1040 2347 Dic
1054 2320 1138 2347 factas
1151 2326 1185 2346 ex
1203 2317 1360 2345 hominibus
1375 2316 1500 2351 populos,
1518 2323 1533 2343 e
1549 2324 1666 2350 quarum
1677 2325 1744 2344 ocu-

111 2364 246 2400 ὀμμάτων
256 2365 273 2400 ἠ
285 2363 333 2391 τοῦ
353 2364 439 2399 μύθου
451 2364 592 2400 ἤλεκτρος,
609 2365 656 2400 ἀφ’
670 2363 700 2393 οὗ
726 2367 758 2393 σὺ
777 2367 903 2399 πλουτεῖς

111 2410 165 2444 τὴν
179 2409 319 2445 εὐήθειαν.
345 2409 470 2445 ’Δρίθμει
494 2411 543 2436 καὶ
565 2411 614 2443 τὰς
640 2411 754 2445 δάφνας,
770 2413 818 2439 καὶ
839 2414 903 2445 τοὺς

113 2456 239 2492 φοίνικας
249 2465 257 2472 ·
268 2457 318 2489 τὰς
333 2457 462 2493 ἀηδόνας,
476 2459 522 2484 καὶ
536 2458 585 2489 τὰς
599 2458 736 2492 χελιδόνας
745 2467 752 2474 ·
763 2461 827 2492 τοὺς
841 2460 904 2495 ᾠδι-

111 2504 182 2535 κούς
199 2511 246 2530 σου
259 2503 384 2536 κύκνους,
398 2505 445 2531 καὶ
458 2505 507 2536 τὰς
522 2504 665 2538 ἀλκύονας,
688 2506 736 2532 καὶ
765 2507 828 2537 τοὺς
844 2507 905 2541 φιλ-

112 2549 277 2585 ανθρώπους
291 2558 338 2575 σου
350 2549 485 2584 δελφῖνας.
506 2550 607 2584 Ὗμνει
623 2559 670 2577 σου
689 2552 754 2582 τοὺς
775 2550 906 2586 ἀνδρογὺ-

112 2604 180 2627 νους
203 2594 357 2630 Τειρεσίας,
384 2595 428 2622 ἵνα
451 2595 521 2622 θεῶν
543 2595 612 2631 ἔριν,
628 2596 706 2628 ἀξίαν
723 2596 770 2631 τῆς
796 2596 908 2623 ἐκείνων

114 2640 262 2675 ἀσελγείας
275 2640 421 2667 διαλύωσιν
431 2648 438 2656 ⁸
454 2642 479 2667 οί
496 2641 578 2668 πλέον
586 2642 636 2677 τὴν
651 2641 748 2677 ἡδονὴν
759 2643 910 2676 ἐπιμετρη-

116 2688 231 2722 σάμενοι
248 2688 280 2722 τῇ
300 2686 364 2722 θεῷ,
379 2688 419 2719 εἰς
439 2688 523 2715 κακὸν
540 2688 589 2724 τῆς
612 2687 771 2724 παρρησίας
781 2688 909 2714 dimian-

953 2368 986 2394 lis
998 2366 1152 2394 fabulosum
1166 2364 1232 2392 illud
1248 2364 1379 2390 electrum
1397 2361 1501 2394 deﬂuit,
1517 2369 1551 2389 ex
1567 2370 1622 2396 quo
1634 2367 1663 2389 tu
1678 2364 1747 2390 stul-

954 2413 1021 2441 titiae
1041 2412 1150 2440 divitias
1165 2410 1280 2445 colligis.
1310 2409 1439 2443 Daphnas
1454 2415 1564 2442 quoque
1579 2416 1696 2436 numera
1714 2417 1746 2436 ac

955 2458 1098 2494 phoenices
1119 2467 1126 2484 :
1155 2456 1285 2483 luscinias
1305 2462 1337 2482 ac
1358 2453 1543 2480 hirundines:
1569 2461 1685 2481 canoros
1700 2462 1747 2490 c_v—

956 2512 1034 2535 cnos,
1050 2511 1081 2531 ac
1096 2503 1233 2538 alcyones,
1247 2500 1444 2534 hominumque
1456 2504 1579 2527 amantes
1591 2500 1745 2535 delphinos.

956 2550 1071 2577 Celebre
1086 2556 1118 2575 ac
1133 2546 1211 2574 lauda
1233 2551 1294 2573 tuos
1312 2545 1371 2572 illos
1386 2545 1504 2580 ambigui
1522 2552 1604 2572 sexus
1615 2545 1746 2575 Tiresias.

956 2603 1011 2630 quo
1033 2595 1146 2622 deorum
1168 2593 1254 2624 litem,
1278 2599 1372 2617 eorum
1396 2590 1505 2626 dignam
1530 2590 1635 2618 luxuria
1650 2590 1746 2619 dissoi-

958 2646 1025 2669 vant
1046 2650 1054 2668 :
1076 2641 1121 2676 qui
1142 2640 1283 2670 nimirum,
1309 2637 1382 2672 quod
1401 2637 1561 2672 ampliorem
1578 2638 1747 2672 voluptatem

959 2688 1017 2715 dea:
1030 2687 1200 2719 tribuissent,
1220 2686 1290 2712 mala
1305 2683 1440 2711 libertatis
1455 2684 1567 2719 praemia
1581 2682 1745 2711 retulerunt.

756 2775 874 2804 VARle
901 2775 1103 2804 LECTIONES.

156 2864 173 2886 δ
192 2865 263 2902 Lego
275 2868 416 2899 αἰνέσεως.

243 2915 377 2946 ΡΑτιιοιι.
402 2916 461 2945 Gn.
484 2913 544 2944 Cll.

1505 2911 1545 2944 18
