1945 3088
189 125 242 157 555

766 123 899 154 ΡΗΟΤΙΙ
914 123 1168 154 ΡΑΤΒΙΑΒΟΗᾸΕ
1184 125 1240 156 CP.

1764 134 1820 167 556

189 184 234 211 Vis
256 182 365 210 abunde
385 181 414 209 in
438 179 598 208 memoriam
626 178 756 207 reducam
785 183 878 206 tauros
902 185 960 212 mar

1027 186 1075 225 το,
1094 178 1188 206 Βούλει
1217 189 1259 207 σοι
1286 183 1508 218 προσαναμνὴσω
1538 184 1604 217 τοὺς
1633 189 1819 225 ποντοπόρους

185 230 362 266 trajicicntes,
393 228 503 255 misellae
533 227 631 262 puella:
655 233 749 254 amore
782 226 973 260 gubernante;

183 278 331 313 longasque
355 274 558 311 profectiones;
582 281 614 301 ac
636 273 741 300 viarum
762 272 863 299 multos
876 270 975 298 circui-

183 330 244 356 tus,
263 329 408 357 morasque
432 329 514 356 quam
538 320 631 355 procul
651 318 787 355 Olympo?
807 317 897 345 Taceo
911 316 972 344 alia.

181 369 237 396 Nec
256 370 397 396 enimvero
423 375 473 403 par
497 371 540 394 est
562 370 592 393 ut
610 365 672 392 ﬁdei
700 367 851 400 unguento,
872 363 974 391 erroris

182 423 290 444 caenum
315 414 566 445 commisceamus;
592 411 636 439 vel
658 415 688 438 ut
710 410 820 446 pietatis
833 409 973 437 elucentes

181 462 288 494 radios,
311 459 444 495 profunda
468 458 616 493 impietatis
630 457 744 492 caligine
756 456 857 491 probro
872 455 973 482 allicia-

181 517 252 537 mus.
278 507 450 542 Quapropter
471 505 570 540 amplis
584 504 638 531 illis
653 503 733 539 nugis
746 511 779 530 ac
793 502 892 530 fabulis
907 509 972 536 pro-

181 556 225 583 cul
240 554 330 581 valere
345 552 437 587 jussis,
453 557 614 585 eorumque,
627 549 673 584 qui
686 556 716 575 ea
727 547 898 575 admirantur
908 554 971 574 cum

179 599 326 627 amentium
349 598 531 627 miserantes,
558 600 615 622 tum
639 593 702 621 odio
726 594 860 620 habentes
875 599 971 627 super-

141 672 143 674 ,
179 647 263 678 bium,
278 645 311 673 ad
329 644 447 680 priorem
462 641 594 670 orationis
607 648 717 668 cursum
735 639 897 674 dirigantur.

217 693 288 719 ()lim
304 692 394 726 itaque
409 690 528 716 humano
540 695 650 723 genere,
667 690 852 722 peccatorum,
867 683 969 719 quibus

180 747 210 767 se
224 738 305 774 primi
323 741 451 772 parentes
465 733 686 764 obstrinxissent,
705 731 828 761 victoria,
843 729 968 758 servituti

178 787 297 816 addicto,
307 783 397 819 neptis
416 782 506 818 proles
519 788 614 808 eorum
637 779 758 806 futurum
767 778 967 806 destructorem

179 833 341 863 subtouans,
368 837 400 857 ac
422 829 539 856 obscuro
566 827 641 854 velut
675 825 801 860 clangore
829 824 965 855 indicans,

179 880 238 907 fore
255 882 284 905 ut
296 876 362 904 illud
381 878 534 910 emergeret
548 881 563 900 a
584 871 740 908 tyrannide,
754 878 785 899 ac
805 879 820 897 a
834 870 967 898 servitute

177 927 350 956 liberaretur,
376 923 450 950 claro
470 921 548 955 signo
578 918 762 946 monstrabat.
794 916 967 952 Quapropter

177 972 260 998 etiam
275 969 358 995 Adam
376 974 429 993 una
447 973 509 993 eum
522 965 588 996 Eva,
605 964 731 998 antiquas
751 962 810 990 illas
835 961 964 997 praevari-

176 1016 293 1044 cationis
324 1015 508 1049 depurgantes
535 1011 640 1043 sordes,
665 1010 827 1045 tristemque
855 1016 870 1035 a
897 1016 964 1036 ma:-

176 1063 249 1090 stitia
270 1061 374 1088 vultum
387 1059 568 1093 dcponcntes,
597 1056 683 1083 libera
712 1053 771 1082 tuui
797 1062 874 1086 voce,
907 1058 965 1081 tum

176 1108 256 1139 facie.
274 1106 344 1134 laetis
363 1105 472 1133 choreis
493 1102 655 1138 virginalem
668 1105 803 1129 coronant
831 1100 965 1128 festivita-

176 1160 245 1182 tem:
260 1153 326 1189 quin
338 1152 397 1186 ejus
411 1150 502 1186 potius
509 1148 643 1176 exsistunt
658 1147 794 1182 auspices.
810 1146 878 1174 Cum
890 1145 964 1173 enim

179 1199 285 1235 peccati
303 1205 396 1225 senem
410 1196 458 1224 toti
473 1195 602 1222 adnatum
619 1193 724 1229 generi,
746 1192 811 1219 illud
829 1191 964 1224 vitiasset,

174 1254 208 1272 eo
222 1244 354 1271 radicitus
369 1242 532 1276 exstirpato,
556 1239 655 1267 merito
670 1238 761 1274 potius
785 1237 912 1273 gaudium
931 1244 963 1264 ac

174 1292 274 1318 choros
288 1289 476 1324 auspicantur.
492 1291 701 1320 accersantque,
723 1292 755 1311 ac
779 1284 869 1311 socios
894 1291 963 1310 con-

173 1341 282 1368 voccnt,
306 1336 449 1362 universos
462 1333 496 1360 ab
512 1332 552 1360 eis
569 1336 737 1366 procreatos.
755 1330 793 1357 Ex
812 1337 867 1365 quo
881 1338 962 1357 nam-

173 1392 226 1419 que
240 1381 422 1418 prolapsionis
438 1380 594 1412 inﬁrmitas,
610 1378 644 1405 ab
660 1377 705 1409 iis,
722 1377 767 1411 qui
781 1377 863 1412 primi
889 1384 961 1412 pra:-

171 1429 286 1457 varicati
300 1431 394 1455 essent
407 1427 434 1454 in
457 1432 552 1453 omnes
567 1424 705 1452 transfusa
728 1423 881 1455 diiluxerat,
898 1423 962 1450 uni-

171 1475 299 1509 versique
322 1473 437 1501 similem
463 1472 633 1500 curationem
659 1470 843 1497 necessariam
869 1469 956 1497 babe-

170 1525 299 1556 bant;ac
318 1521 413 1549 mutuli
431 1520 514 1548 totius
523 1519 628 1550 salutis,
643 1517 726 1545 hodie
746 1516 866 1552 Virginis
880 1521 960 1551 partu
976 1535 997 1564 c

172 1575 313 1607 ponuntur
329 1569 516 1597 fundamenta,
531 1573 623 1601 opera:
633 1565 752 1600 pretium
770 1568 827 1590 erat
840 1568 869 1590 ut
884 1571 960 1591 com-

173 1617 275 1650 munis,
293 1624 324 1643 ac
340 1615 448 1651 generis
465 1613 548 1641 totius
564 1612 779 1640 constitueretur
798 1611 960 1643 celebritas;

172 1668 257 1697 utque
275 1660 369 1697 populi
388 1659 481 1690 totius,
498 1666 530 1686 ac
552 1656 699 1685 mundanis
714 1657 830 1690 majora,
859 1656 961 1692 gratia-

170 1717 232 1736 rum
249 1707 364 1735 actionis
400 1709 588 1736 monumento,
617 1703 725 1731 cantica
762 1705 959 1737 pangerentur.

171 1755 264 1782 Mundi
281 1753 355 1781 enim
369 1752 453 1779 totius
467 1751 552 1782 salus,
569 1748 717 1777 mundanis
734 1747 853 1782 majores
866 1746 960 1782 exigit,

170 1811 202 1830 ac
216 1802 341 1830 vendicat
354 1800 503 1836 gratiarum
521 1798 653 1826 actiones.

204 1849 357 1877 Gratiarum
370 1846 484 1874 actionis
517 1845 622 1873 cantica
647 1844 860 1878 submittamus;
886 1843 959 1878 quod

168 1896 254 1924 Adam
272 1895 445 1926 reformetur,
462 1901 493 1921 ac
507 1893 673 1919 instauretur
686 1891 758 1923 Eva;
771 1891 892 1926 dimque
902 1890 959 1917 dis-

169 1941 320 1970 solvantur,
340 1947 372 1966 ac
389 1939 538 1966 humanum
570 1944 668 1972 genus,
689 1941 826 1963 mortuam
852 1934 958 1970 peccati

168 1995 202 2014 ac
219 1987 360 2022 pelliceam
390 1992 492 2012 exuens
520 1991 675 2019 personam,
704 1982 732 2009 in
754 1982 899 2017 pristinam
925 1988 958 2008 ac

167 2033 307 2068 antiquam
323 2031 470 2058 Dominicte
487 2029 614 2065 imaginis
639 2032 809 2056 restauretur
831 2027 958 2063 dignita-

168 2083 234 2106 tem.
250 2077 405 2106 Gratiarum
426 2075 542 2103 actionis
571 2075 764 2103 submittamus
779 2073 896 2105 cantica,
923 2081 956 2100 ac

166 2125 261 2161 populi
282 2123 402 2151 universi
418 2122 518 2149 choros
531 2121 743 2152 constituamus,
761 2120 834 2155 quod
861 2119 954 2155 Virgo,

166 2173 200 2199 ab
219 2170 366 2198 infecundo
378 2170 438 2197 sinu
452 2168 590 2203 prodiens,
622 2172 726 2194 naturte
742 2166 852 2193 vulvam
888 2164 956 2192 inie-

166 2218 281 2246 cnndarn
295 2215 457 2247 sauctilicet,
478 2214 593 2248 ejusque
608 2213 789 2244 sterilitatem,
809 2211 842 2238 ad
867 2211 953 2237 virtu-
970 2207 991 2235 D

166 2269 224 2291 tum
239 2264 336 2290 uberes
352 2261 457 2288 fructus
473 2258 642 2287 exstimulet.
665 2257 770 2290 Quibus
795 2257 869 2284 enim
892 2256 955 2283 uni-

165 2318 307 2340 versorum
326 2308 442 2336 Domino
457 2315 489 2334 ae
504 2305 639 2342 agricolae,
655 2304 866 2339 purissimorum
891 2309 954 2330 san—

165 2358 278 2393 guinum
317 2355 419 2382 rivulos
443 2354 477 2381 ad
503 2360 600 2380 massae
627 2351 712 2379 totius
742 2350 825 2377 arida:
855 2349 954 2384 irriga-

167 2405 267 2431 tionem
281 2400 481 2431 commodavit:
498 2399 531 2426 iis
551 2398 650 2425 merito
670 2396 819 2424 ieracitatis
844 2395 955 2423 benedi-

165 2452 284 2478 clionem
305 2447 414 2482 recipit.
428 2446 505 2474 Scala
519 2446 547 2472 in
563 2445 662 2472 coelum
675 2443 831 2471 subvehens
845 2447 954 2477 coapta-

166 2503 210 2525 tur
231 2502 395 2529 terrenaque
419 2497 516 2520 natura
533 2499 598 2519 suos
622 2492 680 2526 ipsa
701 2490 834 2518 terminos
858 2488 953 2524 praesi-

163 2545 243 2574 licns.
261 2543 288 2569 in
305 2542 431 2569 cmlestes
445 2538 603 2567 mansiones
617 2537 792 2565 transfertur.
811 2536 953 2563 llominica

163 2590 244 2618 sedes
260 2588 287 2615 in
305 2593 377 2615 terra
394 2590 516 2622 paratur,
537 2589 706 2619 terrenaque
732 2582 948 2614 sanctiﬁcantur,

124 2642 126 2644 '
163 2645 196 2665 ac
210 2635 361 2664 ccelestium
378 2632 490 2660 ordines
508 2631 650 2658 nobiscum
677 2632 900 2665 congregantur;
921 2628 954 2655 il-

163 2683 272 2717 liusque
287 2686 418 2715 nequam,
435 2685 468 2704 ac
483 2676 530 2711 qui
544 2683 593 2703 nos
605 2675 725 2710 primum
741 2673 858 2708 decepit,
889 2672 953 2700 fuit-

163 2737 217 2764 que
233 2731 329 2755 auctor
349 2723 511 2753 insidiarum
534 2722 655 2750 humano
670 2720 820 2756 positarum
847 2718 950 2754 generi,

163 2774 233 2802 dolis
244 2774 304 2808 ejus
319 2779 350 2800 ac
363 2770 550 2799 molitionibus
564 2767 804 2802 evanescentibus,
824 2765 945 2802 potentia

164 2818 310 2847 colliditur.

1026 224 1154 259 ταύρους,
1171 225 1256 261 κόρης
1270 226 1421 262 δυστυχοῦς
1436 229 1643 265 οίακιζομένους
1656 232 1737 268 ἔρωτι
1749 224 1759 251 έ
1773 239 1820 264 καὶ

1025 269 1075 300 τὰς
1090 271 1202 307 μακρὰς
1220 272 1377 308 ἀποδημίας
1390 282 1396 288 ·
1412 275 1459 302 καὶ
1472 275 1520 307 τὰς
1543 277 1644 310 πολλὰς
1660 281 1818 315 περιόδους·

1025 315 1133 348 καὶτὰς
1147 318 1317 353 πορρωτάτω
1332 319 1380 346 τοῦ
1401 320 1538 356 Ὀλύμπου
1561 324 1722 359 διατριδάς;
1751 328 1820 362 σιγῶ

1024 362 1047 389 τ’
1063 362 1130 389 ἄλλα
1140 371 1148 378 ·
1163 364 1223 390 οὐδὲ
1236 364 1290 400 γὰρ
1304 365 1365 393 οὐδὲ
1377 369 1502 403 προσεῖχε
1519 369 1598 405 μύρῳ
1614 371 1732 404 πίστεως
1748 374 1818 402 πλά-

1024 417 1073 461 νης
1083 411 1336 461 ὶσυνανακρινεῖσθαι
1351 412 1479 448 βόρϐορον
1489 423 1496 429 ·
1512 414 1528 450 ἢ
1542 414 1590 447 τὰς
1600 417 1650 451 τῆς
1677 417 1819 452 εὐσεϐείας

1023 453 1120 487 αὐγὰς.
1138 454 1177 490 τῷ
1190 455 1269 490 βαθεῖ
1285 457 1334 491 τῆς
1348 458 1477 490 ἀσεϐείας
1496 459 1570 495 ζόφῳ
1593 462 1817 499 καθυϐρίζεσθαι.

1023 500 1068 526 Διὸ
1078 501 1134 533 τοῖς
1152 503 1268 537 μακροῖς
1284 502 1376 535 ὓθλοις
1392 505 1439 532 καὶ
1466 505 1563 541 μύθοις
1593 509 1687 544 μακρά
1710 510 1817 546 χαίρειν

1021 546 1154 580 εἰπόντες,
1167 548 1291 581 καὶτοὺς
1305 550 1491 586 ἐπτοημένους
1508 553 1572 588 περὶ
1589 554 1676 581 ταῦτα
1692 556 1742 591 τῆς
1765 566 1818 584 πα-

1023 593 1134 629 ρανοίας
1159 594 1308 627 ἐλεοῦντες,
1333 598 1381 624 καὶ
1407 598 1550 632 μισοῦντες
1573 596 1623 635 τῆς
1644 601 1815 636 ἀλαζονείας,

1020 640 1068 666 ἐπὶ
1081 640 1127 666 τδν
1141 640 1259 676 ἑξαρχῆς
1274 642 1321 668 τοῦ
1336 642 1417 677 λόγου
1429 644 1531 680 δρόμον
1547 647 1593 673 καὶ
1605 646 1637 682 δὴ
1649 648 1814 684 ἰθυνώμεθα.

1056 685 1143 712 Πάλαι
1172 687 1318 722 τοιγαροῦν
1338 688 1388 723 τῆς
1418 690 1594 728 ἀνθρωπίνης
1621 693 1730 728 φύσεως
1759 695 1815 722 τῶν

1019 733 1191 766 προγονικῶν
1207 734 1416 770 ἁμαρτημάτων
1430 736 1469 772 τῷ
1487 738 1583 773 κράτει
1597 739 1813 776 δεδουλωμένης,

1018 777 1032 804 ὁ
1049 778 1097 813 τῆς
1110 779 1244 814 ἀπογόνου
1257 781 1336 813 τόκος
1352 782 1398 809 τὸν
1421 783 1589 820 καθαιρέτην
1614 786 1717 814 τούτων
1742 788 1813 815 ὐπο-

1019 824 1169 858 σαλπίξων,
1184 826 1342 862 ἀνενεγκεῖν
1356 829 1406 865 τῆς
1416 831 1574 865 τυραννίδος
1590 834 1636 859 καὶ
1651 834 1813 871 ἀπαλλαγῆ-

1021 878 1064 896 ναι
1079 872 1129 905 τῆς
1147 871 1270 904 δουλείας
1285 873 1400 910 λαμπρὰ
1415 876 1563 912 παρείχετο
1584 879 1619 905 τὰ
1641 880 1812 915 συνθήματα.

1019 916 1065 942 Διὸ
1084 917 1131 943 καὶ
1147 917 1233 953 Ἀδὰμ
1253 919 1302 946 σὺν
1322 921 1355 955 τῇ
1372 920 1429 957 Εὖᾳ
1452 922 1516 954 τοὺς
1538 924 1670 957 παλαιοὺς
1691 926 1814 958 ἐκείνους

1018 962 1069 997 τῆς
1083 963 1267 998 παραϐάσεως
1281 965 1526 1002 ἀποκαθηράμενοι
1545 969 1713 1005 μολυσμοὺς,
1726 972 1772 998 καὶ
1782 973 1814 999 τῇ

1018 1008 1068 1043 τῆς
1077 1009 1230 1043 κατηφείας
1254 1010 1513 1048 ἀποσκευασάμενοι
1536 1015 1707 1051 σκυθρωπὸν,
1736 1018 1812 1044 ἐλευ-

1019 1053 1086 1090 θέρᾳ
1103 1055 1150 1082 καὶ
1162 1057 1239 1092 φωνῇ
1254 1057 1302 1084 καὶ
1318 1057 1390 1092 ὕψει,
1418 1059 1469 1095 τὴν
1497 1062 1665 1098 παρθενικὴν
1679 1072 1812 1098 χοροστα-

1017 1101 1094 1128 τοῦσι
1114 1103 1269 1138 πανήγυριν
1294 1105 1454 1140 χαίροντες·
1472 1107 1574 1142 μᾶλλον
1596 1108 1642 1141 δὲ,
1668 1112 1812 1145 κορυφαῖοι

1016 1147 1119 1183 ταύτης
1145 1148 1356 1184 καθεστηκότες.
1375 1151 1415 1177 Δι’
1428 1148 1466 1178 ὧν
1489 1153 1543 1188 γὰρ
1564 1154 1579 1188 ἠ
1605 1154 1655 1189 τῆς
1671 1155 1813 1191 ἁμαρτίας

1018 1193 1107 1229 σπορὰ
1121 1193 1174 1228 ὅλῳ
1186 1197 1363 1230 παραφυείσα
1387 1195 1426 1232 τῷ
1441 1197 1526 1231 γένει,
1541 1199 1589 1224 καὶ
1615 1199 1694 1227 τοῦτο
1718 1201 1812 1227 νοθεύι

1017 1249 1089 1268 σασα
1098 1249 1104 1255 ·
1115 1237 1187 1268 οὗτοι
1199 1242 1299 1277 μᾶλλον
1313 1243 1415 1278 ταύτης
1435 1245 1685 1281 ἀποῤῥιξουμένης,
1707 1248 1811 1284 κατάρ-

1016 1295 1075 1333 χειν
1090 1286 1141 1322 τῆς
1154 1287 1253 1322 χαρᾶς,
1269 1287 1317 1314 καὶ
1334 1288 1384 1323 τῆς
1401 1287 1591 1333 χρροστασίας,
1616 1292 1663 1318 καὶ
1679 1294 1810 1329 μετέρχε-

1016 1332 1089 1365 σθαι,
1105 1333 1153 1360 καὶ
1168 1333 1315 1368 συγκαλεῖν
1326 1335 1390 1366 τοὺς
1415 1332 1445 1368 ἐξ
1458 1337 1546 1363 αὐτῶν
1562 1339 1727 1372 πεφυκότας,
1739 1349 1792 1374 τυγ
1804 1355 1810 1362 -

1017 1379 1129 1415 χάνουσι
1142 1379 1252 1407 δίκαιοι.
1278 1381 1332 1407 Καὶ
1349 1381 1404 1417 γὰρ
1424 1382 1469 1409 διὰ
1492 1383 1600 1410 πάντων
1617 1385 1666 1420 μὲν
1685 1386 1738 1413 ἀπὸ
1752 1386 1810 1413 τῶν

1014 1425 1131 1460 πρώτως
1145 1434 1184 1452 πα
1189 1426 1392 1462 ραῦεΰηκότων,
1407 1428 1455 1455 τοῦ
1467 1429 1517 1465 τῆς
1527 1431 1735 1466 παραπτώσεως
1754 1433 1808 1469 ἆῤ-

1017 1473 1195 1508 ρωστήματος
1223 1473 1442 1509 μεταρῤυέντος·
1467 1477 1579 1503 πάντων
1604 1477 1632 1504 δὲ
1645 1480 1695 1513 τῆς
1709 1479 1808 1513 ὁμοίας

1014 1519 1163 1555 θεραπείας
1177 1519 1375 1555 ὲπιδεομένων-
1397 1521 1448 1557 τῆς
1466 1522 1495 1548 δὲ
1515 1523 1688 1559 παγκοσμίου
1713 1533 1807 1560 σωτη-

1015 1566 1076 1601 ρίας
1091 1567 1212 1602 σήμερον
1224 1566 1262 1601 τῷ
1276 1567 1326 1602 τῆς
1342 1568 1481 1603 Παρθένου
1494 1568 1566 1605 τόκῳ
1577 1570 1805 1606 θεμελιουμένης,

1013 1612 1106 1647 κοινὴν
1127 1613 1177 1647 μὲν
1191 1612 1239 1638 καὶ
1253 1614 1377 1649 παγγενῆ
1394 1616 1517 1649 προσῆκε
1545 1616 1732 1651 συστήσασθαι
1752 1618 1805 1652 τὴν

1012 1658 1183 1693 πανήγυριν·
1207 1658 1366 1693 δημοτελεῖς
1394 1659 1422 1686 δὲ
1441 1661 1489 1687 καὶ
1522 1661 1726 1697 ὐπερκοσμίους
1751 1663 1804 1695 τὰς

1011 1705 1241 1742 εὐχαριστηρίους
1264 1706 1336 1742 ᾠδὰς
1351 1707 1590 1743 άνακρούσασοαιι
1617 1710 1803 1745 ύπερκόσμιον

1011 1751 1064 1786 γὰρ
1079 1752 1191 1778 ἀπαιτεῖ
1199 1751 1249 1788 τὴν
1259 1753 1448 1789 εὐχαριστίαν,
1466 1755 1497 1780 τὸ
1509 1755 1559 1790 τῆς
1573 1757 1711 1791 σωτηρίας
1730 1765 1803 1790 παγ-

1011 1797 1134 1833 κόσμιον.

1052 1844 1271 1880 Ἀναπέμψωμεν
1300 1845 1527 1882 εὐχαριστηρίους
1551 1846 1633 1882 ᾠδὰς,
1650 1848 1692 1875 ὅτι
1713 1849 1802 1885 ’Δδάμ

1010 1890 1220 1924 ἀναπλάττεται,
1238 1893 1284 1919 καὶ
1295 1893 1312 1928 ἡ
1326 1892 1382 1919 Εὕα
1393 1893 1614 1926 άνακαινίζεται.
1635 1895 1682 1921 καὶ
1699 1896 1715 1931 ἡ
1743 1896 1801 1931 ἀρὰ

1008 1936 1161 1978 διειλύεται·
1180 1938 1255 1974 καὶὴ
1271 1938 1352 1974 φύσις
1367 1939 1446 1975 ήμῶν
1468 1940 1498 1966 τὸ
1525 1941 1623 1976 νεκρὸν
1641 1941 1691 1977 τῆς
1706 1941 1800 1979 ἀμαρ-

1007 1983 1068 2014 τίας
1083 1983 1129 2010 καὶ
1146 1983 1307 2019 δερμάτινον
1320 1985 1511 2021 ἀποδυσαμένη
1535 1987 1692 2022 πρόσωπον,
1704 1988 1751 2015 ἐπὶ
1766 1990 1801 2017 τὸ

1007 2029 1121 2064 ἀρχαῖον
1136 2030 1185 2065 τῆς
1198 2030 1367 2065 Δεσποτικῆς
1378 2031 1481 2064 εἰκόνος
1492 2032 1698 2068 ἀναμορφοῦται
1713 2035 1800 2069 ἀξίω-

1009 2083 1057 2111 μα.
1076 2075 1295 2112 ’Δναπέμψωμεν
1318 2077 1546 2113 εὐχαριστηρίους
1573 2078 1659 2114 ᾠδὰς,
1684 2081 1731 2107 καὶ
1749 2091 1798 2117 χο-

1009 2121 1072 2156 ροὺς
1091 2122 1250 2157 πανδήμους
1265 2123 1474 2158 συστησώμεθα,
1485 2124 1527 2150 ὅτι
1554 2125 1662 2152 κόλπων
1690 2126 1799 2161 ἀγόνων

1008 2167 1144 2202 Παρθένος
1159 2169 1366 2203 προκύπτουσα,
1380 2169 1429 2205 τὴν
1440 2170 1538 2204 ἄγονον
1564 2172 1672 2207 μήτραν
1687 2172 1798 2207 ἁγιάζει

1005 2213 1055 2248 τῆς
1071 2213 1188 2249 φύσεως,
1205 2215 1245 2247 εις
1262 2215 1367 2250 ἀρετῶν
1382 2217 1536 2252 εὐκαρπίαν
1547 2218 1577 2244 τὺ
1591 2219 1691 2254 ταύτης
1710 2221 1798 2257 ἄκαρ-

1006 2268 1057 2286 πον
1067 2260 1291 2296 ὲγκεντρίζουσα.
1308 2260 1347 2287 Δι’
1369 2258 1408 2288 ὧν
1418 2261 1473 2298 γὰρ
1492 2262 1532 2298 τῷ
1547 2263 1669 2300 Δεσπότῃ
1686 2265 1797 2293 πάντων

1006 2307 1053 2333 καὶ
1067 2306 1194 2342 γεωργῷ,
1207 2306 1241 2333 τὰ
1253 2305 1306 2333 τῶν
1317 2307 1462 2343 ἀχράντων
1481 2308 1568 2344 αὐτῆς
1590 2310 1715 2344 αίμάτων
1737 2313 1798 2347 ρεῖ-

1006 2352 1059 2387 θρα
1069 2353 1110 2384 εἰς
1127 2351 1238 2387 ἀρδείαν
1264 2353 1325 2379 ὅλου
1354 2353 1608 2389 καταξηρανθέντος
1621 2355 1722 2392 ἔχρησε
1747 2358 1797 2385 τοῦ

1006 2398 1184 2432 φυράματος,
1210 2397 1315 2430 τούτοις
1338 2398 1451 2431 εἰκότως
1466 2402 1513 2426 καὶ
1536 2400 1587 2436 τῆς
1605 2403 1798 2438 καρποφορίας

1005 2445 1130 2479 εὐλογίαν
1157 2445 1327 2481 ἀναδέχεται,
1362 2446 1396 2472 Ἢ
1411 2447 1513 2482 κλίμαξ
1530 2448 1547 2483 ὴ
1575 2447 1644 2482 πρὸς
1663 2449 1797 2485 οὐρανοὺς

1004 2492 1179 2528 ἀναφέρουσα
1192 2492 1399 2528 καταρτίζεται,
1416 2494 1464 2520 καὶ
1485 2495 1502 2530 ἠ
1525 2495 1616 2530 γεηρὰ
1637 2495 1718 2530 φύσις
1740 2496 1797 2524 τῶν

1004 2539 1111 2566 οἰκείων
1122 2540 1192 2575 ὅρων
1206 2539 1426 2575 ὐπεραλλομένη,
1439 2539 1507 2577 πρὸς
1524 2541 1574 2573 τὰς
1589 2542 1733 2576 οὐρανίους
1744 2552 1796 2577 μο-

1003 2585 1052 2617 νὰς
1064 2585 1237 2617 ἐνοικίζεται.
1255 2585 1285 2612 '0
1297 2586 1460 2618 Δεσποτικὺς
1474 2586 1569 2622 θρόνος
1586 2587 1634 2614 ἐπὶ
1652 2589 1704 2624 γῆς
1726 2589 1798 2615 ὲτοι-

1005 2631 1134 2667 μάζεται,
1150 2632 1198 2659 καὶ
1216 2632 1251 2658 τὰ
1277 2632 1387 2667 ἐπίγεια
1417 2633 1580 2667 ἁγιάζεται-
1604 2633 1652 2661 καὶ
1679 2634 1714 2661 τὰ
1739 2635 1797 2662 τῶν

1003 2678 1125 2714 οὐρανῶν
1141 2679 1208 2714 ἡμῖν
1222 2678 1436 2713 συναγελάζεται
1448 2680 1576 2714 τάγματα
1588 2687 1595 2695 θ
1621 2680 1668 2706 καὶ
1681 2681 1696 2706 ὀ
1708 2688 1796 2715 πονη-

1005 2726 1061 2762 ρὸς,
1076 2726 1122 2752 καὶ
1139 2725 1256 2761 πρώτως
1265 2726 1338 2761 ἡμᾶς
1351 2726 1505 2761 ἀπατήσας,
1521 2725 1567 2752 καὶ
1581 2725 1630 2760 τῆς
1641 2725 1701 2752 καθ’
1715 2726 1797 2761 ήμῶν

1003 2769 1153 2804 ἐπιϐουλῆς
1166 2770 1336 2805 ἀρχιτέκτων
1356 2770 1516 2805 γενόμενος,
1541 2770 1594 2796 τῶν
1609 2770 1692 2797 δόλων
1709 2771 1795 2798 αὐτοῦ

1002 2817 1052 2844 καὶ
1072 2816 1125 2844 τῶν
1136 2816 1344 2853 μηχανημάτων
1360 2816 1619 2853 ὑποσαθρουμένων,
1643 2817 1693 2854 τὴν
1717 2817 1797 2854 laxi»

1003 2861 1208 2899 περιθραύεται.
1566 2855 1569 2858 ’
