1945 3088
152 185 196 218 Τίς
212 185 317 222 ίσχύσει
331 184 400 212 Θεοῦ
413 183 552 220 θαυμάσια
564 182 746 219 διηγήσασθαι
759 192 766 217 ;
783 183 862 215 Ποῖος
877 183 906 210 δὲ
921 188 945 216 Α

123 231 191 267 λόγος
203 232 336 267 ὲκφράσει
353 231 388 258 τὰ
403 231 474 267 ὑπὲρ
489 230 576 265 λόγων
588 230 638 266 τὴν
652 229 786 265 δύναμιν;
802 230 865 262 Πῶς
879 229 908 256 δὲ

123 278 176 310 νοῦς
191 277 262 309 an;
278 278 308 305 οὺ
323 277 469 313 ναρκήσει,
484 275 524 312 τῷ
543 275 655 312 μεγέθει
666 275 721 302 τῶν
733 275 823 310 ἔργων
837 283 908 310 συμ-

124 323 347 360 παρατεινόμενος
357 322 407 359 τὴν
424 321 589 357 κατάληψινς
606 320 727 348 Ἔπλασε
740 321 787 348 τὸν
800 320 908 355 ἄνθρω·

123 379 167 397 πον
180 369 321 405 καταρχὰς
335 370 349 395 ό
362 369 438 401 Θεὸς,
453 368 550 404 ἀφάτῳ
571 367 778 403 φιλανθρωπίας
800 366 909 401 πλούτῳ

123 415 274 450 κινούμενος
285 423 293 431 ν
309 413 400 450 χειρὸς
416 414 520 445 οἰκείας
538 413 663 448 πλάσμα,
683 413 730 440 καὶ
747 412 840 440 εικόνα
859 412 909 447 φέ-

124 469 175 498 ρειν
189 458 347 496 χαριτώσας
359 459 407 486 τοῦ
423 459 577 490 πλάσαντος
589 466 596 473 ·
610 455 647 485 ὧν
661 459 692 484 τὸ
704 458 754 493 μὲν
766 457 817 494 τῆς
841 466 909 494 σαρ-

122 508 173 539 κὸς,
192 507 224 533 τὴ
251 506 279 533 δὲ
299 505 346 533 τοῦ
376 505 533 540 πνεύματος
552 505 638 531 ἐδίδου
655 504 751 540 δηλοῦν
767 504 817 540 τὴν
827 504 909 539 εὐγέ-

122 559 190 578 νειαν
200 559 206 565 ·
223 549 387 586 παράδεισος
402 549 430 576 δὲ
445 551 540 585 χρῆμα
553 549 671 585 τερπνὸν
684 549 733 576 καὶ
745 548 908 585 ἐπέραστον,

123 598 187 626 κατὰ
201 597 348 628 Ἀνατολὰς
358 596 523 631 πεφύτευτο,
530 594 670 630 λειμώνων
682 595 731 630 μὲν
741 595 910 631 ἀμαράντοις

122 643 337 678 καταπνεόμενος
364 642 475 670 ἄνθεσι·
504 641 596 677 φυτῶν
620 641 648 668 δὲ
665 642 782 677 καρποῖς
799 641 911 677 ὡραίοις

122 691 165 717 καὶ
176 688 355 719 παντοδαποῖς
370 687 619 723 ἐνευθηνούμενος⁵
634 687 681 714 καὶ
696 687 816 722 ποταμοὶ
832 687 910 722 μέσοι

123 737 237 772 ῥέοντες,
252 735 300 762 παλ⁴
319 734 436 770 καθαρῷ
463 734 504 770 τῷ
520 734 622 770 ῥείθρῳ
645 734 676 761 τὸ
700 734 848 770 πρόσωπον
862 733 910 760 τοῦ

122 781 210 809 πεδίου
230 780 460 817 καταρδεύοντες,
486 779 630 815 ἀμήχανόν
661 788 723 806 τινα
747 779 796 806 τοῦ
810 779 910 815 χωρίου

121 830 167 865 τὴν
178 829 333 864 ὡραιότητα
348 827 560 860 κατεσκεύαζον.
581 827 626 854 Ἐν
642 826 731 862 τούτῳ
743 827 793 862 τῆς
804 827 911 852 Δεσπο-

121 875 197 911 τικῆς
216 874 348 910 παλάμης
372 875 386 901 ὁ
403 874 528 909 πλάστης
555 873 743 909 ἐγκατοικίζει
759 874 790 900 τὸ
804 873 911 909 φιλοτέ-
929 867 950 894 Β

122 930 220 958 χνημα·
236 921 347 948 πάντων
364 921 414 957 μὲν
426 921 568 956 Δεσπότην
581 921 834 956 καταστησάμενος·
845 921 912 947 πᾶσι

122 968 149 996 δὲ
173 970 230 1000 τοῖς
258 968 371 1002 ἀγαθοῖς
397 967 523 1003 ἀφθόνως
557 967 647 1000 δείξας
684 967 911 1003 περιρρεόμενον.

123 1016 238 1042 Ἔπειτα
267 1015 296 1042 δὲ
319 1015 444 1042 σύνοικον
468 1016 502 1042 ἐκ
521 1015 644 1051 πλευρᾶς
672 1015 815 1049 ἀφράστου
831 1015 912 1041 τόκου

123 1062 322 1098 μαιευσάμενος
352 1062 539 1097 ὑπεστήσατο,
569 1061 613 1088 ἵνα
639 1061 670 1094 ἐξ
694 1058 780 1096 οὗπερ
795 1060 912 1095 ἐλήφθη,

121 1108 241 1144 κεφαλὴν
253 1107 375 1143 γινώσκῃ
391 1107 438 1134 τὸν
463 1107 637 1138 δανείσαντα,
659 1106 706 1133 καὶ
727 1106 793 1141 πρὸς
810 1107 914 1132 ἐκεῖνον

122 1154 252 1189 ἀφορῶσα
268 1153 325 1189 εἴη,
343 1152 560 1188 συλλογιζομένη
583 1152 613 1178 τὺ
634 1151 786 1187 ὑπόχρεον·
808 1152 856 1178 καὶ
875 1151 914 1187 τῷ

123 1200 263 1234 συνδέσμῳ
278 1199 329 1234 τῆς
349 1198 468 1233 φύσεως,
485 1198 500 1224 ὁ
510 1198 561 1233 τῆς
577 1197 704 1233 ὁμονοίας
719 1197 812 1229 αὺτοῖς
828 1197 916 1232 etmo-

121 1246 252 1273 λιτεύοιτο
269 1245 431 1281 σύνδεσμος.

161 1292 244 1319 Ἀλλά
258 1300 291 1326 γε
305 1291 416 1319 πάντων
433 1291 488 1319 τῶν
503 1291 534 1319 ἑν
549 1290 709 1327 παραδείσῳ
722 1291 771 1326 τὴν
794 1289 916 1316 ἀπόλαυ-

123 1347 164 1366 σιν
180 1339 229 1366 xui.
254 1338 418 1366 δεσποτείαν
440 1339 636 1374 χαρισάμενος,
656 1337 772 1373 ἐπείπερ
797 1336 851 1363 ἔδει
867 1337 916 1364 καὶ

121 1385 214 1422 ιντολῇ
240 1394 294 1412 τινι
323 1384 582 1420 παιδαγωγηθῆναι,
608 1384 656 1411 καὶ
678 1383 914 1419 ἐγγυμνασθῆναι,

119 1433 165 1460 τὸν
178 1431 345 1468 τηλικαύτης
360 1431 408 1458 καὶ
420 1430 558 1466 τοσαύτης
579 1429 705 1462 ἐξουσίας
727 1437 915 1456 καταπιστευ-

120 1479 203 1506 θέντα
215 1479 247 1506 τὺ
260 1478 385 1514 μέγεθος,
398 1477 522 1513 εἰσφέρει
536 1477 619 1512 νόμον
635 1475 720 1511 αὐτῷ,
735 1476 798 1503 καθ’
811 1475 841 1502 ὃν
852 1475 915 1502 οὕτε

121 1525 242 1561 χαλεπὸν
255 1523 518 1573 ἐμπολιτεύσασθαι,
532 1522 593 1573 οὒτε
614 1524 713 1573 ῥᾷστον
727 1522 814 1573 διόλου
830 1522 915 1573 φὲλά-
928 1544 949 1573 C

121 1569 220 1604 ξασθαι
232 1578 240 1585 ·
255 1569 289 1596 δι’
299 1566 337 1596 ὧν
350 1569 381 1595 τό
395 1577 428 1603 γε
443 1567 589 1604 ἔμμισθον,
606 1568 623 1604 ἢ
636 1568 666 1594 τὸ
686 1567 814 1594 ὑπόδικον
829 1567 913 1604 ἔϐρα-

120 1616 228 1643 6εύετο.
245 1615 331 1643 Φυτδν
348 1615 403 1650 γάρ
418 1615 510 1641 τιτῶν
531 1614 686 1642 ἀνθούντων
705 1614 862 1650 ὡραιότητα
875 1613 915 1650 τῷ

120 1662 194 1698 λόγῳ
208 1661 263 1689 τῶν
280 1661 368 1688 ἄλλων
392 1660 605 1696 ἀφορισάμενος,
632 1658 729 1686 τούτου
754 1660 792 1695 μὴ
818 1661 916 1694 φαγεῖν

121 1707 205 1744 μόνου
217 1707 266 1743 τὴν
281 1706 391 1742 ἐντολὴν
406 1707 538 1743 παρεῖχεν
552 1705 803 1737 άποθεσπίζουσαν.
815 1705 916 1740 Θηρίον

119 1753 149 1780 δὲ
174 1751 294 1788 πονηρὸν
319 1751 367 1779 καὶ
396 1751 564 1786 ἀρχέκακον,
581 1749 611 1776 ὃν
639 1750 657 1784 ἡ
677 1749 776 1783 πρᾶξις
793 1748 917 1775 διάϐολον

119 1798 312 1834 ἐπωνόμασεν,
339 1797 369 1829 ἐξ
394 1797 479 1831 αὐτῆς
495 1795 621 1826 πλάσεως
647 1794 856 1829 ὲποφθαλμίσας
871 1793 917 1820 τὸν

119 1845 280 1880 ἄνθρωπον,
299 1843 371 1878 ἄλλῳ
388 1841 478 1878 θηρίῳ
492 1841 547 1868 τῶν
564 1840 704 1876 ἑρπόντων
728 1840 837 1876 ὀργάνῳ
849 1847 917 1874 χρη-

120 1891 252 1927 σάμενος,
268 1890 316 1916 καὶ
330 1890 365 1924 τῇ
380 1887 492 1923 γυναικὶ
504 1885 711 1921 προσομιλήσας
724 1884 856 1918 ἐπαγωγὰ
870 1883 918 1910 καῖ

119 1938 282 1974 θελκτήρια,
296 1937 344 1964 καὶ
359 1936 428 1963 πολὺ
445 1935 494 1962 τοῦ
507 1934 656 1970 νομοθέτου
671 1932 879 1964 κατασκεδάσας
887 1931 918 1958 τὸ

119 1985 297 2020 βλάσφημον,
317 1982 406 2010 πείθει
420 1982 469 2017 τὴν
482 1982 612 2016 γυναῖκα,
641 1981 688 2007 καὶ
704 1980 739 2007 δι’
764 1980 851 2015 αὐτῆς
872 1978 918 2006 τὸν

118 2030 256 2066 ὁμόζυγα,
277 2029 327 2065 τῆς
354 2029 405 2064 μὲν
421 2028 534 2064 ἐντολῆς
555 2027 795 2062 κατολιγωρῆσαι·
819 2025 919 2060 φαγεῖν

117 2078 149 2104 δὲ
162 2074 194 2104 οὗ
206 2076 245 2112 μὴ
257 2077 355 2111 φαγεῖν
362 2074 547 2102 ἐτεθέσπιστο.
560 2074 592 2101 Οί
603 2073 642 2105 δὲ,
651 2073 710 2107 ἃμα
723 2081 752 2099 τε
766 2071 919 2106 τὸπροστα-

118 2122 187 2159 χθὲν
196 2121 374 2158 ὑπερέὸαινον
381 2141 389 2154 ,
410 2121 458 2148 καὶ
470 2121 579 2148 πάντων
595 2120 649 2147 τῶν
658 2119 838 2155 χαρισμάτων
848 2117 920 2150 διεξ-

118 2169 249 2195 έπιπτον·
264 2167 332 2203 ὅπερ
348 2164 382 2202 ἦν
395 2165 435 2201 τῷ
451 2165 655 2193 ἐπιϐουλεύοντι
680 2163 854 2198 σπούδασμα.
871 2163 919 2194 Ei;

506 127 670 158 HOMILIA
691 128 717 158 Ι.
735 139 771 145 -
785 126 826 158 ΙΝ
848 127 901 158 SS.
922 127 1056 158 MARI/E
1076 127 1349 158 NATIV’ITATEM:

1699 130 1750 162 558

997 182 1066 216 Quis
1082 182 1130 210 Dei
1145 183 1281 211 mirabilia
1297 191 1427 213 enarrare
1440 184 1563 221 poterit?
1574 184 1642 218 Quis
1658 190 1749 214 autem

960 237 1052 258 sermo
1075 237 1107 257 ea
1137 229 1266 265 explicet,
1296 237 1359 265 quae
1391 230 1446 258 vim
1473 235 1558 258 totam
1589 239 1748 260 sermonum

960 275 1117 304 excedunt?
1135 275 1187 309 Qui
1206 282 1273 303 vero
1290 276 1399 304 animus
1414 284 1470 304 non
1483 277 1638 312 obtorpeat,
1658 278 1693 305 ad
1708 286 1751 305 re-

959 329 1021 349 rum
1059 321 1287 357 magnitudinem,
1325 322 1600 357 comprehensionem
1634 328 1751 352 conten-

961 368 1048 396 dens?
1060 367 1133 395 Deus
1150 376 1165 395 a
1180 367 1316 403 principio
1333 367 1461 395 formavit
1486 368 1638 401 hominem,
1651 370 1747 397 ineffa-

959 413 1062 441 biiibus
1087 412 1263 448 impensioris
1291 413 1319 439 in
1353 413 1503 440 humanum
1536 422 1622 449 genus
1650 415 1752 442 amoris

959 460 1064 488 divitiis
1084 464 1240 495 permotus;
1264 463 1379 487 suaemet
1403 459 1563 494 figmentum
1587 468 1696 494 manus,
1719 469 1753 490 ac

961 505 1068 534 lictoris
1092 506 1210 541 largiens
1228 506 1301 533 ferre
1318 505 1464 541 imaginem
1478 515 1486 533 :
1503 514 1619 541 quorum
1636 507 1752 535 alterum

961 552 1052 581 carnis
1065 573 1074 586 ,
1091 553 1206 580 alterum
1217 552 1329 587 spiritus
1342 551 1519 580 manifestare
1531 552 1613 581 dabat
1627 554 1754 589 ingenui-

963 602 1057 625 tatem.
1073 597 1158 625 Porro
1172 597 1328 632 paradisus,
1344 605 1389 625 res
1401 597 1573 625 deiectabilis
1595 606 1628 626 ac
1651 600 1754 627 amoris

961 643 1055 679 plena,
1071 643 1106 671 ad
1121 643 1262 671 Orientem
1277 644 1415 678 plantatus
1430 648 1505 677 erat;
1519 652 1601 679 quem
1611 650 1753 680 pratorum

961 689 1202 718 immarcessibiles
1227 689 1309 717 ﬂores
1328 689 1498 725 perﬂarent;
1524 690 1699 725 pulchrique,
1721 699 1754 719 ac

962 735 1102 771 omnigeni
1114 736 1242 763 arborum
1262 735 1369 763 fructus
1390 735 1469 771 copia
1487 735 1624 769 ditarent;
1644 745 1677 764 ac
1702 737 1755 764 ilu-

963 782 1038 809 mina
1058 782 1179 809 mediutn
1198 782 1380 814 decurrentia,
1398 781 1572 817 limpidisque
1594 783 1672 818 aquis
1704 783 1754 811 soli

963 828 1061 855 faciem
1081 827 1233 864 irrigantia,
1256 829 1390 855 immenso
1415 828 1534 864 quodam
1549 822 1648 857 decore
1671 837 1756 864 auge—

965 878 1038 902 rent.
1065 873 1092 901 ln
1115 882 1148 902 eo
1168 874 1255 907 ﬁctor,
1269 873 1420 902 Dominicae
1445 882 1544 903 manus
1563 879 1622 903 arte
1642 883 1756 912 compo-

964 920 1047 948 situm
1060 920 1177 948 collocat
1189 929 1273 956 opus;
1298 921 1492 949 universorum
1521 921 1631 957 quidem
1652 922 1756 950 consti-

965 971 1045 994 tuens
1073 966 1232 1000 Dominum;
1268 967 1460 1003 bonorumque
1496 968 1619 995 omnium
1652 968 1756 997 affatim

965 1013 1133 1040 aliiuentiam
1149 1013 1282 1041 tribuens.
1299 1014 1368 1041 Tum
1377 1022 1443 1042 vero
1452 1014 1608 1051 conjugem,
1625 1015 1756 1043 ineﬂabili

965 1062 1045 1094 partu
1070 1059 1164 1086 lateris
1184 1059 1381 1087 obstetricatus
1394 1060 1533 1094 produxit,
1561 1065 1592 1088 ut
1612 1069 1685 1094 eum,
1709 1062 1757 1096 qui

966 1104 993 1132 id
1007 1106 1217 1139 commodasset,
1236 1113 1269 1133 ex
1285 1113 1340 1140 quo
1354 1105 1453 1134 fuisset
1472 1111 1592 1141 sumpta,
1607 1111 1690 1142 caput
1702 1107 1757 1135 sci-

965 1153 1018 1180 ret.
1040 1156 1072 1177 ac
1086 1149 1209 1177 debitum
1226 1155 1359 1185 reputans
1373 1150 1401 1178 in
1413 1151 1493 1178 illum
1508 1151 1660 1186 aspiceret;
1673 1157 1758 1180 natu-

965 1202 1057 1230 raeque
1083 1196 1204 1229 vinculo,
1233 1196 1387 1224 concordiae
1415 1197 1493 1231 ipsis,
1518 1197 1659 1225 individua
1693 1198 1758 1226 vita:

966 1242 1107 1274 societate,
1126 1242 1267 1270 vinculum
1280 1246 1429 1271 constaret.

1001 1288 1149 1321 Caeterum,
1163 1296 1225 1316 cum
1240 1288 1369 1318 omnibus
1387 1289 1415 1316 in
1426 1287 1553 1324 paradiso
1568 1289 1666 1325 positis
1688 1297 1758 1318 con-

965 1335 1095 1363 cessisset
1110 1335 1175 1368 frui,
1191 1342 1224 1363 ac
1236 1334 1430 1363 universorum
1446 1335 1569 1364 dominio
1583 1337 1681 1372 potiri;
1693 1338 1757 1373 quia

966 1384 1048 1411 etiam
1066 1387 1204 1418 prxecepto
1218 1382 1321 1410 erudiri
1329 1382 1483 1417 oportebat,
1501 1391 1533 1410 ac
1542 1384 1665 1412 exerceri
1681 1392 1757 1417 eum.

966 1429 1010 1457 cui
1028 1429 1089 1456 talis
1105 1436 1139 1455 ac
1161 1432 1243 1456 tantae
1264 1429 1408 1463 potestatis
1423 1429 1582 1465 magnitudo
1602 1431 1759 1458 concredita

966 1479 1049 1509 esset,
1067 1475 1121 1502 fert
1137 1474 1162 1502 ei
1180 1474 1278 1510 legem.
1301 1482 1316 1502 e
1333 1475 1413 1509 cujus
1434 1477 1551 1507 ratione,
1573 1483 1625 1506 nec
1648 1476 1758 1505 difﬁcile

967 1521 1113 1549 admodum
1129 1520 1191 1548 vita:
1214 1521 1336 1548 rationes
1360 1528 1545 1556 componere;
1568 1529 1621 1549 nec
1644 1523 1759 1551 omnino

965 1568 1045 1595 facile
1062 1575 1191 1599 servare;
1207 1567 1307 1602 quibus
1324 1571 1381 1594 tum
1397 1568 1551 1601 praemium,
1572 1573 1630 1595 tum
1650 1576 1758 1604 poenam

965 1614 1093 1642 mercede
1124 1617 1302 1649 proponeret.
1330 1613 1465 1641 Arborem
1496 1621 1616 1649 namque
1644 1615 1762 1650 pulchra.

965 1663 1110 1687 venustate
1140 1658 1282 1686 ﬂorentem
1310 1666 1436 1686 sermone
1461 1659 1496 1686 ab
1517 1659 1578 1687 aliis
1601 1668 1757 1696 segregans,

966 1710 1133 1741 praeceptum
1148 1705 1236 1740 ponit,
1253 1712 1308 1740 quo
1332 1713 1386 1732 una
1407 1705 1459 1733 hac
1479 1706 1553 1733 vesci
1570 1706 1759 1741 prohibeatur.

967 1751 1036 1778 Mala
1060 1756 1150 1778 autem
1171 1751 1271 1784 bestia,
1293 1759 1325 1779 ac
1340 1751 1403 1778 mali
1429 1752 1536 1779 auctrix
1558 1761 1566 1779 :
1587 1752 1689 1780 diaboli
1710 1760 1759 1781 co-

967 1805 1084 1832 gnomen
1115 1797 1186 1825 actio
1224 1797 1323 1824 tribuit
1343 1805 1350 1824 :
1372 1797 1407 1825 ab
1434 1797 1494 1833 ipsa
1518 1798 1676 1826 conditione
1698 1799 1762 1826 livi-

968 1843 1010 1871 dis
1045 1843 1131 1871 ocuiis
1157 1843 1294 1878 aspiciens
1332 1844 1485 1878 hominem,
1515 1844 1622 1880 aliaque
1654 1845 1689 1873 de
1714 1853 1761 1873 re-

967 1888 1076 1924 ptilium
1103 1896 1203 1925 genere
1232 1889 1319 1917 bestia
1341 1897 1444 1925 organo
1478 1895 1570 1924 utens,
1605 1891 1760 1927 blandaque

968 1943 1001 1962 ac
1019 1935 1170 1962 mulcentia
1183 1943 1245 1962 cum
1256 1935 1370 1963 muliere
1385 1936 1530 1970 collocuta,
1547 1937 1630 1972 inque
1649 1937 1761 1973 legisla-

969 1984 1057 2007 torem
1094 1979 1209 2007 multam
1239 1988 1371 2016 spargens
1407 1981 1620 2016 blasphemiam,
1650 1984 1759 2012 mulieri

969 2026 1077 2059 suadet,
1102 2033 1136 2054 ac
1154 2034 1204 2061 per
1225 2035 1286 2054 eam
1310 2027 1431 2063 conjugi,
1451 2032 1482 2055 ut
1494 2034 1627 2064 spernant
1646 2030 1759 2065 quidem

969 2077 1148 2107 praeceptum,
1169 2072 1252 2100 edant
1269 2080 1335 2101 vero
1349 2073 1382 2101 de
1397 2074 1496 2101 arbore
1523 2074 1558 2102 de
1578 2082 1632 2111 qua
1651 2083 1686 2104 ne
1714 2083 1762 2103 eo-

970 2117 1114 2145 mederent
1127 2118 1262 2146 sancitum
1292 2123 1360 2146 erat.
1379 2119 1464 2148 Porro
1490 2121 1540 2154 illi,
1558 2129 1620 2149 mox
1635 2126 1665 2149 ut
1689 2130 1761 2158 prae-

971 2168 1082 2199 ceptum
1107 2165 1270 2200 transgressi
1305 2170 1409 2198 essent,
1441 2167 1511 2194 dona
1532 2170 1642 2202 queque
1667 2169 1761 2196 omnia

117 2213 204 2240 τοῦτο
212 2211 267 2248 γὰρ
279 2212 354 2248 αὐτῷ
373 2211 485 2247 σύμπαν
499 2210 703 2238 κατεσκεύαστο
714 2211 745 2237 τὸ
755 2210 915 2246 μηχάνημα·

971 2210 1191 2245 amisere;quod
1209 2211 1303 2245 utique
1323 2212 1451 2246 ponentis
1476 2213 1590 2241 insidias
1616 2214 1760 2243 consilium

118 2259 275 2287 κάντεῦθεν
304 2258 358 2285 ἀπὸ
374 2258 430 2284 τῶν
448 2258 589 2294 προγόνων
610 2259 650 2288 είς
676 2257 739 2288 τοὺς
764 2256 917 2290 ἀπογόνους

118 2305 383 2341 κατασπειρομένου
397 2303 445 2330 τοῦ
470 2303 709 2340 παραπτώματος,
720 2303 780 2330 ὅλον
791 2302 872 2338 ἡμῶν
888 2302 919 2328 τὸ

118 2352 203 2387 γένος
217 2353 231 2378 ὁ
245 2350 442 2383 ὲπιῦουλεύσας
455 2350 508 2378 ὑπὸ
530 2351 610 2386 χεῖρα
625 2347 683 2386 εἶχε
701 2350 917 2384 δουλωσάμενος.

160 2449 196 2477 Τί
209 2449 231 2477 δ’
243 2449 289 2478 οὗν
313 2451 329 2477 ὸ
353 2449 477 2485 πλάστης
500 2449 547 2476 καὶ
562 2448 705 2485 κηδεμών;
721 2447 777 2485 ἆρα
792 2449 919 2483 παρεῖδεν

117 2498 166 2530 εἰς
179 2496 257 2529 τέλος
268 2497 299 2524 τὸ
315 2496 430 2533 πλάσμα
440 2496 699 2532 ταλαιπωρούμενον
708 2515 716 2527 ,
732 2495 779 2522 καὶ
799 2496 920 2531 τοσαύτῃ

118 2544 216 2580 πλάνῃ
233 2543 425 2578 βυθιζόμενον,
454 2543 502 2570 καὶ
529 2543 703 2578 καθεκάστην
729 2543 787 2574 τοῖς
805 2541 919 2568 πάθεσιν

117 2587 391 2624 ἀνδραποδιζόμενον
401 2597 409 2622 ;
421 2588 458 2615 Οὐ
474 2588 524 2623 μὲν
535 2586 593 2615 οὖν.
608 2588 669 2620 Πῶς
687 2588 741 2623 γὰρ
760 2589 830 2623 ὅπερ
845 2588 920 2622 φιλο-

115 2634 291 2670 τιμούμενος
318 2634 447 2667 ἔπλασεν,
463 2634 586 2670 ἠνέσχετ’
604 2635 637 2661 ἂν
663 2634 750 2670 ἡδέως
773 2635 839 2670 ὀρᾷν
858 2634 920 2661 συλ-

118 2680 321 2715 αγωγούμενον
329 2680 376 2707 καὶ
388 2679 580 2715 πλανώμενον;
591 2681 636 2708 Διὸ
644 2680 712 2716 πρὸς
726 2681 826 2716 ἑαυτὴν
840 2681 890 2715 μὲν
901 2682 918 2716 ἡ

117 2728 176 2762 τῆς
192 2727 306 2763 Τριάδος
320 2727 424 2762 ἑνότης,
437 2727 461 2753 εί
478 2726 557 2762 θέμις
574 2727 673 2760 εἰπεῖν,
688 2727 895 2762 ἐκκλησιάσασα
909 2735 916 2742 ·

116 2773 207 2808 θέμις
217 2773 246 2800 δὲ
260 2773 341 2800 τοῦτο
355 2773 446 2808 λέγειν
461 2774 509 2800 ἐπὶ
534 2774 583 2809 τῆς
599 2773 789 2806 ἀναπλάσεως,
814 2775 856 2801 ὅτι
871 2774 918 2801 καὶ

115 2819 167 2852 τὺ,
194 2819 369 2854 Ποιήσωμεν
388 2819 547 2854 ἄνθρωπον
563 2821 627 2847 κατ’
651 2820 754 2847 εἰκόνα
772 2821 920 2855 ἡμετέραν

116 2865 177 2892 καὶ
193 2866 346 2901 ὁμοίωσιν,
357 2866 403 2893 ἐπὶ
417 2865 467 2902 τῆς
479 2865 604 2899 πλάσεως
619 2866 744 2902 εἴρηται·
768 2867 807 2903 τῷ
826 2867 919 2903 ένιαίῳ

971 2261 1040 2283 crat.
1055 2256 1086 2283 In
1101 2264 1163 2284 eum
1179 2264 1299 2292 namque
1313 2257 1394 2285 finem
1413 2263 1468 2285 tota
1483 2259 1589 2286 molitio
1605 2265 1762 2295 comparata

969 2306 1047 2329 erat:
1064 2301 1183 2337 indeque
1197 2309 1213 2329 a
1229 2302 1381 2337 majoribus
1400 2302 1429 2330 in
1441 2307 1558 2339 nepotes
1583 2304 1762 2333 disseminata

969 2347 1203 2382 prmvaricatione,
1231 2348 1391 2375 universum
1409 2349 1562 2377 humanum
1587 2357 1675 2386 genus
1697 2353 1777 2382 διώ-ι

968 2394 1073 2429 jectum
1086 2394 1278 2429 captivumque
1292 2394 1436 2423 insidiator
1450 2395 1573 2423 tenebat.

1006 2449 1076 2483 Quid
1091 2459 1157 2486 ergo
1181 2451 1259 2478 lictor
1284 2452 1470 2486 curatorque?
1491 2452 1559 2479 Num
1577 2452 1605 2480 in
1620 2453 1715 2487 finem,
1735 2453 1762 2481 in

971 2497 1109 2524 miseriam
1122 2497 1278 2532 prolapsum
1294 2497 1397 2532 sprevit
1411 2497 1581 2533 figmentum,
1598 2499 1680 2534 inque
1695 2500 1763 2527 tanti

971 2543 1073 2570 erroris
1088 2542 1224 2577 profundo
1246 2543 1414 2576 demersum,
1433 2551 1466 2572 ac
1482 2545 1606 2579 quotidie
1627 2546 1764 2581 passioni-

971 2589 1023 2616 bus
1037 2589 1171 2624 malisque
1187 2589 1391 2624 mancipatum?
1407 2589 1519 2618 Minime
1533 2591 1666 2627 gentium.
1689 2593 1765 2625 Quo—

972 2636 1054 2662 modo
1068 2635 1142 2662 enim
1157 2635 1230 2670 quod
1244 2635 1388 2671 magniﬁce
1399 2636 1578 2669 condidisset,
1594 2637 1691 2665 iubens
1701 2645 1766 2673 spo-

973 2681 1033 2708 liari
1046 2685 1129 2716 atque
1142 2689 1236 2708 errare
1253 2681 1351 2709 videns
1370 2683 1564 2710 sustinuisset?
1582 2683 1765 2716 Quamobrem

973 2727 1046 2762 apud
1064 2727 1180 2761 seipsam
1198 2726 1307 2761 quidem
1324 2734 1409 2755 sacrae
1425 2728 1532 2755 Triadis
1553 2728 1661 2761 Unitas,
1678 2733 1708 2756 ut
1723 2728 1765 2757 fas

973 2774 1008 2801 sit
1034 2773 1070 2800 ita
1085 2773 1170 2808 loqui.
1192 2778 1357 2801 conventum
1376 2781 1460 2809 agens
1476 2784 1483 2802 :
1499 2782 1582 2810 porro
1603 2775 1671 2802 nihil
1686 2776 1766 2804 nefas

972 2821 1063 2848 dicere
1087 2820 1114 2847 in
1133 2821 1320 2852 recreationc,
1341 2821 1451 2855 quando
1472 2821 1553 2848 etiam
1577 2821 1604 2848 in
1626 2821 1765 2850 creatione

941 2905 946 2908 1
972 2867 1038 2896 illud
1056 2867 1159 2896 dictum
1181 2872 1233 2896 est:
1255 2867 1394 2896 Faciamus
1412 2867 1543 2896 hominem
1565 2869 1602 2896 ad
1621 2869 1764 2904 imaginata
