1945 3088
179 165 232 197 559

765 159 897 191 ΡΗΟΤΙΙ
915 158 1170 189 ΡΑΤΒΙΛΒΟΠ,Ἐ
1189 159 1244 189 CP.

1766 156 1815 188 560

179 228 202 251 et
213 222 403 250 similitudincn
416 225 533 249 nostram
542 221 567 237 ⁹⁰
583 229 590 248 :
602 219 699 247 eodem
709 240 716 252 ,
729 226 760 246 ac
776 217 908 253 singulari
922 224 970 245 νο·
983 243 984 246 η

1038 218 1070 252 ἧς
1085 215 1198 251 γνώμης
1212 215 1374 251 βουλήματι,
1396 215 1446 250 τὴν
1458 213 1611 242 ἀνάπλασιν
1630 212 1678 240 τοῦ
1708 223 1815 251 συντρι-

179 270 293 297 lnntatis
312 268 444 299 consilio,
464 266 615 294 reformare
640 265 713 300 quod
729 265 878 292 contritum
897 268 974 298 erat,

181 316 339 350 ﬁgmentum
353 313 506 341 constituit.
517 312 566 340 llla
578 316 670 339 autem
687 320 693 338 ε
707 311 785 339 valde
799 310 899 346 quippe
910 308 977 337 θίγο-

181 365 270 387 ratum
285 366 317 386 ac
329 358 479 386 desolatum
495 361 554 384 erat
562 357 712 383 humanum
727 362 825 390 genus,
839 353 912 389 quod
928 360 977 380 ne-

182 413 234 440 que
251 405 344 437 minis,
353 411 444 439 neque
457 403 557 439 pmnis,
570 410 659 438 neque
670 401 785 437 legibus,
799 408 852 428 nec
865 399 977 427 monitis

182 451 376 485 prophetarum
392 449 487 476 reduci
504 448 659 484 potuisset;
677 446 816 474 hominem
837 444 977 480 quaerebat

182 497 304 532 ejusdem
323 495 466 523 nobiscum
481 498 637 522 consortem
653 497 760 520 natura:
771 512 777 523 .
796 491 823 519 in
838 498 893 526 quo
909 490 976 525 legis

184 544 245 570 latae
278 542 482 570 observantiam
518 541 593 568 nulla
626 539 850 575 pnevaricatione
883 537 977 565 liceret

183 589 356 624 perspicere;
371 596 426 624 quo
443 587 593 614 humanum
612 586 682 613 idem
699 592 801 620 genus,
817 584 918 619 quibus
935 583 977 610 sui

184 633 292 669 generis
310 633 449 660 hominem
460 633 543 659 vitam
555 631 743 659 instituentem
759 630 881 662 videret,
899 636 978 656 eum-

185 681 246 707 dem
266 680 354 715 ipsum
382 679 552 712 imitaretur;
571 683 654 713 utque
664 678 724 713 ipso
740 683 773 704 eo
785 697 792 709 ,
810 676 853 704 cui
871 676 978 703 machi-

185 733 283 752 narum
299 725 448 752 instructor
464 724 596 751 adversus
613 731 664 750 nos
675 723 816 750 victoriam
837 727 977 757 acceptam

185 771 322 799 referebat
333 791 340 803 ,
351 770 472 806 legitima
481 770 594 797 victoria
605 777 636 796 ac
648 770 799 797 certamine
808 768 977 804 prolligatus,

186 817 308 856 dominio
323 817 444 844 caderet.

222 863 293 899 Ergo
314 871 399 890 unum
428 863 546 898 aliquem
571 871 587 890 e
603 862 738 890 Trinitate
757 862 902 897 oportebat
919 861 979 888 fieri

1027 263 1122 294 ϐέντος
1138 261 1271 288 διετίθετο
1284 261 1455 296 πλάσματος.
1474 261 1506 288 ἸΙ
1521 261 1549 287 δὲ
1566 260 1704 296 (χαλεπῶς
1718 261 1773 296 γὰρ
1787 261 1817 288 τὺ

1025 307 1196 342 ἀνθρώπινον
1211 307 1364 343 ἐξηγρίωτο
1377 308 1425 335 καὶ
1448 307 1612 344 ὲξηρήμωτο
1624 328 1632 340 ,
1657 307 1720 334 οὔτε
1741 309 1817 334 ἀπει-

1026 352 1096 386 λαῖς,
1111 353 1173 380 οὔτε
1188 355 1305 386 ποιναῖς,
1320 353 1382 380 οὔτε
1397 354 1500 389 νόμοις,
1515 354 1577 380 οὔτε
1600 354 1757 388 προφήταις
1771 355 1818 379 ἐπ-

1026 399 1205 435 αναγόμενον)
1216 399 1358 436 ἄνθρωπον
1369 400 1460 436 ἐζήτει
1473 400 1522 436 τῆς
1534 400 1620 435 αὐτῆς
1628 401 1694 434 ἡμῖν
1704 399 1818 435 λαχόντα

1027 446 1146 480 φύσεως,
1162 447 1192 473 ὲν
1206 443 1228 481 ᾧ
1244 447 1293 481 τῆς
1309 447 1471 482 νομοθεσίας
1486 448 1549 483 ἐνῆν
1561 447 1626 473 ἰδεῖν
1641 446 1818 482 ἀπαράϐατον

1026 491 1075 526 τὴν
1087 492 1253 527 συντήρησιν
1264 501 1270 508 ·
1284 493 1321 524 ὡς
1334 493 1367 519 ἂν
1380 492 1437 528 ἔχοι
1451 502 1480 519 τε
1492 493 1522 519 τὸ
1534 492 1703 528 ἀνθρώπινον
1718 490 1758 524 οἷς
1769 493 1820 528 όρᾷ

1026 538 1057 565 τὸ
1067 539 1198 573 ὁμογενὲς
1209 539 1428 574 πολιτευόμενον,
1441 539 1620 574 ἐκμιμεῖσθαι
1630 539 1660 566 τὸ
1672 539 1818 574 ὁμόφυλον·

1027 585 1075 611 καὶ
1090 584 1134 611 ἵνα
1153 584 1187 611 δι’
1200 581 1231 611 οὗ
1247 584 1277 610 τὸ
1291 584 1353 611 καθ’
1376 585 1456 620 ήμῶν
1469 585 1581 620 κράτος,
1603 586 1617 612 ό
1631 585 1681 617 τὰς
1697 585 1821 621 μηχανὰς

1029 631 1186 666 ῥαψάμενός
1209 632 1370 667 ἀνεδήσατο,
1398 631 1442 658 διὰ
1459 632 1556 658 τούτου
1577 631 1759 668 καθαιρεθείη
1772 633 1821 666 τῆς

1029 678 1152 713 κυρείας,
1166 679 1273 713 ἐννόμῳ
1286 679 1348 714 νίκῃ
1360 680 1405 706 καὶ
1418 679 1600 714 ἀγωνίσματι.

1067 860 1172 887 Οὐκοῦν
1186 859 1240 886 ἔδει
1254 859 1317 886 τινὰ
1341 859 1387 885 τὸν
1403 858 1453 893 τῆς
1469 858 1584 894 Τριάδος
1608 858 1648 889 είς
1663 857 1824 893 ἀνθρώπους

187 898 327 936 hominem
342 929 350 941 ,
368 915 399 935 ut
415 908 494 943 cujus
511 912 570 935 erat
587 907 714 935 formatio
726 928 733 939 ,
749 913 781 933 ac
797 913 867 941 opus
879 926 886 938 ,
904 905 977 940 ejus-

1037 906 1149 935 τελέσαι,
1163 903 1297 941 ἵν’ἦσπερ
1313 902 1347 940 ἦν
1360 905 1391 930 τὸ
1408 904 1637 940 πλαστοὺργημα,
1650 904 1753 939 ταύτης
1770 905 1823 931 ὐπ-

187 956 248 983 dem
259 955 398 982 videretur
407 961 467 981 esse
482 953 641 981 reformatio
657 961 688 980 ac
699 951 862 979 instauratio
875 950 978 986 operis.

187 1001 266 1029 Illum
282 1007 362 1035 porro
375 1000 488 1027 omnino
502 999 646 1034 oportebat
657 999 684 1024 in
699 1002 771 1025 terra
786 996 871 1024 ﬁlium
885 995 979 1031 appel-

188 1046 257 1078 lari,
292 1052 345 1072 nec
372 1051 520 1079 supernam
546 1047 638 1070 tamen
671 1042 774 1070 violare
800 1040 979 1077 dignitatem,

187 1092 234 1126 qui
252 1091 286 1119 ab
296 1096 398 1118 aeterno
408 1091 459 1117 hoc
471 1089 573 1124 pariter
586 1092 670 1121 esset,
680 1095 713 1115 ac
726 1088 894 1115 laudaretur.
909 1086 981 1114 Cen-

188 1138 241 1165 seri
268 1142 359 1164 autem
383 1138 454 1163 inter
471 1136 540 1162 lilios
562 1134 704 1162 hominum
730 1133 900 1168 impossibile
923 1136 982 1159 erat

188 1184 292 1218 absque
314 1182 513 1210 incarnatione.
533 1180 687 1208 lnearnatio
705 1180 799 1209 enim,
817 1180 860 1206 via
884 1183 927 1206 est
948 1178 982 1206 ad

189 1230 415 1266 generationem:
443 1228 584 1264 generatio
604 1234 685 1259 vero,
714 1226 920 1261 eonceptionis.
950 1232 982 1252 ac

188 1276 284 1312 gestati
296 1276 364 1302 uteri
376 1274 510 1302 terminus
520 1277 562 1301 est
575 1281 581 1300 :
594 1279 710 1307 cumque
722 1272 766 1299 illa
783 1272 982 1307 complectatur

188 1326 306 1349 matrem
319 1341 326 1353 ,
350 1321 409 1356 ejus
426 1320 524 1347 merito
543 1319 771 1354 praeparationem
788 1318 863 1346 velut
883 1317 982 1344 funda-

189 1374 283 1396 mento
294 1367 393 1403 praeire
409 1366 488 1401 petit.
503 1365 567 1392 Erat
579 1365 671 1400 itaque
686 1364 790 1392 lictoris
805 1364 982 1399 przeparanda

189 1418 278 1441 mater
288 1434 295 1446 ,
309 1420 364 1447 quo
379 1412 419 1439 sic
433 1412 622 1446 reﬁngeretur,
634 1410 707 1446 quod
720 1410 890 1438 confractum
904 1413 982 1444 erat,

190 1465 305 1492 eamque
316 1457 454 1493 Virginem
464 1463 526 1484 esse
545 1457 709 1492 oportebat,
727 1459 756 1483 ut
780 1456 852 1483 sicut
876 1456 983 1491 primus

191 1505 274 1532 homo
298 1511 315 1531 e
332 1508 403 1530 terra
424 1503 529 1538 virgine
551 1502 631 1530 fictus
660 1502 764 1535 fuerat,
785 1502 825 1529 sic
848 1509 882 1529 ex
902 1502 983 1529 vulva

190 1548 295 1584 virgine
312 1555 383 1576 nova
401 1548 499 1575 iterum
514 1547 589 1575 lictio
603 1548 749 1581 ederetur,
766 1551 848 1582 atque
861 1551 891 1574 ut
910 1547 983 1575 nulla

191 1602 304 1631 prorsus
329 1594 478 1630 voluptatis
497 1593 665 1628 insinuatio,
691 1594 735 1622 vel
761 1593 783 1622 si
805 1601 837 1621 ea
861 1594 984 1629 legitima

191 1643 263 1670 foret
274 1662 282 1675 ,
295 1642 324 1669 in
335 1641 474 1670 Creatoris
487 1645 565 1677 partu
583 1641 791 1677 intelligeretur.
806 1641 913 1676 Quippe
925 1645 985 1668 erat

191 1687 338 1723 voluptatis
365 1687 508 1722 captivus,
531 1694 613 1722 quem
639 1687 768 1714 Dominus
788 1691 819 1714 ut
840 1686 984 1719 liberaret,

192 1735 268 1762 nasci
290 1734 423 1762 voluerat.
453 1733 600 1760 Enimvero
619 1741 744 1768 qumnam
763 1734 884 1769 mysterii
904 1734 986 1769 digna

193 1781 228 1808 sit
246 1787 307 1808 esse
325 1780 468 1807 ministra?
482 1780 612 1813 Quaenam
632 1780 714 1815 digna
733 1779 801 1808 elliei
818 1780 865 1807 Dei
881 1780 965 1808 Mater
977 1800 984 1813 ,

192 1836 224 1855 ac
238 1828 262 1855 ei
273 1827 446 1855 commodare
457 1834 567 1854 carnem
581 1849 588 1861 ,
602 1828 629 1855 in
640 1828 720 1862 cujus
735 1827 862 1855 universa
874 1835 987 1855 censen-

194 1880 239 1902 tur
259 1875 379 1902 divitiis?
394 1874 524 1907 Quaenam
542 1882 607 1911 ergo
622 1874 725 1910 digna?
739 1874 792 1902 nisi
815 1875 912 1909 utique
927 1875 986 1902 brec

193 1929 255 1956 qua
274 1921 407 1949 miraculo
431 1921 512 1948 hodie
540 1920 719 1948 ex-Joaeltim
755 1928 787 1948 ac
816 1920 902 1947 Anna:
926 1928 988 1956 ger-

194 1968 281 1994 minat
300 1967 447 1995 infecunda
470 1966 582 1994 radice?
599 1967 680 2002 cujus
703 1967 772 1994 latis
791 1967 898 2003 gaudiis
913 1967 987 1994 diem

195 2013 369 2041 celebramus
394 2014 532 2047 natalem;
559 2021 592 2041 ac
614 2014 693 2048 cujus
726 2019 840 2049 partus,
867 2013 989 2050 mysterii

195 2059 329 2092 maximi,
357 2059 460 2093 Verbi,
491 2060 620 2095 inquam,
652 2061 678 2086 in
708 2067 792 2087 carne
815 2060 987 2093 nativitatis,

196 2106 361 2134 miraculum
374 2105 506 2133 inchoat:
522 2106 602 2140 cujus
621 2106 742 2141 denique
757 2105 855 2142 gratia,
873 2105 989 2133 celebris

196 2152 243 2180 hic
258 2152 341 2180 totius
366 2152 457 2187 populi
478 2159 633 2185 concursu,
663 2159 797 2187 sacerque
811 2151 931 2180 indictus
948 2156 990 2179 est

197 2205 230 2227 ac
241 2203 354 2226 coactus
368 2198 533 2226 c'onventus.

232 2246 384 2282 Oportebat
398 2246 470 2273 enim
483 2266 492 2279 ,
511 2246 594 2282 plane
608 2247 752 2282 oportebat
772 2251 803 2274 ut
816 2255 857 2280 ea,
879 2254 940 2281 qum
953 2246 987 2274 ab
1003 2244 1025 2272 D

198 2292 265 2327 ipsis
289 2292 450 2325 cunabulis,
474 2297 580 2319 castum
595 2299 695 2328 corpus
706 2311 714 2324 ,
731 2296 835 2320 castam
852 2293 990 2325 animam;

197 2343 288 2366 castas
308 2338 427 2373 denique
444 2338 627 2373 cogitationes
643 2346 735 2373 ,supra
752 2346 833 2374 quam
855 2339 991 2367 sermonis

197 2385 225 2412 vi
236 2384 351 2419 exprimi
364 2388 458 2419 queat,
472 2384 801 2417 conscrvasset,Fictoris
817 2384 902 2411 Mater
920 2393 990 2420 pra:-

198 2431 393 2458 dcstinaretur.
420 2429 571 2465 Oportebat
592 2435 622 2457 ut
635 2438 696 2465 qua!
709 2438 724 2457 a
740 2437 826 2465 puero
845 2430 874 2457 in
892 2430 992 2465 lentplo

202 2477 292 2504 oblata
307 2480 390 2509 esset,
407 2476 520 2511 locaque
535 2475 673 2504 inaccessa
687 2480 868 2511 penetrasset,
883 2477 989 2503 anima-

201 2528 257 2551 tqu
269 2523 330 2557 ejus
342 2523 473 2558 templum
488 2522 534 2557 qui
550 2522 688 2550 indiderat
698 2522 830 2555 animam,
843 2523 989 2557 conspice-

200 2575 285 2598 retur.
302 2569 452 2604 Oportebat
474 2575 505 2596 ut
518 2577 588 2604 quae,
607 2576 678 2596 nova
693 2576 725 2596 ac
741 2569 851 2596 insolita
867 2569 989 2601 ratione,

199 2618 235 2644 ab
258 2615 414 2644 infecundis
436 2616 537 2644 lumbis
559 2620 622 2643 nata
643 2615 807 2651 prodiisset,
831 2620 990 2650 parentium

200 2672 254 2700 que
274 2664 406 2699 probrum
427 2662 605 2696 abstulisset,
626 2670 740 2690 avorum
756 2671 865 2698 quoque
882 2663 990 2690 ruinam

200 2712 375 2738 instauraret.
398 2708 494 2744 Neptis
505 2709 579 2737 enim
599 2710 734 2745 majorum
752 2710 845 2737 habuit
864 2717 992 2744 reparare

203 2764 297 2783 casum
311 2778 319 2790 ,
331 2755 440 2791 generis
454 2755 622 2783 Salvatorem
637 2760 716 2790 partu
729 2755 780 2782 viri
790 2755 884 2782 nescio
895 2755 991 2786 edens,

209 2811 241 2831 ac
262 2811 325 2830 eum
353 2811 453 2838 corpus
484 2803 612 2830 induens.
644 2802 790 2837 Oportebat
825 2806 854 2828 ut
879 2809 939 2837 quae
964 2809 994 2829 se

259 2903 280 2919 ’°
301 2903 369 2930 Gen.
391 2911 409 2935 I,
427 2902 473 2930 26.

1031 953 1115 988 ἄρχον
1128 951 1225 987 ὀφθείη
1243 952 1289 978 καὶ
1301 951 1331 978 τὺ
1346 951 1524 986 ἁνάττλασμα.
1547 951 1666 977 Ἐκεῖνον
1677 951 1704 977 δὲ
1717 951 1825 983 πάντως

1031 999 1088 1026 υἱὸν
1100 999 1155 1025 ἔδει
1169 999 1245 1025 κάτω
1259 998 1439 1034 χρηματίσαι,
1466 998 1514 1024 καὶ
1542 998 1579 1032 μὴ
1607 997 1772 1032 καθυϐρίσαι
1794 997 1827 1025 τὸ

1031 1045 1087 1072 ἄνω
1100 1044 1220 1079 ἀξίωμα,
1233 1044 1278 1071 τὸν
1295 1044 1323 1076 ἐξ
1343 1039 1428 1071 ἀῖδίου
1446 1043 1527 1071 τοῦτο
1542 1044 1590 1071 καὶ
1602 1044 1667 1070 ὅντα
1683 1045 1730 1071 καὶ
1751 1043 1828 1077 δοξςι.

1033 1091 1156 1126 ζόμενον.
1171 1091 1266 1117 Τελεῖν
1277 1090 1305 1117 δὲ
1325 1091 1366 1122 εἰς
1383 1091 1537 1127 ἀνθρώπων
1562 1091 1646 1122 υἱοὺς,
1665 1091 1716 1117 οὐκ
1729 1091 1762 1117 ἂν
1778 1093 1826 1124 ἑγ-

1032 1136 1138 1172 χωροῦν
1152 1137 1194 1171 εἴη
1208 1136 1292 1171 χωρίς
1303 1145 1334 1170 γε
1349 1137 1523 1172 σαρκώσεως.
1535 1137 1678 1171 Σάρκωσις
1687 1136 1754 1172 γὰρ,
1766 1136 1825 1168 ὁδὸς

1032 1183 1079 1209 ἐπὶ
1096 1183 1234 1217 γέννησιν·
1244 1182 1368 1216 γέννησις
1376 1183 1416 1215 δὲ,
1426 1182 1575 1217 κυοφορίας
1585 1183 1706 1217 ὑπάρχει
1718 1182 1825 1217 συμπέ-

1034 1235 1136 1264 ρασμα.
1145 1228 1176 1253 Ἦ
1193 1227 1232 1258 δὲ,
1247 1227 1355 1262 μητέρα
1371 1228 1646 1264 συμπεριγράφουσα,
1658 1228 1707 1263 τὴν
1719 1228 1830 1261 ἑτοιμα-

1034 1275 1096 1301 σίαν
1105 1274 1208 1308 ταύτης
1220 1275 1333 1305 εἰκότως
1345 1275 1458 1301 ἁπαιτεί
1469 1274 1754 1310 προκαταὸἅλλεοθαι.
1769 1275 1829 1308 Μη-

1032 1322 1100 1356 τέρα
1117 1321 1170 1348 ἔδει
1188 1321 1264 1348 κάτω
1279 1320 1518 1356 διευτρεττισθῆναι
1533 1321 1580 1347 τοῦ
1595 1321 1719 1347 Πλάστου
1741 1320 1781 1353 είς
1798 1321 1829 1346 τὸ

1033 1367 1064 1395 τὺ
1078 1368 1221 1403 συντριϐὲν
1235 1367 1445 1394 ἀναπλάσασθαι
1459 1375 1466 1382 ·
1483 1367 1531 1393 καὶ
1553 1366 1658 1402 ταύτην
1680 1365 1829 1402 παρθένον,

1035 1415 1068 1441 ἵν’
1080 1414 1176 1449 ὥσπερ
1203 1415 1235 1440 ὲκ
1251 1413 1388 1449 παρθένου
1405 1413 1458 1448 γῆς
1470 1413 1484 1439 ὁ
1498 1413 1606 1449 πρῶτος
1624 1413 1769 1449 ἄνθρωπος
1787 1413 1829 1439 δι-

1034 1460 1201 1493 επέπλαστο,
1211 1460 1282 1487 οὕτω
1293 1460 1337 1486 διὰ
1352 1459 1487 1495 παρθένου
1502 1461 1617 1494 μήτρας,
1627 1459 1829 1495 πραγματευθῇ

1034 1508 1051 1542 ἠ
1067 1507 1238 1539 ἀνάπλασις·
1270 1507 1316 1533 καὶ
1335 1507 1379 1533 ἵνα
1396 1506 1518 1542 μηδεμία
1537 1505 1599 1541 μηδ’
1626 1506 1740 1542 ἐννόμου
1757 1506 1831 1541 πάρ-

1036 1554 1220 1590 οδο;,ήδονῆς,
1238 1553 1300 1589 μηδ’
1311 1552 1468 1588 ἐπινοηθείη
1479 1552 1519 1587 τῷ
1530 1552 1603 1587 τόκῳ
1615 1552 1662 1579 τοῦ
1674 1552 1830 1583 κτίσαντος-

1036 1600 1134 1636 ἡδονῆς
1149 1598 1244 1635 γὰρῆν
1260 1599 1443 1634 αἰχμάλωτος,
1460 1598 1489 1625 ὃν
1502 1600 1516 1625 ό
1528 1598 1666 1634 Δεσπότης
1680 1597 1833 1634 ἐλευθερῶ-

1037 1655 1082 1674 σαι
1094 1647 1143 1682 τὴν
1156 1647 1284 1681 γέννησιν
1300 1646 1475 1678 κατεδέξατο.
1495 1645 1576 1672 Ἀλλὰ
1586 1646 1627 1676 τίς
1638 1645 1702 1678 ἀξία
1718 1653 1831 1680 χρημα-

1036 1693 1110 1721 τίσαι
1127 1693 1173 1720 τοῦ
1186 1693 1336 1728 μυστηρίου
1348 1692 1487 1724 διὰκονος;
1504 1692 1552 1724 Τίς
1565 1691 1627 1724 ἀξία
1642 1692 1742 1727 Μήτηρ
1753 1691 1834 1725 γενέ-

1038 1742 1101 1768 σθαι
1115 1740 1194 1773 Θεοῦ,
1217 1741 1264 1767 καὶ
1281 1740 1372 1775 σάρκα
1399 1740 1520 1766 δανεῖσαι
1546 1739 1585 1774 τῷ
1614 1738 1776 1766 πλουτοῦντι
1796 1738 1833 1765 τὰ

1039 1787 1206 1822 adut-twn;
1224 1787 1273 1818 Τίς
1299 1786 1346 1813 οὖν
1370 1787 1452 1820 ἀξίω
1470 1786 1487 1821 ἢ
1513 1785 1593 1821 δῆλον
1618 1786 1658 1812 ὃτι
1676 1785 1744 1820 αὕτη
1771 1785 1836 1820 ἡέξ

1044 1833 1173 1868 Ίωακεὶμ
1190 1833 1238 1859 κα)⁸
1254 1833 1354 1869 Ἀννης
1367 1834 1417 1868 τῆς
1433 1832 1559 1868 ἀκάρπου
1576 1833 1654 1868 ῥίζης
1671 1832 1835 1867 παραδόξως

1040 1879 1216 1914 βλαστήσασα
1228 1880 1348 1915 σήμερον
1358 1887 1366 1912 ;
1384 1877 1417 1915 ἦς
1427 1879 1508 1914 ἡμεῖς
1519 1878 1654 1913 λαμπρῶς
1666 1878 1836 1914 ἑορτάζομεν

1039 1925 1073 1951 τὰ
1088 1924 1224 1958 γενέθλια,
1252 1925 1299 1951 καὶ
1312 1921 1346 1960 ἧς
1364 1925 1378 1950 ό
1394 1924 1490 1956 τόκος,
1507 1923 1554 1950 τοῦ
1575 1924 1705 1959 μεγίστου
1730 1932 1837 1959 μυστη-

1042 1971 1112 2005 ρίου,
1125 1971 1177 2006 τῆς
1189 1971 1217 1997 ἐν
1234 1970 1328 2006 σαρκὶ,
1347 1971 1428 2005 φημὶ,
1445 1970 1492 1997 τοῦ
1507 1970 1596 2005 Λόγου
1615 1971 1782 2005 γεννήσεως,
1803 1971 1836 1997 τὸ

1041 2012 1134 2052 θαῦμα
1150 2017 1372 2053 προοιμιάζεται·
1399 2017 1448 2043 καὶ
1473 2017 1507 2043 δι’
1519 2017 1552 2052 ἣν
1574 2018 1590 2052 ἡ
1608 2016 1750 2053 πάνδημος
1762 2016 1837 2054 αὕτη

1041 2063 1089 2090 xui
1101 2062 1161 2090 θεία
1173 2063 1328 2099 πανήγυρις
1343 2064 1572 2099 συγκεκρότηται.

1077 2243 1152 2270 Ἔδει
1167 2243 1232 2278 γὰρ,
1247 2243 1301 2270 ἔδει
1315 2243 1363 2279 τὴν
1395 2242 1426 2276 ἐξ
1449 2242 1540 2270 αὐτῶν
1562 2244 1728 2279 σπαργάνων
1751 2245 1838 2279 ἁγνὸν

1042 2290 1091 2325 μὲν
1105 2290 1136 2317 τὺ
1152 2290 1243 2325 σῶμα,
1265 2290 1351 2326 ἁγνὴν
1365 2290 1393 2316 δὲ
1405 2292 1454 2325 τὴν
1473 2290 1563 2326 ψυχὴν
1574 2311 1580 2320 .
1604 2290 1704 2325 ἁγνοὺς
1724 2291 1752 2317 δὲ
1771 2292 1841 2324 τοὺς

1039 2336 1198 2371 λογισμοὺς,
1215 2337 1339 2372 κρεῖττον
1353 2336 1369 2372 ἢ
1384 2335 1466 2372 λόγῳ,
1483 2330 1700 2373 συντηρήσασαν,
1719 2337 1840 2373 Μητέρα

1039 2382 1142 2418 ταύτην
1166 2382 1364 2418 προορισθῆναι
1381 2382 1429 2409 τοῦ
1453 2383 1616 2414 Πὶάσαντος.
1647 2383 1722 2410 Ἔδει
1737 2383 1788 2418 τὴν
1805 2385 1841 2410 ἐκ

1042 2429 1159 2465 βρέφους
1173 2429 1230 2464 ναῷ
1241 2429 1454 2467 προσαχθεῖσαν,
1472 2430 1519 2456 καὶ
1532 2431 1590 2461 τοῖς
1610 2430 1723 2461 ἀϐάτοις
1741 2430 1840 2462 τόποις

1044 2475 1264 2510 ἐμϐατεύοασαν,
1293 2474 1415 2510 ἔμψυχον
1440 2475 1503 2502 ναὸν
1527 2475 1641 2511 ὀφθῆναι
1671 2475 1719 2502 τοῦ
1730 2475 1839 2510 ταύτην

1043 2521 1231 2557 ψυχώσαντος.
1244 2521 1318 2549 Ἔδει
1333 2522 1382 2558 τὴν
1396 2522 1426 2554 ἐξ
1439 2523 1544 2556 ἀγόνων
1557 2522 1678 2556 λαγόνων
1689 2523 1840 2558 παραδόξῳ

1043 2568 1115 2603 λόγῳ
1129 2568 1282 2604 τεχθεῖσαν,
1295 2569 1342 2595 καὶ
1363 2569 1393 2595 τὺ
1403 2568 1457 2595 τῶν
1477 2569 1611 2595 τεκόντων
1637 2569 1841 2604 περιελομένην

1045 2614 1163 2648 ὕνειδος,
1195 2615 1242 2641 καὶ
1270 2614 1325 2642 τῶν
1346 2615 1528 2651 προπατόρων
1556 2615 1778 2642 ἀνακαλέσασθαι
1806 2616 1842 2642 τὸ

1046 2660 1202 2696 ἐλάττωμα.
1217 2660 1425 2687 Ἀνασώσασθαι
1440 2661 1494 2696 γὰρ
1515 2660 1578 2696 ἔσχε
1592 2661 1623 2687 τὸ
1644 2661 1808 2696 προγονικὸν
1823 2662 1843 2696 ἡ

1044 2706 1178 2741 ἀπόγονος
1198 2707 1320 2742 ἥττημα,
1334 2707 1380 2734 τὸν
1406 2708 1521 2743 Σωτῆρα
1535 2708 1582 2734 τοῦ
1602 2708 1698 2742 γένους
1713 2707 1843 2743 ἀνάνδρῳ

1044 2753 1117 2789 τόκῳ
1143 2754 1346 2790 γεννησαμένη,
1375 2755 1423 2781 καὶ
1446 2754 1540 2781 τοῦτον
1565 2755 1840 2789 σωματουργὴσασα.

1047 2800 1120 2827 Ἐδει
1137 2800 1185 2836 τὴν
1203 2800 1241 2835 τῷ
1264 2801 1356 2828 κάλλει
1372 2801 1423 2835 τῆς
1437 2801 1526 2836 ψυχῆς
1549 2801 1649 2836 ἑαυτὴν
1665 2801 1775 2836 ὡραίως
1792 2801 1840 2835 tu.
