1945 3088
128 134 166 166 561

129 192 312 229 μορφώσασαν,
329 195 431 231 λογάδα
450 197 560 233 νύμφην
583 199 784 236 ἐμφανισθῆναι
802 200 841 236 τῷ
862 202 905 228 οὐ-
918 204 943 233 Α

128 239 202 276 ρανίῳ
219 241 329 276 νυμφίῳ
343 243 550 278 ἐμπρέπουσαν.
577 246 651 272 Ἔδει
665 246 714 281 τὴν
724 246 780 274 τῶν
798 247 904 282 ἀρετῶν

126 286 174 318 τοῖς
186 286 298 321 τρόποις
323 288 362 319 ὡς
382 287 494 324 ἄστροις
517 290 618 326 ἑαυτὴν
640 291 847 326 οὐρανώσασαν,
860 293 906 320 τδν

127 333 170 365 τῆς
180 333 354 369 δικαιοσύνης
379 334 544 370 ἀνίσχουσαν
559 337 664 368 Ἥλιον,
681 338 749 364 πᾶσι
780 340 836 370 τοῖς
859 348 905 365 πι-

126 380 192 411 στοῖς
205 380 416 416 ἐπιγνωσθῆναι.
438 382 512 408 Ἔδει
529 383 579 417 τὴν
596 382 724 417 καθάπαξ
739 384 838 420 ἑαυτὴν
850 384 906 411 τῶν

128 425 291 461 παρϐενικῶν
307 428 432 463 αἱμάτων
448 429 480 464 τῇ
505 428 577 464 βαφῇ
608 429 839 466 πορφυρώσασαν,
866 432 906 463 είς

125 472 263 507 ἀλουργίδα
273 474 441 508 χρηματίσαι
458 475 504 500 τοῦ
517 474 724 510 παμϐασιλέως.
735 477 766 502 Ὤ
779 476 825 503 τοῦ
839 477 906 504 θαύ-

128 527 204 553 ματος
216 519 221 546 !
234 519 290 554 ὃνή
305 519 436 554 σύμπασα
451 520 540 552 κτίσις
554 521 585 547 οὐ
602 523 695 557 χωρεῖ,
719 523 735 557 ἠ
753 523 906 560 παρθενικὴ

126 565 224 600 γαστὴρ
240 565 470 600 ἀστενοχωρήτως
483 567 622 600 κυοφορεῖ,
643 568 691 593 Ὃν
709 567 744 593 τὰ
766 568 907 603 Χερουϐὶμ

125 610 253 643 ἀτενίζειν
277 612 308 638 οὺ
332 612 430 646 τολμᾷ,
457 612 585 647 πηλίναις
614 615 740 649 χερσὶνὴ
770 614 908 648 Παρθένος

126 657 311 693 ἀγκαλοφορεῖ.
328 659 364 685 Τὸ
387 659 451 694 ὅρος
461 659 490 686 τὸ
501 659 588 693 ἅγιον,
612 660 644 687 ἐκ
659 661 710 695 τῆς
728 661 833 696 ἐρήμου
859 661 907 688 καὶ

126 703 216 737 ἀγόνου
233 705 339 738 μήτρας
353 705 528 740 προέρχεται,
539 705 570 737 ἐξ
582 701 613 732 οὗ
635 706 751 740 τμηθεὶς
770 705 834 732 ἄνευ
851 715 908 741 χειο

127 749 177 784 ρῶν
199 749 273 780 λίθος
299 749 406 784 ἔντιμος
436 751 634 786 ἀκρογωνιαῖος
659 752 776 787 Χριστὸς
803 753 816 779 ὁ
841 752 907 784 Θεὸς

126 794 208 829 ἡμῶν,
222 795 255 822 τὰ
267 795 322 822 τῶν
336 795 472 831 δαιμόνων
485 797 598 832 τεμένη,
610 798 658 824 καὶ
672 798 707 824 τὰ
717 798 764 824 τοῦ
775 797 840 832 ᾅδου
857 797 907 832 βα-

127 839 218 873 σίλεια,
236 841 304 876 αὐτῇ
332 842 469 877 τυραννίδι
482 843 652 878 συνέτριψεν.
674 844 703 870 '0
718 843 837 879 ἔμψυχος
856 845 904 871 καὶ
923 832 946 860 Β

125 885 244 921 οὐράνιος
258 886 305 912 ἐπὶ
320 887 371 921 γῆς
389 887 552 922 χαλκεύεται
564 888 701 920 κλίϐανος,
722 890 751 915 ἐν
768 886 789 922 ᾧ
800 889 815 915 ὁ
838 889 908 916 πλά-

127 940 187 967 στης
199 932 247 958 τοῦ
263 933 331 966 ἐμοῦ
347 934 508 968 φυράματος
524 934 563 969 τῷ
579 935 662 969 θεῖκῷ
674 935 742 969 πυρὶ
752 935 802 971 τὴν
819 935 910 971 ἀπαρ-

125 977 171 1013 χὴν
182 978 383 1014 ὀπτησάμενος,
400 980 447 1007 καὶ
462 980 511 1016 τὴν
527 980 581 1008 τῶν
604 981 732 1013 ζιζανίων
754 982 909 1016 ὲπισπορέιν

126 1024 354 1059 συμφλεξάιιενος,
364 1026 424 1053 ὅλον
439 1027 527 1062 ἐαυτῷ
538 1027 660 1063 καθαρὸν
674 1029 861 1062 ἀρτοποιεῖται
878 1029 909 1056 τὺ

125 1069 244 1106 φύραμα.

163 1117 242 1144 Ἀλλά
257 1118 283 1144 τί
295 1118 328 1145 ἀν
341 1127 384 1150 τις
396 1119 482 1150 εἴποις
501 1120 527 1146 τί
541 1119 564 1146 δ’
578 1120 628 1146 οὐκ
646 1120 679 1147 ἄν
692 1129 734 1152 τις
746 1121 839 1152 πάθοι,
855 1121 910 1148 τῶν

123 1162 172 1196 τῆς
183 1163 323 1198 Παρθένου
339 1165 519 1200 χαρισμάτων
537 1167 584 1192 καὶ
606 1168 830 1203 κατορθωμάτων
851 1168 911 1194 διαυ

124 1208 211 1235 πλέων
221 1208 251 1234 τὸ
262 1209 391 1243 πέλαγοςς
406 1210 498 1246 Δειλιᾷ
512 1211 558 1237 καὶ
571 1211 662 1248 χαίρει
674 1221 680 1227 ·
692 1213 740 1239 καὶ
749 1213 849 1248 ἠρεμεῖ
863 1213 911 1239 καὶ

124 1254 282 1286 ἐξάλλεταμ
301 1255 348 1282 καὶ
362 1257 443 1283 πάλιν
460 1258 523 1292 σιγᾷ
545 1257 594 1284 καὶ
618 1257 838 1292 ἀναφθέγγεται·
865 1258 912 1284 καὶ

125 1300 296 1327 συστέλλεται
307 1302 354 1328 καὶ
373 1301 553 1329 πλατύνεται⁹
570 1302 605 1329 τά
632 1301 682 1338 μὲν
707 1302 747 1337 τῷ
762 1302 847 1338 φόϐῳ,
876 1302 912 1329 τὰ

123 1347 151 1374 δὲ
166 1347 205 1383 τῷ
218 1347 293 1382 πόθῳ
309 1348 575 1383 συμμεθελκὸμενος.
599 1349 669 1383 Ἐγὼ
687 1349 708 1376 δ’
733 1349 852 1385 ἐμαυτὸν
872 1348 914 1384 τῷ

124 1393 199 1429 πόθῳ
215 1394 314 1429 μᾶλλον
342 1394 358 1430 ἢ
386 1395 424 1429 τῷ
443 1395 519 1430 φόὸῳ
539 1396 599 1422 νυνὶ
615 1396 810 1432 χαρισάμενος,
824 1396 913 1432 ἡδέως

125 1440 168 1473 ἂν,
181 1438 212 1467 εὖ
229 1441 299 1473 ῐστε,
324 1442 370 1468 καὶ
392 1441 482 1477 πολλῷ
500 1442 570 1477 ῥέων
586 1442 653 1477 ὑμῖν
669 1444 786 1479 ἐπέστην
798 1451 806 1459 ·
822 1443 847 1469 εί
866 1443 914 1470 καὶ

504 139 678 170 HOMILIA
699 141 725 173 Ι.
743 154 779 159 -
794 141 837 172 ΙΝ
854 142 909 172 SS.
931 142 1064 172 MARI/E
1084 141 1357 173 NATIVITATEM.
1377 119 1386 128 .

1693 140 1746 172 562

956 202 1040 229 animi
1059 201 1159 230 decore
1176 200 1291 235 pulchre
1311 202 1499 234 perornasset,
1516 204 1617 233 sponsa
1645 198 1744 224 eximia

957 248 1060 276 emlesti
1072 254 1193 282 congrue
1216 252 1320 280 sponso
1338 245 1511 280 proderetur.
1542 243 1693 278 Oportebat
1717 247 1746 270 ut

956 301 1017 329 quae
1028 300 1058 320 se
1067 292 1199 319 virtutum
1209 290 1297 318 modis
1305 290 1379 317 velut
1389 289 1475 317 stellis
1484 288 1584 316 coelum
1596 288 1743 321 effecisset,

955 339 1071 375 justitizn
1081 338 1172 365 Solem
1185 336 1359 372 praetendens
1367 335 1493 362 fidelibus
1507 334 1645 361 universis
1660 341 1745 367 agno-

957 390 1091 413 sceretur.
1107 383 1258 419 Oportebat
1273 386 1304 409 ut
1332 389 1392 416 qua:
1406 379 1577 415 virginalium
1591 386 1620 406 se
1635 379 1746 413 sangui-

957 439 1023 458 num
1051 430 1156 458 murice
1182 429 1295 457 omnino
1322 426 1483 456 imbuisset,
1502 426 1530 452 in
1555 425 1747 452 universorum

959 479 1030 514 regis
1047 477 1168 505 trabeam
1189 476 1307 503 cederet.
1330 473 1352 500 Ο
1377 472 1554 500 miraculum!
1573 470 1660 504 Quem
1686 470 1749 496 uni-

958 532 1036 552 versa
1058 528 1148 552 creata
1174 530 1229 549 non
1250 521 1380 556 capiunt,
1403 527 1466 546 eum
1489 517 1629 552 virginalis
1654 521 1748 543 uterus

958 570 1028 598 nihil
1047 573 1241 604 angustatum;
1264 575 1297 594 eo
1315 567 1386 593 fetus
1410 568 1506 600 gestat.
1528 564 1556 590 In
1574 570 1654 598 quem
1675 562 1748 588 Che-

958 616 1049 644 rubim
1057 615 1199 643 oculorum
1211 614 1296 641 aciem
1308 613 1390 648 [igere
1400 619 1454 638 non
1470 610 1582 641 audent,
1593 616 1656 635 eum
1666 607 1749 642 Virgo

959 663 1040 692 luteis
1058 662 1187 690 manibus
1204 661 1231 688 in
1248 660 1320 687 ulnis
1343 658 1523 693 amplexatur.
1546 655 1622 683 Mons
1640 658 1750 682 sanctus

959 710 1094 738 edeserta
1127 707 1269 742 sterilique
1301 706 1381 734 vulva
1412 703 1603 739 progreditur,
1632 709 1665 729 ex
1696 707 1750 735 quo

959 755 1096 791 pretiosus
1120 754 1164 781 ille
1188 751 1420 787 summangularls
1440 749 1508 784 lapis
1533 748 1659 776 Christus
1679 747 1751 774 Deus

959 806 1053 829 noster
1073 800 1148 827 nulla
1170 806 1300 827 manuum
1317 804 1400 832 opera
1421 796 1573 827 abscissus,
1596 794 1751 821 daemonum

960 847 1073 875 delubra
1095 867 1103 878 ,
1122 853 1154 873 ac
1179 844 1280 872 inferni
1301 843 1423 879 regiam,
1450 850 1502 869 una
1525 849 1586 869 cum
1609 840 1751 875 tyrannide

959 892 1099 921 contrivit.
1121 891 1267 918 Animatus
1283 898 1315 917 ac
1332 889 1452 917 caelestis
1468 889 1495 915 in
1513 892 1584 914 terra
1604 886 1752 913 fabricatur

959 936 1103 967 clibanus,
1132 935 1161 961 in
1182 942 1237 970 quo
1263 933 1365 969 plastes
1391 933 1436 960 ille
1470 940 1503 960 ac
1527 931 1663 964 conditor,
1684 938 1753 958 mea:

960 990 1057 1011 massae
1067 981 1201 1018 primitias
1215 981 1308 1009 divino
1327 987 1484 1015 excoquens
1498 980 1561 1015 igne
1573 997 1581 1009 ,
1604 985 1636 1004 ac
1649 976 1753 1004 zizania

960 1028 1179 1064 superseminata
1212 1027 1394 1060 comburens,
1426 1029 1510 1053 totam
1545 1023 1598 1051 sibi
1623 1023 1754 1050 mundam

961 1082 1078 1103 massam
1092 1075 1119 1101 in
1130 1080 1216 1108 panes
1228 1072 1364 1100 efformat.

996 1121 1097 1149 Verum
1112 1120 1178 1155 quid
1197 1119 1259 1154 quis
1273 1126 1329 1146 non
1341 1118 1425 1149 dicat,
1441 1116 1541 1152 quidve
1557 1124 1613 1144 non
1622 1115 1752 1152 patiatur,

963 1167 1085 1203 Virginis
1105 1167 1241 1194 donorum
1261 1165 1478 1199 meritorumque
1491 1163 1605 1199 pelagus
1626 1162 1755 1198 pernavi-

962 1214 1045 1250 gans?
1059 1212 1155 1240 Metuit
1168 1220 1200 1239 ac
1214 1211 1330 1247 gaudet;
1346 1209 1463 1245 quiescit
1477 1217 1508 1238 ac
1519 1208 1620 1241 exsilit;
1632 1215 1756 1236 rursum-

963 1268 1016 1295 que
1035 1263 1107 1287 tacet
1119 1266 1151 1286 ac
1166 1257 1304 1293 loquitur;
1320 1257 1547 1291 contrahiturque
1563 1262 1596 1282 ac
1614 1254 1754 1287 dilatatur,

963 1314 1016 1342 qua
1031 1306 1137 1337 timore,
1155 1312 1208 1340 qua
1221 1303 1359 1332 desiderio
1370 1310 1463 1331 secum
1476 1301 1658 1330 trahentibus.
1671 1300 1756 1328 Porro

964 1360 1014 1389 ego
1032 1353 1059 1379 in
1070 1351 1277 1387 praesentiarum
1285 1350 1432 1383 desiderio,
1441 1357 1522 1384 quam
1532 1348 1622 1376 timori
1638 1347 1756 1382 amplius

964 1399 1119 1435 indulgens,
1131 1398 1240 1430 lubens,
1252 1397 1339 1432 probe
1352 1396 1450 1427 nostis,
1460 1396 1541 1431 longe
1551 1394 1629 1422 vobis
1645 1394 1757 1421 uberius

965 1453 1128 1482 congressus
1142 1451 1243 1477 essem,
1257 1450 1413 1478 quanquam
1425 1442 1512 1469 inutili
1528 1441 1660 1469 orationis
1671 1440 1756 1472 fluxu,

123 1487 253 1538 ἀχρήστῳ
343 1487 424 1538 λόγου
440 1488 480 1523 τῷ
502 1489 630 1524 ῥεύματι,
654 1489 710 1516 τῶν
739 1489 911 1524 παρθενικῶν

968 1491 1161 1528 praestantibus
1178 1489 1319 1517 miraculis
1330 1489 1452 1524 Virginis
1466 1488 1541 1516 velut
1557 1492 1716 1522 stagnantes
1725 1493 1758 1514 ac

124 1532 273 1567 θαυμάτων
287 1533 457 1569 ἐλλιμνὰζειν
471 1535 532 1570 ἐμοὶ
546 1535 594 1561 καὶ
606 1535 659 1569 πλη
665 1536 783 1571 μμύρειν
796 1544 915 1572 παρεχο-

125 1577 215 1616 μένων
225 1586 232 1594 ·
253 1578 372 1614 μάλιστά
385 1587 416 1612 γε
431 1580 479 1606 καλ⁴
492 1579 565 1614 ὑμᾶς
575 1580 657 1615 ὁρῶν,
683 1580 834 1616 προθύμως
865 1580 914 1615 μὲν

123 1624 173 1656 τὰς
198 1624 283 1656 ἀκοὰς
310 1624 558 1658 ἁναπεταννύντας,
587 1626 647 1653 ὅλον
662 1626 690 1653 δὲ
704 1629 750 1653 τδν
767 1626 830 1653 νοῦν
847 1627 917 1662 πρὸς

123 1669 174 1704 τὴν
188 1669 327 1704 εὐφημίαν
340 1670 388 1705 τῆς
411 1669 605 1705 Ἀειπαρθένου
617 1694 620 1696 λ
634 1670 825 1706 ἀναψαμένους
835 1679 842 1686 ·
869 1672 917 1698 καὶ

124 1715 186 1750 ἅμα
214 1715 424 1750 ἀφοσιούμενος,
453 1716 480 1742 εἴ
508 1725 535 1743 τι
565 1717 621 1751 ἐγὼ
651 1717 843 1752 τετελεσμένος
860 1719 917 1750 τοῖς

125 1760 303 1795 παρθενικοῖς
317 1761 421 1797 ὀργίοις
435 1762 605 1798 καθέστηκα.
624 1763 694 1789 Ἀλλ’
706 1763 781 1799 ὅμως
796 1765 810 1790 ὁ
822 1763 918 1798 καιρὸς

124 1806 171 1836 ἐπ’
182 1806 249 1833 ἄλλα
262 1807 431 1842 παρακαλεῖ·
449 1808 492 1834 ἐπ’
507 1807 590 1843 ἄλλην
605 1808 688 1844 τιμὴν
702 1809 752 1843 τῆς
766 1809 917 1845 Παρθένου·

124 1852 176 1887 τῆς
191 1853 336 1888 μυστικῆς,
353 1854 444 1888 φημὶ,
460 1854 507 1880 καὶ
523 1854 694 1889 ἀναιμάκτου
712 1854 808 1886 θυσίας
828 1855 920 1890 ἀπάρ-

125 1897 226 1930 ξασθαι
239 1897 317 1933 (τιμὴ
330 1899 384 1933 γὰρ
397 1900 519 1935 Μητρὸς,
532 1901 549 1935 ἠ
568 1900 624 1926 τῶν
639 1899 771 1926 ἑκουσίων
790 1900 839 1926 τοῦ
855 1899 920 1927 Υἱοῦ

124 1943 299 1978 παθημάτων
313 1944 478 1980 ἀνάμνησις)
488 1954 495 1961 ·
511 1946 555 1980 ἐφ’
568 1945 602 1980 ἢν
613 1944 813 1981 μεθελκόμεθα,
828 1945 876 1973 καὶ
888 1945 922 1981 ἥν

124 1989 337 2026 ἐπικαιρότατον
354 1990 525 2025 ἱεράσασοαι.

170 2035 252 2062 ’Δλλά
267 2037 311 2067 σὺ,
327 2034 349 2063 ὧ
364 2036 486 2072 Παρθένε
503 2037 550 2064 καὶ
573 2039 676 2073 Μήτηρ
699 2037 747 2064 τοῦ
763 2038 863 2072 Λόγου,
890 2037 922 2064 τὸ

968 1538 1139 1566 exundantes
1159 1544 1245 1572 aquas
1269 1543 1324 1563 :ac
1344 1535 1473 1568 maxime,
1485 1533 1558 1569 quod
1579 1539 1606 1561 et
1624 1541 1674 1560 vos
1701 1536 1759 1560 tota

965 1585 1106 1612 alacritate
1117 1584 1224 1611 videam
1237 1581 1427 1617 adaperientes
1438 1588 1530 1613 aures,
1541 1584 1654 1615 totoque
1666 1580 1758 1607 animo

967 1631 994 1658 in
1014 1635 1155 1665 perpetua:
1174 1629 1293 1664 Virginis
1313 1635 1445 1655 accensos
1466 1627 1595 1659 laudem;
1624 1625 1761 1660 simulque

967 1676 1121 1712 persolvam
1132 1675 1201 1710 ipse,
1218 1674 1240 1701 si
1260 1673 1327 1709 quid
1343 1672 1522 1708 virginalibus
1537 1672 1619 1707 orgiis
1630 1679 1662 1698 ac
1675 1671 1761 1698 sacris

968 1722 1072 1749 exsisto
1087 1729 1152 1748 reus
1165 1731 1172 1749 :
1187 1728 1281 1748 verum
1306 1724 1414 1754 tempus
1435 1719 1468 1746 ad
1492 1719 1545 1746 alia
1562 1722 1692 1754 provocat
1706 1727 1712 1745 :
1727 1718 1760 1744 ad

968 1768 1088 1804 Virginis
1109 1768 1189 1795 aliam
1216 1767 1324 1794 laudem
1347 1775 1354 1792 :
1379 1765 1413 1793 ad
1442 1763 1561 1800 mystici,
1589 1764 1712 1799 inquam,
1729 1771 1762 1790 ac

969 1815 1108 1842 incruenti
1135 1813 1260 1841 sacrificii
1291 1812 1506 1844 inchoationem,
1538 1810 1652 1845 (earum
1688 1808 1762 1836 enim

970 1861 1129 1897 passionum
1138 1867 1199 1894 qua:
1209 1858 1293 1886 Filius
1305 1859 1376 1886 ultro
1385 1857 1516 1892 suscepit.
1526 1854 1761 1887 commemoratio,

972 1907 1060 1935 honor
1078 1911 1120 1934 est
1141 1906 1234 1933 Matris
1251 1914 1258 1932 :
1275 1904 1331 1940 )ad
1350 1904 1424 1939 quod
1445 1903 1539 1938 utique
1560 1902 1704 1934 trahimur,
1731 1908 1764 1928 ac

971 1953 1050 1988 cujus
1065 1951 1185 1980 faciendi
1200 1951 1278 1978 adest
1294 1948 1557 1985 opportunissimum
1573 1952 1692 1982 tempus.

1010 2043 1065 2071 Sed
1081 2026 1120 2074 tu,
1137 2049 1154 2069 0
1167 2040 1249 2076 Virgo
1260 2048 1293 2068 ac
1309 2039 1393 2067 Verbi
1406 2039 1518 2069 Parens,
1532 2036 1692 2073 propitiatio
1705 2043 1764 2063 mea

124 2081 196 2116 ἐμὸν
212 2082 368 2117 ἱλαστήριον
385 2083 433 2109 καὶ
445 2083 616 2118 προσφύγιον
627 2091 634 2098 ·
660 2084 677 2118 ἡ
695 2083 855 2119 παραδόξως
872 2083 911 2118 μὲε

972 2097 1006 2117 ac
1022 2088 1177 2124 refugium;
1193 2095 1254 2122 qua:
1271 2086 1388 2114 mirabili
1411 2084 1517 2111 ratione
1533 2083 1569 2110 ab
1583 2082 1669 2110 sterili
1692 2081 1765 2108 edita

124 2129 162 2154 ἐκ
179 2130 288 2179 στείρας
302 2130 494 2165 γεωργηθεῖσα
503 2138 511 2146 ·
527 2131 746 2167 παραδοξότερον
761 2131 790 2157 δὲ
803 2131 848 2157 τὸν
861 2131 911 2157 στά

974 2143 1019 2166 es;
1036 2134 1261 2167 mirabiliorique.
1277 2132 1380 2167 spicam
1392 2130 1471 2158 nobis
1480 2129 1542 2156 vita:
1556 2127 1677 2158 edidisti,
1693 2127 1764 2161 apud

124 2182 180 2208 χυν
195 2173 245 2208 τῆς
272 2174 345 2210 ζωῆς
362 2175 426 2210 ἡμῖν
443 2177 690 2212 καρποφορήσασα,
720 2176 789 2211 πρὸς
814 2176 861 2203 τὸν
878 2176 908 2202 σὺ

976 2181 1073 2208 Filium
1088 2186 1166 2208 tuum
1178 2187 1210 2206 ac
1222 2179 1307 2205 Deum
1323 2181 1448 2204 nostrum
1462 2173 1644 2206 intercedens,
1659 2180 1692 2199 ac
1706 2180 1766 2199 me-

127 2220 198 2247 Υίὸν
215 2220 262 2246 καὶ
279 2219 346 2247 Θεὸν
365 2220 442 2256 ἡμῶν
460 2221 713 2257 διαπρεσϐευομένη
733 2223 780 2249 καὶ
796 2222 911 2258 μεσιτεύ⁴

973 2227 1072 2255 diatrix
1091 2226 1236 2258 accedens,
1258 2223 1415 2251 laudatores
1437 2225 1498 2249 tuos
1519 2220 1555 2248 ab
1578 2219 1653 2247 omni
1676 2219 1766 2251 sorde,

126 2274 212 2298 ουσα,
224 2267 287 2298 τοὺς
303 2267 366 2298 σοὺς
381 2267 504 2303 ὑμνητάς
526 2267 626 2299 παντὸς
646 2268 732 2303 ῥύπου
750 2269 798 2295 καὶ
821 2269 911 2296 παντο.

973 2273 1103 2307 omnique
1118 2271 1222 2298 macula
1236 2270 1414 2305 depurgatos,
1424 2266 1530 2294 cmlesli
1543 2265 1662 2292 thalamo
1672 2265 1768 2299 dignos

124 2313 381 2348 ἁποσμηξαμένους
400 2313 583 2348 μολύσματος,
602 2313 649 2339 τοῦ
665 2314 792 2349 οὐρανίου
812 2315 910 2348 νυμφῶ

973 2318 1059 2349 elIicc.
1077 2317 1145 2344 utin
1160 2316 1253 2351 requie
1268 2318 1409 2350 perpetua.
1421 2313 1507 2343 trino,
1523 2310 1676 2338 substantia
1692 2310 1767 2336 omni

125 2367 176 2390 νος
190 2359 282 2393 ἀξίους
292 2360 443 2392 ἀνάδειξον,
458 2361 497 2392 εἰς
512 2360 597 2386 ἀΐδιον
616 2359 693 2396 λῆξιν
714 2360 753 2395 τῷ
769 2360 820 2395 τῆς
835 2361 911 2395 ὑπερν

976 2363 1088 2398 majoris
1103 2361 1247 2389 Trinitatis
1258 2359 1373 2392 lumine,
1390 2358 1573 2389 illustrcntur,
1589 2357 1702 2391 ejusque
1721 2355 1770 2380 lui-

125 2406 225 2431 ουσίου
243 2406 358 2440 Τριάδος
370 2405 475 2440 τρισσῷ
492 2406 562 2440 φωτὶ
584 2405 857 2441 καταυγαζομένους·
876 2415 911 2432 κα

979 2409 1057 2436 rabili
1071 2416 1102 2435 ac
1112 2406 1245 2435 ineffabili
1259 2405 1414 2441 spectaculo
1424 2403 1609 2434 delectentur;
1622 2401 1650 2428 in
1661 2400 1770 2428 Christo

92 2463 101 2481 ξ
124 2453 194 2482 ταῖς
206 2451 307 2486 ταύτης
324 2452 514 2487 ἐντρυφῶντας
530 2452 682 2487 ὑπερφυέσι
697 2452 744 2478 καὶ
757 2452 911 2486 ἀφθέγκτοιη

979 2455 1043 2483 Jesu
1059 2454 1175 2482 Domino
1186 2457 1291 2488 nostro,
1305 2452 1348 2480 cui
1359 2450 1444 2488 gloria
1454 2458 1485 2478 ac
1495 2453 1617 2486 potestas
1628 2448 1656 2476 in
1671 2447 1770 2476 sazcula

126 2499 287 2532 θεάμασιν·
303 2499 332 2525 ἐν
350 2498 460 2534 Χριστῷ
481 2498 569 2534 Ἰησοῦ
580 2498 619 2533 τῷ
634 2498 728 2533 Κυρίῳ
743 2497 834 2533 ἡμῶν,
861 2495 883 2532 ᾧ
909 2506 911 2512 ί

983 2501 1157 2529 saeculorum.
1177 2500 1274 2527 Amen.

125 2544 198 2575 δόξα
224 2545 271 2571 καὶ
293 2544 324 2571 τὸ
342 2545 443 2581 κράτος
471 2545 513 2577 εἰς
535 2545 600 2577 τοὺς
617 2544 717 2576 αἰῶνας
732 2544 785 2570 τῶν
808 2543 924 2572 αἰώνων.

130 2591 166 2617 Ἀ
172 2590 239 2626 μήν.
