1945 3088
185 138 278 190 563'

735 159 868 190 PHOTll
888 158 1144 189 PATRIARCH/E
1164 159 1218 190 (ΣΡ.

1769 151 1818 184 564

644 285 683 312 De
699 285 826 321 Symeone
840 285 973 312 Christum
987 284 1015 311 in
1028 283 1113 312 ulnas
1132 284 1291 318 suscipiente
1305 282 1356 318 (5).

611 340 747 369 ((ἶοκηιηε.
763 339 879 366 Biblioth.
894 339 1032 366 Concionat.
1049 343 1068 366 t.
1078 341 1122 371 VI,
1133 340 1189 371 250,
1200 340 1255 371 ipso
1270 337 1432 370 interprete.)

223 393 283 421 Non
293 398 352 422 erat
361 395 487 423 sacerdos
494 394 613 431 Symeon
621 395 687 432 (3*):
699 396 836 432 etsilonge
843 396 976 424 virtutum
989 398 1017 427 Α
1028 401 1187 432 tantamque
1201 395 1338 423 aﬁ‘uderat
1353 395 1455 428 lucem,
1471 398 1502 421 ιιι
1522 400 1583 429 qua:
1604 399 1735 429 processu
1751 396 1818 420 tem-

188 445 351 468 omamento
371 442 559 470 sacerdotibus
588 443 742 478 praestabat.
762 443 866 471 Idcirco
893 444 976 471 etiam

186 485 314 514 sacerdos
328 486 449 522 quidem.
467 487 510 515 his
522 488 708 521 ministrabat,
721 496 781 523 qua:
796 489 824 516 in
837 496 922 524 puero
933 489 975 517 lex

186 530 245 558 ﬁeri
271 531 384 566 iubebat
400 541 407 560 :
426 537 454 560 at
477 533 592 568 Symeon
615 541 678 561 cum
701 538 775 561 recte
799 534 879 562 factis
904 535 975 569 aliis,

185 582 243 604 tum
258 578 332 606 senis
343 578 444 606 canitie
453 579 634 612 :venerabilis,
645 580 722 615 juxta
738 580 829 608 divina
846 587 976 615 responsa

183 624 257 652 votis
275 624 427 653 fruebatur.
454 625 571 661 Agnovit
587 633 652 654 vere
673 626 799 654 evenisse
819 634 951 661 responsa
966 635 973 654 :

187 672 296 706 agnovit
314 679 377 699 eum
392 671 438 707 qui
453 672 653 706 przedicabatur
672 681 679 700 :
697 679 760 700 eum
783 672 908 707 portabat
928 671 975 707 qui

188 717 273 744 verbo
298 717 389 744 omnia
415 721 506 752 portat
527 726 534 744 :
554 718 665 753 visaque
691 718 799 753 generis
828 717 925 751 salute,
945 725 977 745 ac

187 762 316 790 diviniori
334 764 454 799 repletus
467 763 622 795 dulcedine,
636 764 711 791 nullo
726 764 782 798 jam
803 763 867 791 vitm
883 771 977 791 amore

187 809 344 837 tenebatur.
366 810 437 843 Quin
460 810 552 838 statim
576 815 712 846 praesente
741 810 838 844 salute,
867 808 977 838 carncin

187 856 336 891 deponere,
353 861 434 891 atque
448 857 490 884 his
506 857 588 884 etiam
599 857 644 892 qui
656 861 734 884 erant
746 856 772 883 in
787 856 894 883 inferno
916 856 977 883 fau-

188 906 262 929 stum
274 902 370 930 salutis
381 911 414 930 ac
433 903 631 939 redemptionis
643 903 769 930 nuntiutn
784 902 892 935 ail'errc,
905 907 979 930 totus

187 948 331 982 gestiebat.
345 948 434 984 Atque
447 949 530 976 Deum
543 948 653 984 quidem
663 947 850 980 benediccbat,
867 947 978 980 hocest,

187 993 313 1022 laudibus
335 998 416 1029 atque
442 995 556 1022 canticis
577 994 732 1022 celebrabat
752 1003 759 1020 :
786 993 886 1028 alioqui
914 1000 979 1020 vero

187 1040 269 1068 etiam
292 1041 482 1075 benedicebat,
501 1041 574 1077 quod
599 1040 686 1068 factas
707 1040 758 1068 sibi
779 1039 977 1075 promissiones

187 1087 312 1114 evenisse
327 1087 442 1120 videret,
459 1088 530 1123 quod
540 1087 649 1115 lsraelis
663 1086 878 1114 consolationem
890 1085 976 1113 oculis

1029 443 1113 479 poris,
1126 442 1312 478 paulatimque
1322 441 1468 469 revelanda
1480 444 1569 472 erant,
1582 444 1648 467 tunc
1657 439 1718 469 ,-ille
1729 438 1818 467 statim

1030 493 1197 524 repenteque
1212 486 1382 523 cognoverit.
1396 486 1436 513 Ac
1450 494 1484 513 ne
1497 485 1542 512 cui
1559 485 1730 512 occasionem
1751 491 1819 519 prte-

1029 534 1092 562 beat
1103 532 1233 568 opinandi
1249 540 1346 560 omnes
1372 540 1402 560 se
1411 531 1526 567 populos
1541 530 1642 562 dicere,
1655 528 1818 565 quiJudaeo-

1030 588 1091 607 rum
1117 583 1196 615 gente
1221 578 1532 614 comprehenderentur,
1573 572 1625 605 ist'a
1651 575 1816 612 subiungit:

1030 626 1130 654 Lumen
1144 626 1180 653 ad
1191 625 1378 653 reuelationem
1392 618 1511 661 gentium
1525 631 1534 651 ι
1549 623 1626 659 quasi
1637 623 1719 655 dicat,
1735 621 1819 650 Nemo

1030 675 1107 707 putet
1121 679 1231 700 omnem
1245 680 1290 700 me
1302 679 1401 700 vocare
1427 671 1572 699 Jndaicum
1596 669 1725 705 populum
1741 677 1748 696 :
1765 669 1818 696 imo

1031 723 1118 746 totum
1133 718 1185 746 hac
1200 725 1268 746 voce
1287 717 1411 754 signiﬁco
1427 725 1513 753 genus
1533 717 1695 746 humanum.
1712 715 1818 748 Etenim

1026 775 1108 802 quem
1131 767 1218 794 oculis
1233 767 1324 800 video,
1345 767 1429 801 inque
1449 766 1522 793 ulnis
1535 765 1604 798 fero,
1623 765 1697 792 salus
1711 764 1761 791 erit
1788 771 1830 791 ae~

1026 813 1180 847 redemptio
1191 812 1325 840 omnium.
1334 811 1429 846 Neque
1441 811 1500 838 haec
1518 810 1621 838 dixisse
1634 810 1701 837 satis
1715 809 1819 843 habuit;

1026 858 1075 886 sed
1088 859 1316 895 condistinguens
1340 863 1437 886 contra
1456 857 1584 885 lsraelem
1602 864 1698 884 onmes
1715 861 1821 900 gentes.

1029 905 1170 941 subiungit
1185 914 1191 932 :
1206 906 1307 933 Lumen
1322 907 1357 932 ad
1368 904 1557 932 reuelationem
1581 903 1712 938 gentium,
1725 907 1749 929 et
1765 903 1822 938 glo-

1028 952 1098 978 riam
1109 952 1191 986 plebis
1220 956 1272 978 tua:
1291 951 1377 978 Israel
1391 951 1413 967 ”
1427 958 1437 983 ;
1455 949 1534 985 quasi
1549 949 1622 977 dicat
1639 958 1646 976 :
1663 947 1822 976 Communis

1027 997 1137 1032 quidem
1151 997 1223 1024 salus
1235 1001 1286 1028 est,
1297 1003 1379 1031 quem
1394 996 1422 1022 in
1432 995 1601 1030 ulnis-gesto,
1616 993 1705 1021 infans
1719 992 1823 1021 cunctis

1026 1043 1164 1079 gentibus,
1179 1050 1211 1070 ac
1226 1043 1318 1070 lsraeli
1334 1051 1341 1069 :
1356 1049 1452 1069 verum
1466 1035 1595 1074 gentibus
1606 1040 1716 1075 quidem
1729 1039 1823 1067 lumen

1025 1095 1076 1123 est,
1088 1090 1161 1125 quod
1171 1089 1205 1117 ab
1219 1089 1378 1116 idololatriae.
1393 1089 1492 1116 educat
1504 1087 1625 1115 tenebris
1637 1095 1643 1113 :
1654 1086 1746 1114 lsraeli
1759 1092 1823 1113 vero

187 1140 328 1169 aspectare
349 1140 431 1170 atque
442 1135 570 1162 manibus
578 1139 684 1171 gestare
692 1134 852 1162 meruisset:
863 1133 981 1168 hincque
997 1134 1018 1162 Β
1032 1135 1126 1171 gloria,
1147 1135 1218 1170 quod
1234 1135 1295 1162 data
1311 1134 1374 1162 olim
1389 1134 1442 1161 illis
1455 1133 1561 1169 legalia,
1577 1133 1676 1168 quibus
1684 1132 1718 1159 ab
1736 1131 1823 1159 idolo-

188 1185 267 1209 sacro
282 1181 379 1216 plentts
398 1181 507 1217 gaudio,
535 1181 630 1213 Nunc,
659 1181 758 1216 inquit,
789 1180 901 1207 dimittis
921 1187 978 1206 ser-

188 1235 250 1254 vum
269 1231 343 1254 tuttm
361 1227 389 1254 in
409 1235 473 1261 pace
502 1227 538 1254 “.
566 1226 680 1260 Quando
705 1226 902 1262 promissorum
927 1233 978 1252 na-

188 1277 249 1300 ctus
277 1280 337 1300 sutn
360 1273 451 1304 tinem.
470 1273 552 1301 linem
578 1279 687 1308 quoque
703 1271 826 1299 mortalis
838 1271 893 1298 vita
906 1270 979 1298 acci-

187 1319 246 1354 piat
255 1328 263 1346 :
272 1327 334 1347 nam
346 1319 404 1348 haec
415 1319 482 1347 mihi
495 1319 609 1347 verbum
618 1323 696 1346 tuum
709 1318 773 1345 olim
790 1317 976 1352 promittebat.

188 1365 296 1402 Etenim
306 1366 364 1394 fore
380 1371 411 1393 ut
420 1374 473 1393 non
481 1366 603 1394 viderem
611 1369 726 1393 mortem
738 1364 790 1391 nisi
801 1364 860 1391 viso
871 1364 978 1391 Christo

188 1411 308 1445 Domini,
318 1412 377 1447 ipse
393 1412 499 1447 pridem
516 1412 583 1439 mihi
600 1411 737 1446 pollicitus
749 1417 819 1437 eras.
831 1410 900 1443 Quia
914 1417 978 1437 vero

189 1458 218 1486 in
241 1466 317 1486 meos
340 1458 516 1486 incurrerunt
538 1458 642 1489 oculos,
665 1464 726 1492 qua:
739 1456 897 1491 cupiebant,
917 1463 979 1491 quae

188 1504 354 1539 quaerebam,
391 1511 507 1539 quorum
523 1503 668 1532 {desiderio
703 1502 872 1533 :estuabam,
901 1501 978 1528 Nunc

189 1551 300 1578 dimittis
322 1559 425 1578 seruum
450 1556 537 1581 tuum,
559 1550 605 1585 qui
628 1557 680 1577 nec
705 1549 801 1576 mortis
826 1548 977 1583 periculum

190 1601 297 1632 paveat,
313 1604 364 1625 nec
378 1596 526 1624 dultietalis
541 1595 752 1632 cogitationibus
766 1598 911 1626 terreatur,
929 1593 978 1620 sed

190 1643 268 1671 ﬁrma
291 1643 412 1680 potiatur
435 1651 513 1679 pace,
539 1650 572 1670 ac
600 1650 660 1677 quae
686 1641 807 1669 laetitiam
833 1640 978 1675 plurimam

189 1690 288 1725 pariat.
306 1690 413 1718 Etenim
425 1690 480 1717 vidi
498 1690 616 1717 salutare
630 1689 753 1717 omnium
768 1687 942 1723 populorum.

226 1737 266 1764 Ac
279 1736 350 1769 vide,
363 1743 466 1771 quaeso,
486 1735 571 1763 divini
582 1735 709 1770 sacrique
725 1733 800 1761 senis
819 1737 976 1761 accuratam

190 1783 368 1819 diligentiam.
383 1783 543 1818 Priusquam
559 1782 632 1810 enim
647 1781 719 1809 beati
735 1780 808 1808 illius
829 1779 977 1815 spectaculi

1029 1189 1091 1209 rum
1109 1182 1200 1210 cultus
1213 1185 1387 1209 emerserunt
1401 1180 1527 1216 caligine,
1544 1180 1572 1206 in
1589 1179 1703 1215 gloriam
1715 1185 1747 1206 ac
1759 1185 1823 1213 per-

1029 1227 1176 1255 fectionem
1195 1234 1379 1255 conversurus
1398 1227 1443 1254 sit.
1464 1226 1601 1253 Praeterea
1627 1225 1710 1252 etiam
1738 1223 1824 1259 gloria

1028 1277 1070 1299 est
1091 1277 1171 1300 natus
1185 1280 1254 1307 puer
1272 1271 1411 1299 lsraelitici
1430 1271 1535 1306 populi,
1561 1275 1690 1305 tanquam
1715 1269 1765 1304 qui
1790 1277 1823 1296 ex

1028 1318 1178 1346 Abrahami
1203 1318 1309 1346 semine
1331 1317 1413 1345 homo
1427 1317 1574 1345 exstiterit.
1592 1317 1692 1344 Eadem
1716 1315 1774 1343 fere
1796 1319 1825 1342 et

1028 1364 1112 1392 Isaias
1123 1364 1244 1392 clamans
1263 1363 1301 1391 ait
1317 1373 1324 1391 :
1339 1363 1406 1390 Ecce
1419 1363 1499 1399 posui
1513 1367 1538 1390 te
1555 1363 1584 1389 in
1597 1362 1682 1389 lucem
1697 1362 1824 1396 gentium,

1029 1415 1058 1438 ut
1079 1410 1186 1445 aperias
1206 1409 1294 1437 oculos
1318 1417 1447 1437 cwcorum
1469 1409 1511 1442 9';
1529 1409 1582 1436 hoc
1596 1412 1647 1442 est,
1659 1408 1712 1436 illis
1734 1407 1824 1435 visum

1029 1457 1159 1492 praebeas.
1179 1456 1322 1491 lucemque
1346 1464 1362 1483 a
1388 1455 1520 1487 tenebris,
1549 1460 1631 1491 atque
1651 1463 1667 1482 a
1681 1453 1825 1482 mendacio

1028 1503 1182 1536 veritatem,
1200 1503 1234 1531 ab
1258 1510 1351 1530 errore
1372 1503 1503 1538 pietatem
1528 1502 1679 1530 discernes.
1704 1500 1783 1539 Unde
1797 1504 1827 1528 et

1028 1549 1113 1577 David
1128 1549 1200 1577 hanc
1226 1549 1376 1585 praedicans
1393 1549 1520 1582 salutem,
1544 1548 1673 1584 velutque
1688 1547 1828 1584 plaudens

1029 1595 1167 1628 manibus,
1182 1603 1214 1623 ac
1229 1596 1329 1623 choros
1338 1596 1442 1624 ducens
1454 1604 1461 1623 :
1475 1595 1582 1629 Omnes,
1603 1595 1705 1630 inquit,
1723 1598 1824 1630 gentes,

1028 1641 1146 1676 plaudite
1158 1641 1290 1674 manibus,
1301 1642 1425 1677 quoniam
1438 1641 1564 1669 Dominus
1579 1641 1704 1672 excelsus.
1719 1640 1826 1668 terribi-

1029 1687 1072 1720 lis,
1083 1686 1139 1714 Rea;
1151 1695 1263 1722 magnus
1276 1695 1354 1722 super
1364 1695 1468 1715 omnem
1479 1687 1656 1714 terram"'”.
1669 1685 1716 1714 Sin
1733 1690 1826 1714 autem

1028 1733 1130 1761 Christi
1142 1734 1260 1769 populus
1275 1734 1385 1767 dicitur,
1396 1739 1492 1769 estque
1503 1734 1585 1762 Israel
1603 1737 1634 1761 ut
1648 1732 1827 1768 distinguitur

1028 1779 1190 1814 agentibus;
1219 1778 1396 1815 distinguitur
1433 1785 1524 1807 autem
1565 1778 1690 1807 Mosaicis
1719 1778 1827 1814 legibus

189 1837 302 1865 compos
346 1829 515 1861 efficeretur,
553 1828 728 1863 exspectabat
763 1826 978 1854 consolationem
993 1819 1016 1850 C
1030 1828 1113 1860 atque
1131 1825 1264 1858 moribus,
1279 1833 1436 1861 quanquam
1450 1825 1575 1853 nondum
1597 1824 1711 1861 gratiam
1727 1831 1828 1852 conse—

188 1875 272 1904 lsrael
287 1885 294 1904 :
308 1880 336 1903 at
351 1876 397 1904 ubi
413 1876 485 1911 quod
502 1875 626 1911 sperabat
651 1882 683 1901 ac
699 1873 826 1908 cupiebat
842 1872 976 1905 obtinuitj,

188 1929 245 1950 non
258 1923 314 1957 jam
325 1922 538 1949 consolationem
551 1921 659 1953 clamat,
671 1919 718 1947 sed
730 1918 851 1946 omnium
863 1918 979 1946 salutem

189 1967 351 2002 p0pulorum
362 1967 420 1994 :sic
434 1967 562 1994 nimirum
575 1965 649 1993 omni
663 1971 790 1992 sermone
813 1971 846 1991 ac
860 1963 979 1999 cogitatu

189 2014 277 2050 major
297 2014 343 2042 ille
366 2014 394 2042 in
415 2021 501 2049 puero
525 2012 617 2048 fulgor
640 2011 730 2040 virum
768 2010 977 2046 perstrinxerat.

1030 1875 1123 1904 cutus,
1150 1871 1264 1906 ejusque
1292 1879 1405 1907 compos
1423 1871 1522 1902 factus.
1541 1879 1615 1904 cum,
1633 1871 1756 1906 inquam,
1778 1869 1828 1905 qui

1028 1917 1056 1945 in
1073 1917 1164 1945 Veteri
1176 1918 1352 1946 Testamento
1369 1923 1411 1946 est
1426 1918 1486 1954 ejus
1500 1918 1619 1954 populus
1629 1918 1674 1952 sit,
1688 1916 1828 1953 quomodo

1028 1973 1084 1992 non
1100 1965 1282 1993 obstruuntur
1303 1965 1410 2000 perdita
1433 1964 1648 1992 Manichmorum
1673 1970 1734 1998 ora,
1760 1969 1825 1999 quae

1029 2011 1063 2039 ad
1077 2011 1151 2039 aliud
1166 2018 1214 2039 eos
1228 2010 1396 2046 principium
1413 2010 1559 2039 referunt?

985 2083 1022 2106 ΞΑ

976 2152 1021 2180 Ill.

189 2222 275 2252 Photii
294 2221 452 2257 patrima/ue
467 2220 763 2257 Constantinopolitani,
777 2229 849 2257 nepa:
881 2229 980 2251 sanctte

221 2258 270 2286 Dei
294 2256 436 2286 Cenitrict’s
453 2256 576 2288 ecclesia',
607 2257 636 2283 in
650 2256 751 2291 palatio
766 2265 783 2283 a
801 2256 902 2285 Basilio
916 2259 973 2286 Ma-

220 2293 316 2321 cedone
334 2297 483 2325 exstructa',
497 2292 637 2327 descriptio
654 2291 703 2327 (4).

1034 2223 1147 2251 Φωτίου
1171 2223 1355 2258 πατριάρχου
1378 2222 1724 2258 Κωνσπαντινονπόλεως
1738 2241 1746 2254 ,
1776 2221 1830 2248 ἐκ.

1062 2265 1172 2298 φρασᾊς
1187 2258 1243 2292 τῆς
1254 2259 1288 2298 er
1301 2258 1363 2298 τοῖς
1373 2258 1545 2298 ,βᾳσιλείο-ις
1557 2257 1635 2298 _ré_ac
1659 2257 1831 2298 ἐμνξλησίας

1062 2294 1119 2328 τῆς
1139 2294 1304 2329 ύπεραγίας
1329 2294 1490 2325 Θεοτόκου,
1506 2293 1566 2320 ὑπὸ
1584 2293 1747 2320 Βασίλειον
1769 2293 1830 2320 τοῦ

1064 2329 1238 2362 Μακεδόνος
1255 2329 1517 2364 οὶκοδομηθείσης.

701 2392 852 2424 (ϐουηεπιεη
865 2394 1005 2428 Manipulus
1016 2403 1099 2423 rerum
1111 2398 1192 2423 Const.
1206 2403 1231 2428 p.
1244 2396 1312 2428 296.)

219 2457 322 2486 Ltetum
350 2457 432 2485 video
460 2457 603 2492 praesentis
627 2457 680 2485 diei
717 2463 882 2487 conventum
905 2468 913 2488 :
942 2469 974 2489 ac

1061 2462 1175 2499 Φαιδρδν
1193 2461 1250 2498 ὁρῶ
1276 2462 1326 2498 τῆς
1355 2461 1497 2497 παρούσης
1527 2460 1637 2497 ἡμέρας
1658 2460 1706 2488 τὸν
1730 2459 1831 2488 σύλλο-

184 2505 293 2540 qualem
307 2512 389 2532 nemo
402 2505 523 2532 humana
539 2505 649 2533 solertia
665 2509 748 2541 atque
763 2513 856 2541 opera,
872 2515 904 2535 ac
919 2507 972 2535 nisi

1030 2516 1083 2542 γον,
1097 2508 1146 2535 καὶ
1164 2505 1220 2534 οἷον
1241 2507 1292 2534 οὐκ
1315 2508 1348 2535 ἄν
1376 2516 1418 2539 τις
1444 2507 1609 2543 ἀνθρωπίνῳ
1638 2506 1832 2542 σπουδάσματι

184 2549 269 2579 divini
300 2548 392 2576 alllatu
415 2548 541 2577 Numinis
561 2549 679 2578 conflare
714 2551 844 2586 potuerit.
867 2552 969 2585 Quam-

1023 2552 1071 2579 καὶ
1094 2552 1179 2587 χωρὶς
1209 2550 1285 2584 Θείας
1309 2551 1495 2587 συγκροτῆσαι
1523 2552 1610 2588 ῥοπῆς
1635 2550 1829 2587 κατισχύσειε.

218 2623 239 2640 ἰ
263 2605 438 2654 Luc.n,29.
477 2622 501 2639 η
515 2621 582 2650 ibid.
601 2622 646 2650 52.
685 2622 708 2638 η
725 2623 776 2651 lsa.
793 2628 866 2656 ιω,
880 2623 907 2651 6.
944 2623 975 2640 ιι-

1030 2624 1090 2651 ’sal.
1107 2631 1180 2656 XLVI,
1197 2623 1225 2650 Ξ.

939 2695 1057 2724 NOTAE.

219 2766 257 2801 ιδ)
274 2765 313 2793 Ex
327 2765 387 2801 Cat:
416 2764 492 2792 card.
510 2763 578 2801 Mar.

217 2799 266 2834 (5³)
280 2801 318 2828 lta
325 2800 360 2828 de
372 2800 508 2836 Symeone
522 2799 715 2836 Theophanes,
731 2800 904 2836 Eulhymius,
916 2807 971 2831 etc.

219 2837 258 2871 (ι)
273 2836 365 2872 Edidit
378 2834 472 2872 Graece
493 2834 654 2862 Lambecius
666 2843 682 2862 e
699 2837 772 2870 regia
794 2834 898 2872 Lupara
918 2846 924 2863 :
939 2838 973 2864 li-

182 2869 326 2907 buit'mihi
346 2876 374 2897 et
396 2869 493 2907 l_..atine
510 2875 716 2907 repnesentare.
734 2869 842 2899 Laudat
859 2873 972 2907 perinde

185 2905 383 2933 tionstantinus
400 2905 658 2941 Porphyrogcnncta
682 2906 754 2934 illam
778 2905 869 2936 Basilii
886 2909 975 2937 Mace-

1024 2765 1114 2797 donis.
1127 2764 1299 2793 exstruendis
1311 2773 1359 2793 seu
1373 2765 1454 2793 etiam
1466 2765 1623 2793 reﬁciendis
1636 2764 1736 2792 divinis
1750 2768 1830 2791 tem-

1047 2803 1091 2834 lis,
1106 2801 1263 2836 religionem
1275 2808 1307 2828 ac
1319 2801 1546 2836 magniﬁcentiam
1561 2809 1568 2827 :
1586 2800 1669 2836 inque
1678 2800 1720 2836 eis
1731 2800 1830 2836 ipsum

1048 2811 1091 2834 IIS,
1106 2811 1263 2836 religionem
1275 2811 1307 2828 ac
1319 2811 1546 2836 magntncenttam
1561 2811 1568 2827 ἶ
1586 2811 1669 2836 Inque
1679 2811 1720 2827 CIS
1732 2811 1830 2835 Ipsum

1027 2811 1080 2866 iioc
1094 2837 1227 2871 templum
1242 2844 1270 2862 n.
1286 2836 1320 2863 55
1330 2836 1390 2870 ejus
1405 2836 1471 2864 Vitae
1485 2836 1579 2863 multis
1595 2835 1736 2863 describit.
1753 2835 1831 2871 Qui:

1025 2874 1088 2900 dam
1104 2870 1195 2898 tamen
1213 2871 1279 2898 vitio
1299 2871 1366 2898 dant
1388 2872 1472 2906 quod,
1501 2875 1633 2906 occupata
1649 2870 1828 2906 ejuscernodi

1030 2907 1153 2937 aediﬁciis
1175 2907 1273 2940 classe,
1298 2907 1379 2936 libera
1397 2905 1555 2935 'Saraccnis
1574 2905 1665 2942 atque
1690 2905 1826 2934 Barbaris
