1945 3088
167 146 222 179 567

738 143 870 173 ΡΠΟΤΠ
890 141 960 171 ΡΑΤ
965 141 1143 173 [ὶΙΑΙὶΟΗᾸΕ
1163 143 1216 173 CP.

1749 144 1802 178 568

169 208 207 235 ris
217 207 230 234 2
254 206 389 235 Ostendas
405 205 506 236 verbis.
520 209 581 239 quae
595 203 671 238 prius
688 203 755 238 ipsis
771 203 853 229 rebus
866 205 958 228 osten-

1017 200 1110 235 ιόγοις,
1126 201 1143 228 ἃ
1158 203 1214 234 τοῖς
1232 201 1323 237 ἔργοις
1342 201 1626 240 προῦπέδειξας.’Λρα
1641 204 1696 240 γὰρ
1721 206 1802 233 πάλιν

168 253 243 282 disti.
268 252 339 281 Num
357 253 429 280 enim
452 259 546 279 rursus
562 251 692 278 adversus
710 249 843 276 Barbaros
860 247 957 277 victos.

169 305 271 335 tropa‘a
296 298 428 327 erexisti?
450 297 554 331 Quibus
576 297 668 324 multis
681 296 874 330 continuisque
890 293 958 320 libe—

168 346 261 373 raliter
286 345 423 380 accepisti,
456 345 499 371 his
521 343 703 379 congregasti,
727 346 755 369 nt
780 341 838 376 pari
861 339 959 375 gaudio

169 392 302 421 fruantur.
329 398 558 425 communemque
582 398 614 417 ac
641 389 731 424 populi
753 387 873 415 universi
894 394 960 414 con-

169 442 250 466 ventu
265 457 272 468 ,
296 437 416 464 victoriae
433 437 552 472 largitori
577 435 723 471 gratiarum
744 434 878 461 actionem
896 440 960 468 pro-

168 490 276 509 mamus
288 491 295 515 ;
309 486 367 513 aut,
381 482 428 516 qui
445 482 540 509 hostes
553 481 615 508 data
632 481 683 507 ﬁde
695 479 891 513 dedititiosquc
911 485 959 505 ae-

169 529 294 563 ceperis,
315 528 516 562 sublimemque
534 531 561 554 et
577 526 724 562 superbum
743 525 959 560 alienigenarum

169 574 292 601 animum
314 581 479 608 sensumque
502 573 680 608 depresseris.
705 573 781 599 velut
797 571 842 607 qui
861 571 907 606 pio
921 578 961 597 re-

169 621 321 657 ligiosoque
343 620 426 647 animi
443 628 526 648 sensu
543 625 640 647 cuneta
661 619 708 646 tibi
728 619 857 653 prmelare
874 621 959 652 gesta,

169 667 197 694 in
222 672 362 702 potentem
386 666 433 694 Dei
459 673 569 693 manum
585 665 705 697 referas;
720 669 768 692 aut
784 664 830 699 qui
846 663 961 698 imperio

169 714 298 748 subjicias
319 714 413 745 urbes,
435 713 502 741 alias
527 713 648 748 quidem.
669 720 731 739 cum
755 711 860 747 pridem
886 710 961 738 cives

170 761 286 790 alerent.
315 759 476 787 melioribus
508 759 567 794 ipse
598 757 730 785 institutis
757 756 959 792 composueris',

170 806 237 834 alias
257 806 339 834 etiam
351 813 366 832 ιι
379 805 566 833 fundamentis
578 805 708 838 erexeris,
721 804 841 839 aliasque
856 804 961 831 instau-

161 850 284 884 'raveris.
310 858 343 879 ac
367 851 473 886 imperii
499 850 568 878 ﬁnes
595 851 699 878 crebris
729 850 836 885 oppidis
867 851 961 884 ρηοδι-

170 897 277 932 diisque
309 896 521 929 communieris;
546 900 594 923 aut
617 888 757 931 qui‘dives
787 895 844 930 ipse
864 895 961 922 subdi—

171 948 213 970 tos
234 943 330 970 beatos
348 941 466 974 efﬁcias;
487 942 555 969 doce
571 949 632 972 nos,
645 941 671 968 in
685 948 766 976 quem
782 940 857 967 orbis
872 944 959 967 terra-

171 998 231 1017 rum
255 996 430 1017 communem
457 988 566 1015 oculum
596 988 646 1014 toti
670 987 858 1022 aspiciamus;
882 987 962 1021 cujus

172 1036 283 1064 tandem
315 1036 414 1064 horum
438 1036 526 1070 gratia
550 1034 692 1062 invitasti?
717 1034 772 1061 Ant
796 1034 860 1062 siles
889 1034 960 1068 ipse,

172 1082 322 1117 imperante
341 1082 483 1114 modestia,
500 1085 527 1108 et
550 1081 620 1115 quod
637 1086 683 1108 tua
698 1081 755 1115 ipse
766 1081 836 1107 nolis
850 1088 963 1108 narrare

172 1130 305 1162 facinora,
336 1131 436 1166 quibus
463 1137 577 1158 necesse
604 1130 711 1157 laudem
738 1134 917 1158 contexamus
949 1139 956 1157 :

1011 247 1083 274 κατὰ
1110 249 1261 285 Βαρϐάρων
1285 250 1362 280 νίκας
1380 251 1535 285 ἀναστήσας
1551 251 1598 278 καὶ
1614 251 1743 287 τρόπαια,
1761 250 1803 285 οἷς

1010 294 1141 327 πολλάκις
1163 295 1254 331 ἔργοις
1272 296 1314 322 ἐπ’
1328 296 1418 328 ἄλλοις
1438 297 1511 332 ἡμᾶς
1526 297 1661 330 ἐδεξιώσω
1676 299 1804 334 φιλοφρο-

1010 340 1148 376 νούμενος,
1166 343 1212 368 ἐπὶ
1228 342 1332 374 τούτοις
1349 343 1522 379 συνήγειρας,
1537 344 1671 380 εὐφρᾶναί
1694 354 1724 371 τε
1743 346 1803 381 ἅμα

1011 387 1058 413 καὶ
1068 387 1106 422 τῷ
1118 387 1245 414 δεδωκότι
1258 388 1350 424 κοινὴν
1365 389 1412 415 καὶ
1426 389 1566 425 πάνδημον
1580 391 1740 426 ἀναπέμψαι
1753 391 1804 428 τὴν

1011 435 1186 470 εὐχαριστίαν
1199 445 1207 469 ;
1220 437 1255 462 Ἣ
1270 435 1359 463 λαϐὼν
1373 438 1558 468 ὑποσπόνδους
1572 438 1679 472 ἄλλους,
1693 439 1741 466 καὶ
1755 448 1805 466 τα-

1011 482 1148 514 πεινώσας
1162 482 1263 518 ὑψηλὸν
1275 484 1322 510 καὶ
1334 483 1436 519 γαῦρον
1447 484 1494 511 καὶ
1505 484 1652 519 ἀλλόφυλον
1664 486 1802 522 φρόνημα,

1011 527 1049 559 ὡς
1073 527 1119 554 ἐπὶ
1142 528 1191 564 τὴν
1215 529 1349 564 κραταιὰν
1364 531 1442 565 χεῖρα
1457 530 1503 557 τοῦ
1518 530 1586 557 Θεοῦ
1600 531 1804 568 εὐσεεοφρόνως

1011 572 1155 607 ἀναφέρων
1169 572 1257 599 πάντα
1272 574 1306 600 τά
1322 583 1363 601 σοι
1380 575 1599 611 κατορθούμενα·
1611 577 1628 612 ἢ
1642 578 1733 609 πόλεις
1750 579 1804 604 ὐπ-

1011 617 1175 653 ηκόους,τὰς
1190 619 1238 653 μὲν
1251 619 1333 646 πάλαι
1349 622 1424 648 κάτω
1433 623 1564 656 κειμένας
1575 623 1742 658 ἀνορθώσας,
1754 624 1805 657 τὰς

1011 663 1040 690 δὲ
1058 664 1104 691 καὶ
1118 665 1150 691 ἐκ
1164 664 1271 701 βάθρων
1288 666 1378 693 αὐτῶν
1390 668 1546 704 ἀνεγείρας,
1561 669 1609 696 καὶ
1625 670 1714 697 ἄλλων
1730 671 1805 698 ἀνοι-

1012 712 1128 746 κισμοὺς
1144 713 1341 747 ἐργασάμενος,
1359 716 1406 741 καὶ
1430 715 1479 750 τῆς
1501 716 1638 748 πολιτείας
1659 716 1806 748 πυκνώσας

1011 757 1046 784 τὰ
1056 758 1128 792 ὅρια,
1138 757 1155 792 ἢ
1167 758 1300 793 πλουτῶν,
1311 760 1358 786 καὶ
1370 760 1454 787 ποιῶν
1464 761 1626 797 εὐδαίμονας
1635 762 1665 789 τὸ
1675 762 1804 798 ὑπήκοον.

1012 802 1123 836 Δίδαξον
1139 804 1225 839 ἡμᾶς,
1244 806 1313 840 πρὸς
1338 805 1367 832 σὲ
1391 806 1437 833 τὸν
1461 807 1549 834 κοινὸν
1571 808 1621 843 τῆς
1641 810 1806 844 οἰκουμένης

1014 849 1175 884 ἀφορῶντας
1187 851 1337 886 ὀφθαλμὸν,
1355 853 1401 878 ἐπὶ
1416 853 1468 880 τίνι
1484 854 1586 881 τούτων
1601 855 1676 890 ἡμᾶς
1689 855 1806 882 συνεκά-

1014 895 1114 929 λεσας;
1135 897 1170 923 ’Ἡ
1193 898 1272 933 σιγᾷς
1298 903 1346 933 μὲν
1371 900 1452 931 αὐτὸς
1465 900 1616 932 ἐπιεικείας
1629 900 1741 936 τρόπῳ,
1759 901 1808 928 καὶ

1014 941 1054 977 τῷ
1070 943 1108 977 μὴ
1125 941 1266 977 βούλεσθαί
1283 952 1312 970 σε
1325 945 1359 971 τὰ
1373 944 1408 971 σὰ
1419 945 1484 981 ἡμῖν
1498 945 1651 981 διηγεῖσθαι
1667 947 1808 982 κατορθώ-

1018 997 1102 1023 ματα,
1116 985 1157 1020 οῗς
1173 989 1280 1024 ἀνάγκη
1294 991 1356 1022 τοὺς
1369 990 1498 1023 ἐπαίνους
1511 993 1721 1027 συνυφαίνεσθαι
1730 1001 1738 1008 ·
1755 993 1807 1028 ἐμὲ

1016 1034 1045 1060 δὲ
1061 1035 1190 1070 παρέχεις
1208 1036 1347 1071 ὑπηχῆσαι
1361 1036 1401 1072 τῷ
1416 1037 1487 1073 Χόγῳ
1509 1039 1566 1070 τοῖς
1579 1040 1635 1070 σοῖς
1648 1039 1738 1074 ἔργοις
1755 1041 1807 1075 ἐμ-

1017 1079 1175 1114 πνεόμενον,
1190 1081 1237 1106 τοῦ
1254 1081 1386 1116 παρόντος
1400 1083 1530 1118 συλλόγου
1545 1084 1577 1110 τὸ
1591 1084 1687 1112 αἴτιον.

995 1128 1065 1156 mihi
1086 1136 1151 1156 vero
1177 1129 1293 1164 praebes,
1319 1134 1349 1157 ut
1375 1136 1482 1159 tuarum
1503 1132 1563 1166 ipse
1580 1132 1673 1160 alllatu
1702 1141 1807 1166 rerum,

174 1177 317 1213 praesentis
334 1181 484 1204 conventus
508 1184 618 1205 causam
640 1176 763 1203 omnium
789 1176 900 1204 auribus
929 1184 961 1203 ex
980 1174 1098 1202 oratoris
1114 1183 1228 1203 munere
1242 1176 1368 1205 inferam.

208 1223 267 1251 Alia
291 1224 382 1259 igitur,
404 1223 495 1255 amici,
515 1222 670 1255 celebritas,
686 1223 814 1257 aliudque
829 1222 965 1250 hodierna

173 1270 219 1298 die
238 1270 409 1306 mysteriam.
437 1268 583 1304 Virginalis
600 1269 628 1295 in
643 1273 714 1296 terra
730 1268 820 1303 templi
842 1267 965 1295 encaenia

175 1315 255 1344 hodie
277 1321 456 1352 peraguntur,
484 1315 586 1350 Deique
606 1315 708 1347 Matris,
725 1315 747 1342 si
762 1314 835 1349 quod
850 1314 922 1341 aliud
937 1314 965 1340 in

176 1363 296 1396 numdo,
325 1363 436 1399 dignum
459 1362 645 1389 habitaculum
671 1365 858 1389 consecratur.
877 1359 965 1396 Virgi—

177 1411 238 1438 nale
254 1411 282 1437 in
306 1414 378 1437 terra
394 1409 524 1444 templum
537 1408 617 1435 hodie
629 1407 781 1440 dedicatur,
795 1408 892 1444 regalis
907 1415 965 1434 ma-

176 1458 338 1494 gnillcentim
352 1466 421 1493 opus
434 1458 522 1492 reipsa
542 1456 635 1484 multis
646 1456 755 1483 laudum
767 1455 881 1483 canticis
894 1455 966 1482 cele-

1050 1221 1134 1256 ’Ἄλλη
1158 1222 1313 1258 τοιγαροῦν,
1327 1219 1350 1250 ὦ
1367 1224 1449 1258 φίλοι,
1465 1224 1578 1261 τελετὴ,
1596 1225 1645 1252 καὶ
1667 1225 1732 1252 ἄλλο
1756 1235 1808 1262 μυ-

1018 1268 1129 1303 στήριον
1146 1268 1277 1306 σήμερον.
1294 1269 1367 1302 Ναὺς
1381 1271 1547 1307 παρθενικὺς
1560 1271 1608 1298 ἐπὶ
1622 1272 1674 1308 γῆς
1686 1272 1810 1307 ἐγκαινί-

1013 1312 1089 1344 ζεται
1101 1313 1229 1348 σήμερον,
1239 1314 1285 1340 καὶ
1296 1314 1346 1349 τῆς
1357 1315 1538 1351 Θεομήτορος,
1547 1315 1625 1352 εἴπερ
1634 1317 1698 1344 ἄλλο
1707 1326 1744 1350 τι,
1754 1317 1810 1344 τῶν

1013 1358 1168 1394 ὲγκοσμίων
1186 1360 1298 1393 ἐπάξιον
1313 1361 1482 1396 οἰκητήριον.
1497 1362 1569 1394 Nae;
1584 1362 1749 1400 παρθενικος
1762 1365 1811 1391 ἐπὶ

1013 1405 1065 1439 γῆς
1076 1405 1262 1439 ὲγκαινίζεται
1271 1408 1403 1443 σήμερον,
1413 1408 1556 1444 βασιλικῆς
1569 1410 1810 1445 μεγαλοπρεπείας

1019 1450 1098 1486 ἔργον
1112 1451 1151 1483 ὼς
1168 1452 1275 1488 ἀληθῶς
1291 1454 1491 1489 πολυύμνητον.
1506 1455 1579 1487 Nam;
1602 1456 1631 1482 ὲν
1651 1456 1743 1491 μέσοις
1759 1456 1809 1482 αὑ-

177 1506 322 1533 brandum.
347 1503 490 1539 Templum
514 1503 541 1530 in
567 1503 657 1530 medio
683 1503 741 1537 ipso
762 1501 872 1536 palatio,
894 1502 964 1528 divi-

1017 1499 1072 1528 τοῖς
1084 1499 1254 1533 ἀνακτόροις,
1270 1500 1421 1536 ἀνάκτορον
1433 1500 1498 1527 ἄλλο
1512 1500 1584 1528 θεῖον
1599 1502 1646 1528 καὶ
1662 1501 1810 1536 σεϐάσμιον

176 1558 243 1578 num
276 1549 349 1576 aliud
378 1548 623 1582 venerandumque
653 1546 782 1582 palatium
811 1546 964 1578 excitatur;

177 1595 312 1632 ejusmodi
332 1595 445 1626 scilicet.
463 1599 503 1625 ut,
523 1594 545 1621 si
565 1602 629 1621 eum
647 1594 707 1621 aliis
721 1593 858 1625 conferas,
872 1600 904 1619 ac
918 1599 967 1619 eo-

177 1651 238 1670 rum
261 1642 394 1670 rationem
419 1641 529 1673 habeas,
554 1640 628 1676 regia
647 1640 706 1675 ipsa
726 1639 835 1675 palatia,
856 1639 967 1674 privatae

177 1689 250 1717 ardes
275 1692 370 1724 aperte
395 1691 555 1724 arguantur,
585 1687 707 1722 quinimo
730 1686 803 1721 quod
833 1693 882 1713 sua
913 1693 966 1719 qua

178 1736 263 1772 pollet
286 1735 410 1763 claritate
434 1742 467 1762 ac
488 1738 644 1766 venustate,
665 1733 709 1759 illa
726 1739 836 1767 quoque
850 1732 967 1759 illustret

177 1790 209 1810 ac
226 1782 321 1810 reddat
337 1781 462 1812 clariora,
476 1781 593 1816 priorem
610 1780 662 1807 illis
677 1779 809 1806 mundum
821 1783 903 1813 atque
920 1785 967 1805 or-

177 1832 272 1855 natum
287 1827 433 1863 adaugeat.
449 1825 537 1858 Dicas,
551 1825 647 1853 oculos
665 1824 692 1852 in
704 1824 793 1860 ipsum
806 1824 966 1859 eonjiciens,

177 1882 233 1902 non
254 1874 380 1901 humanae
400 1873 465 1900 artis
491 1880 560 1906 opus
583 1879 653 1905 esse,
675 1871 723 1898 sed
739 1871 857 1898 divinam
874 1876 969 1905 quam-

177 1921 239 1948 dam
251 1920 386 1954 nobisque
401 1919 571 1954 superiorem
584 1917 714 1945 virtutem
733 1917 967 1953 pulchritudinem

178 1966 216 1994 illi
239 1965 380 1994 indidisse.
395 1963 500 1999 Templi
514 1964 604 1991 aditus
619 1971 652 1991 ac
664 1963 839 1994 vestibulum,
859 1962 968 1998 egregio

178 2015 276 2039 ornatu
302 2018 334 2039 ae
346 2011 447 2038 decore
458 2009 640 2045 compositum
659 2018 665 2036 :
682 2009 792 2037 candidi
807 2009 879 2036 enim
896 2016 968 2035 mar-

179 2059 264 2087 moris
287 2058 386 2086 tabula:
411 2057 585 2092 splendidum
608 2056 673 2091 quid
699 2057 904 2091 gratiosumque
926 2055 967 2082 cf-

177 2107 293 2142 fulgenl,
302 2104 436 2141 ejusmodi
448 2103 552 2131 scilicet
565 2107 594 2130 ut
604 2107 690 2130 totum
701 2108 878 2138 conspectum
894 2109 968 2129 com-

1016 1544 1207 1580 ὰνιστάμενος,
1223 1546 1270 1572 καὶ
1291 1548 1325 1582 τῇ
1344 1547 1413 1582 πρὸς
1427 1547 1494 1574 αὐτὸ
1507 1547 1650 1583 παραδολῇ
1672 1548 1721 1575 καὶ
1745 1557 1812 1583 συγ-

1017 1590 1118 1625 κρίσει,
1142 1591 1280 1623 ίδιωτικὰς
1296 1593 1386 1624 οἰκίας
1408 1593 1567 1628 ἀποφαίνων
1591 1595 1626 1622 τὰ
1650 1594 1810 1630 ἀνάκτορα·

1019 1635 1120 1670 μᾶλλον
1134 1636 1163 1663 δὲ
1177 1637 1223 1664 καὶ
1242 1640 1275 1674 τῇ
1290 1638 1388 1675 ἐνούσῃ
1404 1639 1577 1675 λαμπρότητι
1592 1641 1640 1668 καὶ
1654 1641 1742 1668 ταῦτα
1759 1649 1811 1667 πε-

1019 1684 1209 1718 ριαστράπτων
1226 1685 1274 1711 καὶ
1289 1685 1452 1721 φαιδρύνων,
1469 1687 1517 1713 καὶ
1539 1687 1608 1713 πολύ
1633 1688 1812 1723 παρασκευά-

1018 1729 1072 1761 ζων
1086 1729 1133 1756 τοῦ
1149 1731 1283 1766 προτέρου
1299 1732 1402 1768 κόσμου
1423 1733 1584 1770 σεμνότερα.
1599 1734 1694 1767 Εἵποις
1713 1735 1746 1762 ἂν
1770 1736 1813 1768 εἰς

1018 1775 1101 1801 αὐτὸν
1117 1776 1189 1807 ιδὼν,
1200 1777 1250 1803 οὐκ
1262 1778 1438 1814 ἀνθρωπίνης
1449 1780 1540 1815 χειρὸς
1551 1779 1643 1816 ἔργον,
1656 1780 1724 1807 ἄλλα
1736 1779 1813 1807 Θείαν

1019 1820 1081 1848 τινὰ
1094 1821 1140 1847 καὶ
1155 1821 1225 1857 ὑπὲρ
1239 1823 1313 1857 ἡμᾶς
1327 1823 1440 1859 δύναμιν
1450 1825 1481 1850 τό
1498 1825 1595 1857 κάλλος
1609 1825 1684 1861 αὐτῷ
1695 1826 1814 1861 ἐπιμορ-

1020 1866 1174 1901 φώσασθαι.
1191 1868 1353 1903 Προπύλαια
1378 1870 1429 1904 μὲν
1450 1870 1505 1906 γὰρ
1520 1871 1560 1906 τῷ
1583 1870 1641 1906 ναῷ
1660 1871 1813 1907 περικαλλῆ

1019 1914 1211 1941 διεσκεύασται
1221 1923 1227 1930 ·
1242 1916 1290 1942 καὶ
1305 1916 1359 1951 γὰρ
1375 1917 1530 1952 μαρμάρων
1545 1917 1693 1944 διαλεύκων
1709 1918 1813 1950 πλάκες

1019 1959 1146 1996 λαμπρόν
1172 1969 1199 1987 τι
1223 1961 1271 1987 καὶ
1286 1962 1380 1997 χάριεν
1395 1962 1618 1995 ἀποστίλὸουσαι,
1633 1963 1698 1999 ὃλην
1713 1963 1814 1990 ἐναπο-

1019 2006 1150 2033 λαῦοῢσαι
1164 2007 1213 2042 τὴν
1226 2008 1369 2042 πρόσοψιν,
1383 2008 1430 2034 καὶ
1446 2008 1496 2044 τὴν
1510 2009 1579 2044 πρὸς
1593 2009 1712 2045 ἀλλήλας
1726 2009 1813 2042 θέσιν,

1019 2053 1067 2079 καὶ
1082 2053 1131 2088 τὴν
1144 2053 1198 2079 τῶν
1212 2054 1337 2089 περάτων
1354 2055 1501 2089 συνάφειαν
1514 2056 1552 2091 τῷ
1564 2056 1658 2091 ἧμαλῷ
1674 2057 1721 2084 καὶ
1737 2056 1814 2092 λείῳ,

1020 2098 1067 2125 καὶ
1091 2098 1130 2134 τῷ
1156 2100 1366 2134 προσηρμόσθαι
1389 2100 1449 2128 λίαν
1471 2102 1676 2137 ἀποκρύψασαι,
1697 2103 1738 2133 εἰς
1754 2103 1815 2135 ἐνὸς

179 2153 340 2189 plectentes,
355 2152 476 2187 ipsarum
489 2151 559 2179 inter
579 2158 608 2178 se
619 2151 712 2184 situm,
729 2155 964 2185 extremorumun

1021 2145 1095 2172 λίθου
1108 2146 1248 2181 συνέχειαν
1258 2149 1401 2182 γραμμαῖς
1410 2148 1529 2180 εὐθείαις
1539 2148 1632 2184 ὥσπερ
1642 2150 1816 2185 ἐπιγεγραμο

177 2200 344 2236 juncturam,
371 2198 435 2231 leni,
460 2197 552 2233 plana,
567 2197 714 2232 subtilique
727 2197 874 2224 admodum
894 2204 969 2224 com-

179 2245 296 2273 missura
323 2244 452 2280 obtegant
469 2252 476 2270 :
499 2244 568 2272 adeo
583 2247 614 2271 ut
631 2243 700 2279 lapis
711 2251 782 2270 unus
796 2242 875 2271 lineis
888 2243 970 2270 rectis

179 2292 254 2320 velut
269 2292 418 2328 inscriptus
433 2293 489 2328 (res
499 2291 631 2320 miraculo
646 2292 744 2323 nova!)
761 2291 896 2323 videatur,
911 2299 971 2319 sua-

179 2339 346 2374 vissimcque
362 2338 526 2366 intuentium
539 2338 633 2365 oculos
646 2337 754 2372 capiant
768 2346 774 2364 :
791 2337 909 2371 indeque
919 2335 970 2364 de;

177 2384 341 2417 vincientes,
365 2392 397 2412 ac
421 2383 449 2411 in
471 2391 500 2411 se
515 2387 717 2416 eonvertentes,
735 2386 905 2417 spectantem
921 2390 970 2410 ve-

179 2434 247 2463 tant,
268 2437 305 2457 ne
325 2430 358 2457 ad
381 2437 412 2457 ea
431 2430 549 2457 transire
574 2429 650 2463 velit,
665 2436 725 2463 qua:
744 2428 818 2456 intus
834 2428 939 2456 radiant
962 2437 968 2455 :

180 2475 229 2502 sed
255 2474 283 2502 in
300 2475 359 2510 ipso
375 2475 468 2510 templi
481 2475 626 2506 vestibulo.
643 2483 707 2502 mox
722 2475 819 2502 adiens
839 2475 970 2510 praeclaro

179 2521 364 2548 exsuscitatus
386 2521 553 2556 spectaculo,
581 2521 702 2555 visisque
733 2520 819 2555 ﬁgens
840 2521 968 2552 oculum,

180 2568 255 2595 velut
284 2567 420 2595 radicibus
441 2567 510 2594 ﬁxus
533 2567 713 2594 admiratione
738 2567 834 2594 haeret.
852 2566 970 2602 Orphaeo

180 2613 281 2642 Thraci
301 2613 400 2642 fabula:
423 2614 508 2649 lyram
529 2613 678 2648 assignant,
696 2621 727 2640 ea
744 2613 869 2648 pulsandi
885 2613 922 2645 vi,
942 2619 971 2641 ut

180 2669 224 2689 res
251 2661 326 2697 ipsas
350 2661 486 2688 inanimes
508 2660 583 2687 sonis
605 2664 723 2687 mereat.
750 2660 827 2692 Quod
848 2660 869 2686 si
888 2661 970 2687 etiam

178 2707 259 2736 nobis
282 2708 310 2735 in
330 2707 437 2735 fabulas
452 2707 595 2734 veritatem
613 2706 722 2738 ellerre,
745 2712 826 2741 atque
842 2706 970 2741 ﬁgmento

180 2755 352 2783 tremendam
369 2755 483 2782 reddere
500 2754 539 2781 l'as
554 2758 636 2785 esset,
653 2754 725 2781 dicat
738 2753 848 2788 aliquis,
865 2754 911 2788 qui
927 2762 971 2781 sa—

179 2809 234 2828 crm
257 2801 324 2829 tedis
349 2801 516 2828 vestibulum
543 2800 650 2832 adeant,
676 2800 703 2826 in
721 2799 874 2834 plantarum
890 2800 970 2827 arbo-

1024 2193 1116 2226 μένου,
1135 2192 1228 2227 θαῦμα
1242 2193 1335 2219 καινὸν
1349 2194 1481 2229 ὁραθῆναι
1500 2195 1547 2221 καὶ
1561 2195 1680 2230 ἣδιστον,
1694 2196 1744 2231 τὴν
1758 2196 1814 2223 τῶν

1022 2238 1147 2274 ὁρώντων
1164 2239 1314 2273 φαντασίαν
1332 2240 1494 2274 ὑπάγουσιν.
1505 2241 1548 2274 Ἐξ
1563 2238 1648 2278 οὗπερ
1673 2242 1721 2274 τὰς
1737 2242 1816 2278 ὄψεις

1023 2285 1192 2321 συνέχουσαι,
1210 2287 1256 2312 καὶ
1268 2286 1336 2321 πρὸς
1350 2287 1448 2318 ἑαυτὰς
1459 2289 1681 2323 ἐπιστρέφουσαι,
1697 2289 1746 2315 οὐκ
1757 2288 1817 2315 ἐθέ-

1022 2333 1078 2360 λειν
1094 2334 1201 2360 ποιοῦσι
1214 2333 1260 2360 τὸν
1277 2333 1376 2370 θεατὴν
1393 2335 1591 2370 μεταχωρῆσαι
1606 2335 1674 2371 πρὸς
1692 2335 1726 2363 τὰ
1741 2336 1815 2363 ἐνδό-

1021 2387 1104 2415 τερα·
1118 2379 1177 2406 ἀλλ’
1191 2380 1220 2406 ὲν
1243 2380 1317 2414 αὐτῷ
1340 2380 1379 2416 τῷ
1406 2381 1638 2416 προτεμενίσματι
1661 2381 1707 2408 τοῦ
1730 2381 1814 2408 καλοῦ

1023 2425 1160 2461 θεάματος
1174 2426 1188 2452 ὀ
1205 2425 1325 2461 προσιὼν
1340 2427 1560 2462 ἐμπιπλάμενος,
1575 2427 1622 2454 καὶ
1636 2428 1692 2459 τοῖς
1708 2427 1816 2463 ὁρωμέα

1022 2481 1077 2504 νοις
1091 2472 1202 2508 ἐρείδων
1217 2473 1251 2500 τὰ
1265 2473 1388 2508 δμματα,
1402 2474 1495 2509 ὥσπερ
1518 2483 1559 2505 τις
1577 2473 1761 2510 ὲῤῥιξωμένος
1776 2472 1816 2510 τῷ

1022 2518 1142 2554 θαύματι
1159 2519 1391 2555 ἓστηκεν.”ορφεί
1412 2519 1462 2555 μὲν
1477 2520 1501 2546 οἱ
1517 2519 1597 2554 μῦθοι
1612 2519 1650 2555 τῷ
1663 2519 1753 2555 Θρᾳκὶ
1772 2528 1816 2546 κι-

1022 2565 1108 2601 θάραν
1125 2566 1262 2601 κροτοῦσι,
1278 2566 1406 2594 κινοῦσαν
1430 2567 1488 2598 τοῖς
1502 2566 1631 2601 φθόγγοις
1655 2567 1689 2592 τὰ
1711 2566 1814 2601 ἄψυχα.

1023 2612 1054 2639 Ei
1071 2613 1100 2639 δὲ
1115 2614 1163 2639 καὶ
1177 2614 1243 2648 ἡμῖν
1258 2613 1321 2648 ἐξῆν
1337 2614 1366 2644 ἐς
1380 2613 1482 2648 μύθους
1496 2614 1620 2648 ἐπαίρειν
1635 2614 1681 2639 καὶ
1694 2613 1816 2648 φοϐερὰν

1023 2660 1109 2685 ποιεῖν
1124 2661 1174 2695 τὴν
1188 2660 1318 2695 ἀλήθειαν
1328 2680 1337 2691 ,
1355 2658 1431 2686 εἶπεν
1446 2660 1479 2686 ἄν
1496 2668 1549 2691 τις,
1569 2660 1632 2691 τοὺς
1652 2660 1816 2694 προσιόντας

1022 2706 1061 2741 τῷ
1090 2706 1323 2742 προτεμενίσματι
1339 2725 1346 2738 ,
1365 2706 1405 2737 είς
1430 2706 1522 2740 φυτῶν
1548 2705 1817 2740 ἀποδενδρουμένους

1023 2753 1104 2788 φύσιν
1125 2753 1163 2788 τῷ
1188 2753 1306 2788 θαύματι
1324 2752 1541 2787 μεταϐάλλεσθαι
1553 2761 1560 2767 ·
1583 2751 1670 2784 οὕτως
1686 2751 1760 2785 ἅπαξ
1773 2759 1817 2782 τις

1024 2799 1086 2828 ἰδὼν
1101 2799 1336 2831 δυσαποσπάστως
1354 2799 1509 2835 κατέχεται.

182 2854 297 2882 rumque
318 2851 455 2881 naturam,
480 2846 611 2874 miraculo
634 2846 768 2882 deligente
783 2847 907 2876 transire.
927 2848 970 2876 Sic
990 2849 1034 2885 qui
1059 2847 1141 2876 semel
1160 2847 1280 2883 conjecit
1293 2847 1387 2875 oculos
1397 2853 1467 2882 agre
1479 2846 1614 2879 avellitur,
1647 2853 1679 2873 ac
1709 2848 1816 2880 specta-

182 2895 244 2922 culo
261 2899 380 2922 tenetur.
