1945 3088
129 126 186 162 5-69

449 129 613 160 HOMILIA
633 130 692 162 III.
705 143 740 149 —-
755 131 797 162 IN
816 131 1072 163 DEDICATIONE
1089 133 1198 165 NOV/2
1214 133 1408 164 BASILICE.

1707 136 1760 168 570

171 186 295 215 Ἐπειδὰν
303 187 332 214 δέ
342 196 385 220 τις
395 186 501 216 ἐκεῖθεν
512 188 589 224 μόλις
601 189 790 222 ἀποσπασθεὶς
801 191 842 222 εις
853 189 920 216 αὐτὸ

1006 190 1055 219 Ubi
1075 196 1167 219 autem
1182 191 1245 226 quis
1264 192 1309 219 vix
1325 191 1388 219 imle
1405 191 1517 220 avulsus
1533 191 1560 220 in
1577 192 1665 228 ipsum
1683 194 1760 221 delu-

128 233 280 270 παρακύψῃ
293 233 324 261 τὸ
341 234 464 269 τέμενος,
480 235 578 270 ἡλίκης
604 235 652 262 καλ⁵
664 236 730 272 ὅσης
744 234 821 269 οὗτος
831 237 919 272 χαρᾶς

127 290 158 309 τε
171 281 229 316 ἅμα
243 281 290 308 καὶ
302 281 424 316 ταραχῆς
436 282 483 308 καὶ
508 281 647 317 θαύματος
662 283 832 318 ἐμπίπλαται
845 284 851 311 !
876 283 920 314 Ὦς

128 328 169 359 εἰς
183 327 265 354 αὐτὸν
279 328 333 363 γὰρ
349 327 395 354 τδν
411 327 526 363 οὐρανὸν
547 328 777 364 ἑπιπροσθοῦντος
794 330 919 365 μηδαμό-

128 373 175 400 Θεν
190 372 373 409 ἐπιὸεόηκὼς,
390 374 437 400 καὶ
453 375 510 405 τοῖς
523 374 709 410 πολυμόρφοις
721 375 769 402 καὶ
785 375 919 411 πανταχό-

128 417 175 444 θεν
193 417 419 453 ὑποφαινομένοις
436 419 572 452 κάλλεσιν,
588 419 626 451 ὡς
640 419 767 455 ἄστροις,
783 419 920 455 περιλαμ-

129 463 264 498 πόμενος,
284 463 343 495 ὅλος
358 464 584 499 ἐκπεπληγμένος
598 465 713 498 γίνεται.
730 466 810 492 Δοκεῖ
823 466 851 492 δὲ
864 466 919 492 λοι-

130 510 180 536 πὸν
194 510 229 537 τά
241 518 270 536 τε
288 510 355 537 ἄλλα
372 510 401 536 ὲν
417 511 544 537 ἐκστάσει
558 509 628 538 εἶναι
639 531 647 544 ,
661 512 707 538 καὶ
724 511 791 538 αὐτὸ
810 513 920 547 περιδο-

129 556 233 582 νεῐσθαι
253 555 284 582 τὸ
297 555 421 591 τέμενος.
437 557 503 588 Ταῖς
519 557 574 592 γὰρ
589 557 703 589 οἰκείαις
718 559 765 585 καὶ
785 559 919 586 παντοδα-

130 601 194 632 παῖς
206 602 414 636 περιστροφαῖς,
430 602 476 627 καὶ
490 602 612 637 συνεχέσι
623 602 772 638 κινήσεσιν·
783 603 799 630 ἃ
813 604 921 636 πάντως

130 649 227 676 παθεῖν
248 650 295 675 τὸν
318 648 417 684 θεατὴν
434 650 450 684 ή
466 650 635 685 πανταχόθεν
651 650 773 677 ποικιλία
798 651 921 686 βιάζεται

110 694 176 721 Αοῦ
192 695 337 730 θεάματος,
351 696 391 727 είς
413 695 479 722 αὐτὸ
495 696 525 722 τὸ
541 695 678 731 ὁρώμενον
691 697 722 724 τὸ
736 698 836 724 οἰκεῖον
852 707 921 734 φαν-

129 741 240 774 τάζεται
255 742 380 779 πάθημα.

172 832 252 860 Ἀλλὰ
268 833 323 869 γὰρ
338 834 438 869 χρυσός
453 843 482 860 τε
496 834 542 860 καὶ
556 833 675 870 ἄργυρος
692 834 727 862 τὰ
744 835 858 863 πλεῖστα
873 835 920 863 τοῦ

129 878 195 906 ναοῦ
207 879 376 915 διειλήφασιν
384 887 392 895 °
404 881 418 907 ὁ
433 880 482 915 μὲν
496 880 609 915 ψηφῖσιν
620 881 835 916 ὑπαλειφόμενος
844 889 852 896 ·
868 883 882 909 ὁ
891 882 919 909 δὲ

129 927 169 958 εις
186 925 292 958 πλάκας
306 926 487 960 ἀποξεόμενος
511 927 557 954 καὶ
574 927 754 962 τυπούμενος,
774 929 854 960 ἄλλος
870 929 918 956 ἄλ-

128 972 185 1005 λοις
200 972 436 1008 ἑπιπλασσόμενος
460 973 726 1008 μέρεσιν.Ἑνταῦθα
751 974 919 1009 ἐπικοσμού-

129 1027 199 1054 μενα
213 1019 386 1054 κιονόκρανα.
395 1018 528 1046 Ἐνταῦθα
540 1019 567 1045 δὲ
582 1020 625 1046 διὰ
641 1020 748 1055 χρυσῶν
761 1020 919 1055 περιζώμα-

128 1073 179 1092 τα·
197 1064 326 1100 ἀλλαχόθι
343 1065 372 1091 δὲ
396 1066 455 1097 ταῖς
481 1065 608 1091 ἀλύσεσιν
625 1065 840 1100 ἐπιπλεκόμενος
854 1075 920 1101 χρυ-

129 1111 185 1143 σὸς,
202 1111 218 1146 ἢ
234 1111 335 1146 χρυσοῦ
356 1120 383 1137 τι
400 1110 623 1146 θαυμασιώτερον
635 1130 642 1142 .
658 1112 675 1146 ἡ
694 1111 754 1138 θεία
783 1112 918 1147 τράπεζα,

129 1156 256 1192 σύνθημα
277 1157 476 1192 (5).“Δργυρος
499 1156 527 1183 δὲ
552 1157 629 1192 παρὰ
658 1157 707 1188 τὰς
730 1157 841 1190 πυλίδας
873 1159 920 1185 καὶ

127 1202 240 1234 πυλίδας
253 1202 299 1229 τοῦ
317 1203 523 1237 θυσιαστηρίου,
548 1203 597 1229 σὺν
613 1204 668 1234 τοῖς
681 1202 843 1238 περιστῴοις
854 1212 861 1219 ·
873 1205 920 1231 καὶ

127 1249 208 1281 αὐτὸς
223 1249 237 1275 ὁ
255 1248 400 1284 κωνοειδὴς
417 1248 465 1275 καὶ
481 1250 513 1284 τῇ
532 1249 592 1285 θείᾳ
607 1249 733 1286 τραπέζῃ
747 1250 922 1285 ἐπικείμενος

129 1296 178 1322 σὺν
190 1296 246 1326 τοῖς
261 1289 432 1330 ὑπερείδουσι
448 1295 602 1327 στυλίσκοις
616 1295 663 1322 καὶ
684 1296 840 1331 ὑπωρόφοις
857 1297 921 1333 δρο-

129 1349 189 1376 φος,
211 1340 259 1368 καὶ
277 1340 431 1376 μαρμάρων
450 1340 479 1368 δὲ
496 1341 684 1376 πολυχρώμων
704 1341 754 1368 ὅσα
770 1342 807 1377 μὴ
822 1342 921 1377 χρυσὸς

128 1387 294 1423 ἐπέδραμεν,
310 1386 327 1422 ἢ
343 1386 464 1423 ἄργυρος
486 1387 657 1422 περιέλαῦεν,
674 1387 814 1422 ἀμήχανόν
829 1396 858 1414 τε
874 1388 922 1414 καὶ

128 1433 245 1469 τερπνὸν
254 1433 449 1469 φιλοτέχνημα,
458 1433 493 1460 τὰ
503 1433 584 1460 λοιπὰ
595 1434 641 1460 τοῦ
654 1433 718 1460 ναοῦ
729 1433 921 1469 διεκόσμησεν.

135 1478 167 1505 Ἠ
182 1479 210 1505 δὲ
224 1479 271 1505 τοῦ
284 1479 398 1513 ἐδάφους
414 1479 474 1511 θέα,
485 1480 527 1511 είς
541 1478 619 1512 ζώων
631 1479 739 1515 μορφὰς
753 1480 800 1507 καὶ
816 1480 923 1515 σχημά-

971 237 1051 265 brum
1074 238 1256 273 prospexerit,
1280 242 1383 273 quanto
1407 238 1537 273 qualique
1552 238 1653 273 gaudio
1667 239 1759 273 simul,

970 289 997 311 et
1021 283 1175 311 turbatione
1197 287 1225 311 et
1252 283 1430 312 admiratione
1453 284 1597 320 impleturi
1619 285 1760 320 Tanquam

970 330 1043 358 enim
1065 330 1093 357 in
1115 329 1203 366 ipsum
1219 331 1317 358 coelum
1332 331 1407 358 nullo
1424 339 1536 365 usquam
1552 332 1678 359 obstante
1694 339 1762 359 con-

971 377 1119 408 scenderit,
1145 376 1412 411 multiformibusque
1438 385 1470 404 ac
1496 377 1677 411 uudequaque
1692 377 1761 404 luci—

970 424 1013 451 dis
1036 423 1284 459 pulchritudinibus
1298 427 1433 449 astrorum
1450 422 1476 449 in
1493 430 1593 450 morem
1616 423 1760 449 collustra-

973 475 1026 502 tus.
1043 470 1071 496 in
1085 473 1224 504 stuporem
1241 473 1314 495 totus
1328 468 1417 503 agitur
1435 477 1441 494 :
1458 467 1683 502 videturquejam
1698 467 1761 494 inde

971 520 1070 543 emota:
1093 515 1213 547 utentis;
1232 513 1376 549 ipsumque
1397 513 1435 540 illi
1449 513 1590 540 delubrum
1609 514 1761 548 circumgya

973 568 1035 588 rare
1044 564 1166 595 putatur.
1185 559 1262 592 Quod
1273 559 1346 586 enim
1356 563 1493 594 spectator
1513 559 1570 586 suis
1586 559 1652 593 ipse,
1669 559 1761 586 omni-

972 606 1114 640 modisque
1131 604 1325 640 agitationibus
1340 611 1372 631 ac
1401 604 1540 631 continuis
1571 604 1690 632 motibus
1705 604 1762 630 cir-

971 656 1175 684 cnmvcrsetur;
1205 650 1277 686 quod
1302 655 1333 678 ut
1358 650 1396 677 illi
1420 651 1533 677 omnino
1552 651 1762 685 necessarioque

972 698 1088 730 accidat,
1107 697 1230 724 miraculi
1246 696 1367 731 undique
1384 696 1529 723 incurrens
1543 696 1661 723 varietas
1676 696 1760 729 facit;

972 744 1000 772 in
1015 752 1045 772 re
1062 745 1119 779 ipsa
1132 752 1215 779 quam
1233 743 1321 771 oculis
1338 746 1461 777 usurpat,
1476 749 1553 769 suam
1570 743 1628 777 ipse
1643 741 1763 769 affectio-

971 799 1034 818 nem
1051 791 1161 826 cogitat.

1007 837 1142 864 Caeterum
1155 843 1251 863 aurum
1269 840 1466 870 argentumque
1478 834 1609 869 pleraque
1626 833 1679 861 sibi
1694 837 1763 861 tem-

972 885 1008 920 pli
1031 885 1088 912 loca
1103 883 1252 911 vindicant.
1275 882 1409 912 Alterum.
1433 882 1562 909 tessellati
1576 881 1667 916 operis
1685 881 1763 916 lapil-

970 930 1003 960 lis
1022 929 1146 960 oblitum.
1173 929 1291 955 alterum
1314 928 1341 954 in
1363 927 1468 954 tabulas
1490 927 1661 962 laminasque
1673 926 1762 954 dedu-

970 981 1044 1004 ctum
1058 975 1260 1009 l'ormatumque
1273 981 1279 1000 :
1301 978 1383 1008 atque
1397 973 1470 1000 aliud
1485 972 1613 1007 aliudque
1625 972 1685 999 aliis
1698 980 1764 1007 par-

971 1022 1043 1048 tibus
1058 1020 1221 1048 adhibitum.
1237 1019 1287 1047 Hic
1303 1019 1491 1048 columnarum
1508 1018 1634 1053 capitolia
1645 1023 1761 1050 ornata.

972 1067 1026 1094 illic
1043 1066 1134 1094 fasciaa
1144 1074 1176 1094 ac
1191 1065 1359 1101 subligacnla
1371 1073 1454 1092 aurea
1470 1072 1479 1092 :
1494 1063 1557 1091 alibi
1574 1071 1671 1091 aurum
1688 1068 1763 1091 cate-

971 1114 1014 1140 nis
1043 1113 1201 1147 implexum,
1228 1115 1275 1138 aut
1288 1111 1360 1146 quod
1374 1118 1441 1138 auro
1454 1111 1542 1145 majus
1557 1110 1590 1138 ad
1606 1110 1764 1138 admiratio-

971 1167 1032 1187 nem
1056 1159 1143 1193 (sacra
1167 1158 1296 1185 nimirum
1317 1158 1420 1188 mensa)
1439 1157 1620 1192 compositum
1635 1156 1761 1184 exsistat.

971 1204 1035 1232 Loci
1062 1203 1155 1231 altaris
1181 1203 1296 1238 portulae
1318 1206 1346 1230 et
1371 1202 1521 1230 columellae
1544 1207 1680 1237 argentea:
1700 1210 1763 1229 cum

971 1250 1131 1286 peristyliis,
1149 1250 1295 1284 ipsumque
1309 1249 1369 1276 coni
1387 1249 1472 1283 ﬁgura
1487 1248 1642 1282 divinaque
1657 1255 1762 1275 mensae

971 1297 1127 1332 impositum
1151 1300 1265 1327 tectum.
1289 1303 1351 1323 cum
1371 1295 1548 1322 inicientibus
1572 1294 1609 1320 illi
1633 1294 1763 1329 subjectis

971 1343 1121 1371 columellis
1135 1349 1307 1377 cameraque.
1326 1341 1398 1368 Varii
1413 1340 1511 1368 coloris
1524 1348 1671 1373 marmora,
1687 1348 1763 1374 qua:~

971 1397 1080 1424 cunque
1103 1389 1145 1417 vel
1175 1396 1241 1416 auro
1260 1396 1315 1415 non
1333 1388 1451 1419 obtecta,
1473 1386 1515 1414 vel
1534 1394 1590 1414 non
1613 1387 1765 1422 intercepta

971 1441 1095 1472 argento,
1115 1436 1182 1464 artis
1197 1443 1265 1470 opus
1279 1435 1458 1469 stupendum,
1476 1434 1599 1468 mireque
1613 1433 1764 1464 obiectans,

972 1482 1084 1516 reliquis
1110 1481 1204 1516 templi
1233 1481 1356 1516 partibus
1377 1484 1503 1506 ornatqu
1529 1482 1667 1514 praestant.
1687 1478 1767 1505 Pavi<

128 1533 184 1551 των
196 1525 279 1557 ἄλλας
294 1526 367 1557 ἰδέας
380 1527 440 1558 ταῖς
456 1525 643 1561 πολυμόρφοις
655 1526 754 1562 ψηφίσι
767 1526 921 1562 διαμορφω-

974 1528 1058 1556 menti
1079 1531 1255 1562 conspectus,
1281 1526 1308 1552 in
1333 1524 1495 1552 animalium
1511 1524 1623 1557 formas,
1637 1523 1767 1551 aliarum-

130 1570 219 1603 θεῖσα,
235 1571 397 1607 θαυμαστήν
411 1580 472 1598 τινα
488 1572 534 1599 τοῦ
547 1572 671 1607 τεχνίτου
685 1573 735 1608 τὴν
746 1572 843 1607 σοφίαν
856 1581 924 1609 παρ-

130 1617 274 1653 εστήσατο.
283 1617 385 1649 Παῖδας
396 1617 433 1648 ὡς
445 1618 553 1653 ἀληθῶς
565 1618 611 1644 καὶ
620 1617 789 1653 πλασμάτων
801 1618 925 1651 πλάστας

131 1665 197 1695 τοὺς
208 1664 313 1696 Φειδίας
327 1664 449 1696 ἐκείνους
465 1665 512 1690 καὶ
525 1664 681 1700 Παρασίους
690 1665 737 1691 καὶ
747 1664 925 1700 Πραξιτέλεις

132 1709 181 1736 καὶ
195 1709 323 1742 Ζεύξιδας
345 1711 373 1736 ὲν
396 1711 429 1745 τῇ
452 1709 537 1745 τέχνῃ
557 1710 738 1744 ὲπελέγξασα.
754 1710 925 1745 Δημόκριτος

131 1753 210 1781 εἶπεν
224 1755 267 1788 ἂν,
282 1753 371 1791 οἶμαι,
382 1755 431 1790 τὴν
442 1755 488 1782 τοῦ
503 1756 618 1790 ἐδάφους
627 1755 808 1792 λεπτουργίαν
818 1756 923 1790 ἐνιδὼν,

132 1800 181 1826 καὶ
196 1800 281 1836 ταύτῃ
299 1801 442 1836 τεκμηρίῳ
464 1801 616 1837 χρώμενος,
635 1801 672 1837 μὴ
687 1801 720 1828 ἂν
740 1802 836 1838 πόρρω
853 1799 923 1829 εἶναι

133 1845 165 1870 ab
181 1845 218 1880 μὴ
233 1845 294 1880 οὐχὶ
316 1845 362 1872 καὶ
380 1846 428 1877 τὰς
447 1847 565 1881 ἀτόμους
586 1846 667 1873 αὑτοῦ
683 1847 730 1873 καὶ
745 1847 791 1874 ὑπ’
805 1846 867 1882 ὄψιν
881 1856 926 1874 πι-

134 1891 255 1924 πτούσας
271 1891 439 1928 ἀνευρῆσθαι
449 1900 456 1908 ·
477 1892 549 1919 οὕτω
563 1893 652 1920 πάντα
666 1893 845 1928 πεπλήρωται
861 1893 926 1920 θαύ-

972 1582 1025 1610 que
1047 1574 1194 1609 ﬁgurarum
1208 1572 1324 1607 species.
1343 1571 1504 1599 multiformi
1524 1570 1654 1598 tessellati
1674 1569 1766 1605 operis

973 1619 1183 1649 conciunalione
1208 1619 1379 1648 eﬂ‘ormatus.
1406 1619 1593 1646 admirabilem
1620 1618 1765 1653 quamdam

973 1667 1086 1695 artificis
1110 1666 1272 1701 sapientiam
1290 1665 1422 1697 exhibet;
1447 1669 1550 1692 tantam
1575 1664 1716 1695 nimirum.
1737 1668 1768 1690 ut

972 1720 1037 1740 vere
1051 1720 1150 1747 pueros
1163 1711 1408 1746 ﬁgmentorumque
1421 1710 1551 1739 artiﬁces.
1567 1709 1679 1737 Phidias
1695 1709 1765 1741 illos.

976 1759 1166 1792 Parasiosque,
1182 1762 1210 1784 et
1222 1756 1380 1790 Praxiteles,
1395 1760 1423 1783 et
1439 1755 1572 1784 Zeuxidos
1587 1760 1645 1782 arte
1657 1755 1689 1782 iis
1702 1754 1768 1782 sub-

978 1805 1067 1832 tiliore
1105 1806 1244 1837 coarguat.
1277 1801 1458 1833 Democritus,
1489 1805 1566 1836 puto,
1595 1799 1689 1829 subtili
1720 1807 1767 1834 pa-

977 1847 1092 1876 vimenti
1114 1853 1199 1882 opere
1218 1850 1376 1880 conspecto,
1397 1851 1478 1880 atque
1496 1845 1561 1872 hinc
1581 1844 1767 1878 conjecturam

977 1894 1098 1927 ducens,
1122 1891 1196 1920 haud
1218 1891 1312 1927 procul
1334 1891 1431 1919 abesse
1451 1891 1583 1919 dixisset.
1609 1888 1677 1924 quin
1703 1895 1768 1916 suas

915 1987 1034 2018 ΝΟΤέΕ.

172 2090 211 2125 (5)
239 2090 275 2117 Ἦ
297 2089 414 2125 χρυσοῦ
442 2098 470 2117 τι
491 2088 734 2125 θαυμασιώτερον
768 2088 920 2124 σύνθημα.

135 2124 230 2154 lnnuit
247 2124 416 2153 lorte'simile
432 2125 535 2160 aliquid
548 2124 702 2152 factitatum
718 2124 747 2151 in
771 2132 866 2160 mensa
880 2125 922 2152 al—

141 2161 206 2188 taris
233 2168 311 2187 novm
329 2161 463 2192 ecclesiae,
478 2159 525 2188 iac
549 2161 649 2188 factum
667 2159 756 2187 fuerat
779 2160 806 2186 in
823 2159 923 2187 Sancta

139 2195 242 2230 Sophia
261 2203 276 2222 a
288 2194 444 2223 Iustiniano
457 2204 465 2229 ;
483 2196 606 2230 pluribus
621 2195 724 2223 scilicet
739 2194 847 2229 liquatis
861 2202 926 2230 spe-

975 2097 1086 2125 nymus.
1112 2089 1183 2118 nihil
1196 2089 1330 2118 habentes
1349 2096 1430 2118 cum-
1442 2089 1501 2124 ipsa
1518 2087 1611 2116 altaris
1625 2095 1721 2125 mensa
1738 2087 1765 2115 in

976 2124 1079 2153 fabrica
1095 2125 1211 2161 aliisque
1224 2133 1388 2158 commune;
1407 2125 1483 2161 quid,
1503 2125 1524 2151 si
1541 2124 1623 2161 etiam
1645 2124 1673 2161 in
1690 2131 1768 2161 nova“:

978 2160 1102 2188 ecclesia:
1115 2159 1235 2188 sacrario
1258 2168 1352 2194 erant;
1370 2159 1422 2187 nec
1437 2159 1637 2187 Constantinus
1651 2159 1685 2186 dc
1708 2159 1767 2194 ipsa

980 2196 1073 2223 altaris
1093 2203 1188 2223 mensa
1203 2196 1311 2223 locutus
1330 2199 1382 2228 est,
1394 2203 1476 2230 quam
1496 2195 1586 2230 potius
1600 2194 1766 2229 peculiarius

138 2227 246 2263 eiebus,
273 2231 331 2258 sive
347 2231 429 2258 etiam
442 2227 578 2263 contusis,
595 2238 629 2258 ex
644 2230 744 2265 quibus
762 2227 815 2257 una
831 2227 928 2258 altaris
945 2227 966 2256 ι)
981 2231 1100 2258 voluerit
1118 2231 1237 2258 notare?

138 2273 234 2294 mensa
247 2265 432 2298 conﬂaretur;
457 2266 535 2300 cujus
556 2271 647 2293 tatnen
665 2265 704 2292 rei
727 2265 925 2293 Constantinus

137 2308 193 2328 non
207 2301 346 2334 meminit;
358 2300 483 2328 Photiuni
499 2306 588 2328 tamen
603 2300 672 2328 tueri
686 2301 822 2328 recentior
838 2300 924 2328 forsi-

138 2342 184 2364 tan
201 2336 333 2363 memoria
348 2336 443 2371 possit.
459 2335 582 2364 Proclive
594 2340 668 2363 certe
682 2335 846 2371 Justiniarme
862 2343 925 2362 mu-

140 2371 287 2399 niﬁcentiae
300 2370 356 2399 fere
376 2371 507 2399 aemulum
520 2370 696 2398 aediﬁciorum
715 2370 855 2405 superbia,
874 2371 925 2398 hoc

138 2414 248 2441 quoque
265 2407 388 2434 aemulari
408 2407 497 2441 ipsum
511 2406 639 2439 voluisse,
657 2413 688 2433 ac
708 2413 766 2432 rem
790 2409 921 2441 tentasse.

137 2440 333 2469 Constantinus
348 2443 385 2470 ita
404 2440 466 2469 {Td
479 2441 564 2468 ἄδυτα
578 2441 625 2467 τοῦ
645 2440 720 2472 ναοῦ,
740 2442 788 2467 καὶ
811 2440 924 2476 χρυσῷ,

138 2477 186 2503 καὶ
197 2477 311 2512 ἀργύρῳ
326 2477 375 2504 καὶ
385 2477 468 2509 λίθοις
481 2476 593 2511 τιμίοις,
609 2476 657 2503 καὶ
673 2476 825 2512 μαργάροις
841 2484 925 2502 κατα-

139 2511 330 2548 πεποίκιλταν
347 2517 459 2548 tumque
475 2511 721 2548 aliispercensitis.
739 2518 799 2548 quae
814 2511 841 2548 in
859 2519 924 2548 san-

137 2547 245 2574 ctuario
259 2553 353 2578 erant.
374 2546 423 2575 καῖ
439 2547 524 2578 αὐτὰ,
538 2547 637 2581 inquit,
654 2546 682 2573 αί
703 2546 775 2581 ἱεραὶ
789 2546 924 2581 τράπεζαι

138 2554 245 2574 ctuarto
259 2554 353 2578 erant.
374 2554 422 2575 και
439 2554 524 2578 αυτα,
538 2554 637 2581 inquit,
654 2554 682 2573 αι
703 2554 775 2581 ιεραι
789 2554 924 2607 τραπεςαι

138 2581 168 2613 ἐξ
183 2581 305 2618 ἀργύρου
324 2583 415 2610 πάντα
438 2582 656 2618 περικεχυμένον
676 2581 772 2618 έχοντα
792 2589 807 2606 τ
825 2590 839 2606 ν
857 2589 924 2618 χρυ-

127 2617 197 2653 σὸν,
214 2619 262 2645 καὶ
278 2617 361 2650 λίθοις
376 2618 476 2653 τιμίοις
488 2619 520 2644 ὲκ
532 2617 709 2653 μαργαριτῶν
724 2617 924 2653 ὴμφιεσμρνοις

139 2652 293 2680 πολυτελῶν
303 2653 352 2689 τὴν
366 2651 504 2688 σύμπηξιν
519 2651 579 2689 καί
595 2651 837 2689 σύστασινὲχουσι.
853 2651 923 2685 Ipsa:

139 2688 221 2715 etiam
242 2687 460 2721 supremam.
473 2688 563 2715 omnia
588 2696 620 2715 ea:
640 2692 748 2723 argento
761 2687 804 2713 cui
829 2694 923 2721 super.

139 2723 228 2762 fusum
240 2725 327 2759 fuerat
343 2732 450 2762 aug-unt,
465 2722 644 2762 ethlapiqlibua
659 2722 790 2762 pretiosis.
814 2729 922 2757 marga-

139 2758 198 2794 ritis
228 2758 399 2794 seperpositis
425 2758 580 2792 amplissimi
605 2758 692 2794 pretii,
719 2761 857 2794 compacta
889 2765 921 2794 ac

141 2791 271 2826 fabricato
286 2791 372 2822 erant.
383 2796 417 2821 At
427 2802 492 2821 num
504 2794 545 2821 Ine
558 2791 671 2823 mense.
685 2793 743 2828 ipsa
752 2792 813 2828 κατῗ
823 2791 921 2827 ἐξοχὴν

140 2828 187 2853 τοῦ
202 2828 394 2866 βυσιαστηρίου
418 2829 557 2864 τράπεζας
573 2829 602 2866 in
628 2827 736 2866 Sancta:
750 2827 860 2862 Sophia)
874 2835 918 2854 sa-

141 2864 229 2892 crario
249 2864 341 2893 etiam‘
355 2866 422 2894 alias
443 2871 552 2893 mensas
580 2864 710 2892 describit
731 2867 826 2891 auctor
851 2871 917 2890 ano-

1012 2266 1089 2299 Quod
1105 2266 1208 2293 editum
1228 2265 1306 2293 titulo
1320 2265 1452 2300 ἕκφασις,
1480 2263 1584 2300 mutavi
1611 2263 1745 2300 ἔκφρασις
1757 2272 1764 2280 ·

1012 2272 1089 2299 uuou
1105 2272 1208 2293 edttum
1228 2272 1306 2293 tttuto
1320 2272 1452 2300 εκφασις,
1480 2272 1584 2291 mutavt
1611 2272 1664 2298 εκφ
1685 2272 1764 2292 ασις·

976 2308 1029 2328 nec
1050 2301 1125 2328 enim
1141 2300 1215 2328 aliud
1241 2305 1283 2328 est
1297 2309 1378 2335 quam
1403 2299 1557 2335 oscitantia
1572 2272 1764 2335 exseriﬁentis,

976 2336 1041 2363 dum
1059 2343 1120 2370 quae
1133 2335 1232 2371 duplex
1248 2334 1323 2371 pingi
1340 2336 1430 2363 littera
1444 2335 1522 2365 solet,
1537 2334 1652 2371 simplici
1666 2334 1764 2361 reddit.

976 2371 1005 2398 ln
1026 2378 1088 2406 _quo
1115 2370 1179 2397 non’
1195 2371 1279 2398 semel
1299 2371 1336 2398 illi
1353 2375 1489 2401 erratum;
1513 2370 1638 2404 quodque
1648 2376 1764 2406 omnem

976 2403 1139 2441 scrupulum
1157 2405 1263 2441 adimit,
1277 2406 1379 2441 saepius
1396 2406 1422 2432 iu
1432 2412 1501 2441 voce
1515 2403 1699 2441 εὐφαὶνεοθαι,
1717 2411 1768 2441 pro

975 2439 1192 2477 εὐφραίνεσθαι·
1205 2440 1246 2477 τῷ
1263 2439 1401 2477 sitq—2mg,
1427 2440 1498 2477 nihil
1524 2440 1591 2467 satis
1619 2439 1766 2477 congruit:

974 2475 1120 2511 ἐκφρασις.
1136 2475 1287 2511 Descriptio
1299 2481 1351 2509 est,
1367 2475 1512 2511 Hermolao
1526 2479 1691 2511 auctoretet
1704 2475 1766 2510 qui—

975 2509 1037 2539 dem
1053 2511 1136 2543 culta,
1152 2509 1355 2546 verborumque
1371 2510 1507 2538 lenocinio
1523 2518 1602 2545 paene
1628 2509 1765 2543 affectata,

975 2546 1132 2582 cujusmodi
1146 2546 1191 2573 illa
1205 2546 1315 2582 Sanctae
1332 2546 1502 2581 Euphemize,
1518 2550 1630 2582 auctore
1644 2546 1765 2582 Asteria,

974 2581 1002 2608 in
1014 2581 1054 2609 vu
1068 2582 1170 2617 synodo
1181 2581 1298 2613 laudata,
1307 2582 1428 2617 mihique
1435 2581 1607 2608 emendatior
1617 2581 1645 2607 in
1654 2581 1764 2617 Asterio

973 2617 1056 2648 edita,
1076 2615 1216 2651 semelque
1234 2621 1262 2643 et
1275 2615 1390 2644 iterunr
1405 2615 1636 2651 Lugdunensibus
1648 2621 1676 2643 et
1689 2615 1766 2642 Pari-

975 2652 1116 2679 siensibus
1129 2650 1276 2687 typothetis
1291 2659 1398 2687 eximea
1417 2650 1462 2678 illa
1485 2652 1615 2683 editione,
1628 2650 1765 2687 quidquid

973 2687 1079 2723 ingrate
1088 2685 1207 2723 taceant,
1217 2693 1324 2715 recusa.
1332 2686 1381 2714 Est
1391 2687 1514 2723 ejusdem
1527 2687 1607 2723 etiam
1616 2685 1766 2723 descriptio

972 2720 1060 2756 Oculi,
1078 2722 1155 2750 Orat.
1168 2723 1200 2749 de
1218 2729 1286 2749 croco
1306 2727 1379 2756 nata,
1400 2720 1466 2756 mihi
1485 2721 1599 2756 perinde
1614 2725 1677 2756 post
1692 2720 1765 2756 Pho-

973 2758 1048 2785 tiana
1070 2762 1208 2792 excerpta,
1233 2757 1353 2792 primum
1384 2765 1417 2785 ex
1434 2755 1464 2784 P.
1487 2755 1550 2785 'Jac.
1574 2755 1714 2783 Sirmtmdi
1737 2759 1766 2792 et
1803 2778 1805 2782 .

972 2791 1096 2828 Segnior.
1114 2790 1295 2820 codeedita.
1323 2792 1353 2820 τὸ
1377 2792 1618 2827 ὲνευουνούμενον,
1650 2790 1762 2819 emend.

971 2828 1114 2864 ἐνευοηνού
1119 2837 1209 2864 pavo-1.
