1945 3088
146 154 197 189 571

732 151 867 184 ΡΗΟΤΙΙ
884 150 1141 181 ΡΑΤΒΙΛΒΟΗίΕ
1162 151 1216 182 CP.

1735 145 1787 179 572

146 217 184 241 ob
208 212 301 240 oculos
316 214 460 240 versantes
472 215 577 238 atomos
593 207 763 237 invenisset:
784 207 826 234 sic
840 209 938 234 cuncta
956 231 957 234 η

1010 204 1154 237 ιατος.Ἐνὶ
1169 203 1197 230 δέ
1214 206 1261 238 μοι
1278 203 1354 230 δοκεῖ
1368 202 1449 238 μόνον
1468 202 1483 228 ὁ
1497 199 1545 228 τοῦ
1559 199 1693 235 τεμένους
1708 198 1788 234 ἀρχι-

148 261 229 295 plena
254 259 395 287 miraculo.
424 258 514 285 Unqu
539 263 605 284 vero
625 255 761 283 duntaxat
785 253 853 280 mihi
876 259 941 287 pec-

148 315 226 335 casse
251 307 358 334 videtur
384 304 492 332 delubri
511 302 691 334 architectus,
717 300 789 336 quod
808 299 837 326 in
856 306 942 327 unum

150 353 332 386 enmdcmque
347 351 438 378 locum
456 348 579 384 pulchris
597 347 724 374 onmibus
737 344 886 380 congestis,
902 343 943 370 vi-

150 397 260 423 dentem
283 395 355 421 clare
380 391 538 428 spectaculo
555 391 609 418 frui
627 398 683 417 non
701 389 778 419 sinit,
791 388 853 415 aliis
878 386 944 414 sub-

152 441 215 468 inde
239 439 292 466 alio
321 438 512 469 trahentibus,
541 435 718 469 vicissimque
746 432 943 464 avellentibus,

153 495 204 515 nec
224 487 379 515 sinentibus
401 489 533 520 quantum
549 483 611 519 quis
625 482 701 515 velit,
713 482 773 517 ejus
786 481 859 516 quod
873 479 946 507 videt

153 537 264 568 aspectu
280 532 383 560 satiari.

188 578 265 611 Quod
287 585 332 605 me
357 584 423 605 vero
448 575 591 612 praeteriit,
607 575 782 610 primumque
797 571 946 601 dicendum

154 625 216 652 fuit.
240 623 342 651 Verum
372 631 408 650 ne
438 623 511 650 inter
535 622 669 649 orandum
698 620 825 655 quidem,
851 618 945 653 templi

154 671 316 700 miraculum
331 679 395 698 suas
409 673 535 698 orantem
549 669 621 696 clare
636 671 729 703 partes
743 665 854 700 exsequi
865 665 946 692 sinit:

155 726 187 746 ac
215 726 281 746 sane
311 717 393 745 modo
420 716 545 744 dicturus
577 722 649 742 sum.
683 713 713 740 ln
748 713 807 748 ipsa
830 719 948 746 namque

156 763 290 799 superiori
306 762 420 794 fornice,
437 761 521 789 virilis
534 761 623 795 imago
636 758 739 786 Christi
752 758 865 786 formam
878 764 948 791 pra:-

157 810 248 838 i'erens
264 809 418 844 lapillorum
433 807 509 835 vario
525 806 591 834 ﬂore
602 806 708 840 depicta
720 804 856 832 enitescit.
870 803 950 830 Dixe—

159 856 197 883 ris
217 860 316 882 terratn
341 855 507 889 inspectare,
522 853 637 888 ejusque
654 856 781 879 ornatum
801 859 834 878 ac
850 850 949 886 guber-

159 902 296 929 nationem
310 906 401 929 mente
419 901 521 936 agitare
536 909 543 927 :
564 900 604 927 sic
617 904 744 926 accurate
756 899 855 933 pictor,
870 902 948 933 gestu

157 957 187 976 et
217 947 322 981 habitu,
347 947 539 982 coloribusque
558 944 697 972 Creatoris
712 952 775 979 erga
794 952 845 971 nos
860 943 950 979 provi-

160 995 280 1022 dentiam
310 1001 471 1028 curamque,
497 992 612 1020 numine
643 990 807 1026 propensius
830 990 949 1021 ainante,

159 1041 271 1069 eiiinxit.
289 1040 477 1075 Hemisphzerii
495 1039 568 1066 circa
584 1038 689 1065 tholum
705 1037 817 1064 ittsectis
829 1036 950 1067 circulis.

160 1087 317 1122 angelorum
343 1093 517 1113 communem
545 1084 704 1119 stipantium
738 1082 883 1109 Dominnnt
907 1082 952 1109 de-

161 1132 234 1167 picta
263 1131 410 1158 multitudo
439 1139 445 1157 :
475 1138 535 1165 quae
557 1137 623 1157 vero
649 1129 683 1156 ab
699 1128 793 1156 altaris
807 1129 868 1155 loco
879 1129 952 1163 apsis

161 1178 288 1213 assurgit.
311 1177 432 1213 Virginis
454 1177 541 1204 l'orma
564 1175 742 1211 splendescit.
767 1175 853 1202 nostri
872 1182 953 1202 causa

164 1224 294 1259 expansis
311 1223 481 1251 intemeratis
495 1223 632 1254 manibus,
646 1230 678 1249 ac
695 1230 756 1257 quae
770 1222 886 1249 salutem
903 1221 955 1248 im-

164 1270 283 1305 peratori
303 1273 424 1305 praestet,
440 1269 580 1307 roburque
588 1268 620 1295 ad
636 1268 706 1295 bella
722 1267 828 1295 fortiter
836 1267 953 1302 gerenda

162 1316 200 1344 illi
216 1316 355 1344 conciliet.
372 1315 566 1350 Apostolorum
581 1315 683 1342 chorus
698 1319 779 1349 atque
789 1319 953 1348 martyrum;

163 1370 229 1390 sane
257 1362 339 1389 etiam
368 1361 566 1396 prophetarum
589 1367 621 1386 ac
637 1359 864 1394 patriarcharum.
878 1366 956 1393 egre-

164 1409 237 1445 gium
259 1408 358 1442 templo
379 1411 518 1438 ornatum,
533 1406 606 1441 quod
625 1405 706 1441 pictis
723 1405 887 1439 imaginibus
905 1403 956 1431 im-

166 1454 268 1488 pleant,
289 1452 409 1479 aﬂ'erunt
428 1461 434 1478 :
462 1452 562 1479 borum
579 1458 651 1477 unus
672 1450 743 1484 quis,
762 1449 869 1476 tametsi
884 1449 955 1481 silet,

164 1499 265 1535 quibus
289 1499 353 1525 olim
392 1498 501 1525 locutus
534 1502 594 1528 est,
615 1497 737 1523 clamat:
756 1495 841 1527 Quam
861 1495 957 1522 dilecta

993 252 1097 279 τέκτων
1107 249 1335 287 διημαρτηκέναι,
1352 250 1448 284 ὅτιπερ
1460 248 1500 280 εἰς
1513 248 1562 275 ἕνα
1586 247 1635 273 καὶ
1649 245 1697 272 τδν
1707 245 1788 272 αὑτὸν

993 298 1083 334 χῶρον
1105 297 1164 332 ἅμα
1189 297 1278 324 πάντα
1301 295 1431 327 συλλέξας
1453 295 1488 322 τὰ
1512 294 1610 329 κάλλη,
1625 293 1676 320 οὐκ
1696 293 1727 326 ἑᾷ
1742 291 1788 318 τὸν

995 344 1092 380 θεατὴν
1115 343 1244 378 καθαρῶς
1269 341 1440 378 ἐντρυφῆσαι
1464 340 1511 368 τοῦ
1535 340 1684 375 θεάματος,
1700 338 1788 365 ἄλλων

995 391 1045 419 ἀπ’
1058 389 1147 418 ἄλλων
1159 388 1332 424 ἀφελκόντων
1345 396 1376 414 τε
1392 387 1440 414 καὶ
1455 385 1672 422 μετασπώντων·
1687 384 1735 411 καὶ
1751 383 1789 419 μὴ

996 436 1236 472 παραχωρούντων
1249 436 1311 462 ὅσον
1321 442 1364 466 τις
1377 433 1466 460 ὲθέλει
1480 432 1528 460 τοῦ
1543 432 1682 468 ὁρωμένου
1697 429 1790 461 κορέν-

996 484 1106 512 νυσθαι.

1034 576 1068 602 '0
1082 574 1112 602 δέ
1131 583 1165 610 με
1189 574 1367 611 παρέδραμε.
1381 573 1430 600 καὶ
1453 572 1562 607 πρῶτον
1588 569 1702 606 ῥηθῆναι
1727 567 1790 594 ἔδει,

1003 622 1085 650 Ἀλλὰ
1095 622 1151 658 γὰρ
1165 621 1219 649 οὐδ’
1235 622 1263 648 ὲν
1279 621 1335 652 τοῖς
1350 619 1440 653 λόγοις
1451 617 1498 645 τοῦ
1509 616 1641 652 τεμένους
1652 615 1682 641 τὸ
1697 614 1792 648 θαῦμα

998 669 1116 706 παρέχει
1132 668 1172 704 τῷ
1187 667 1293 702 λέγοντι
1308 665 1439 701 καθαρῶς
1459 664 1490 691 τὸ
1507 663 1572 690 ἴδιον
1586 662 1675 689 τελεῖν
1690 661 1770 696 ἔργον
1782 667 1789 674 ·

999 716 1046 744 καὶ
1069 716 1101 751 δὴ
1125 715 1173 742 νῦν
1195 715 1346 750 εἰρήσεται,
1365 712 1408 740 ἐπ’
1425 711 1512 746 αὐτῆς
1528 709 1582 745 γὰρ
1605 708 1655 743 τῆς
1678 706 1792 743 ὀροφῆς,

999 761 1171 798 ἀνδρείκελος
1185 760 1267 788 εἰκὼν
1284 759 1392 795 μορφὴν
1405 758 1527 794 φέρουσα
1539 756 1587 783 τοῦ
1604 753 1724 790 Χριστοῦ
1742 762 1793 780 πο-

999 808 1126 836 λυανθέσι
1140 808 1255 844 ψηφῖσιν
1271 806 1470 841 ἐγγέγραπται.
1487 804 1582 834 Εῐποις
1597 802 1630 829 ἂν
1645 801 1726 829 αὐτὸν
1744 800 1794 835 τὴν

1000 855 1052 890 γῆν
1069 853 1181 889 ὲφορᾷν,
1200 852 1248 880 καὶ
1262 851 1311 888 τὴν
1333 851 1398 887 περὶ
1410 849 1512 885 ταύτης
1524 847 1688 876 διανοεῖσθαι
1703 845 1809 888 διακό-.

1002 900 1102 936 σμησίν
1118 909 1147 927 τε
1164 899 1212 926 καὶ
1233 897 1411 935 κυϐέρνησιψ
1429 895 1517 926 οὕτως
1540 893 1663 930 ἀκριϐῶς
1689 892 1703 918 ὁ
1727 899 1796 925 γρα-

1000 935 1067 982 φεὺς
1093 947 1141 973 καὶ
1161 946 1217 977 τοῖς
1244 945 1366 980 σχήμασι
1382 942 1432 977 τὴν
1457 941 1506 968 τοῦ
1529 936 1703 975 Δημιουργοῦ
1729 935 1796 970 περὶ

999 993 1074 1029 ἡμᾶς
1099 990 1264 1027 κηδεμονίαν
1288 988 1419 1019 ἐπίπνους
1439 986 1552 1021 γέγονεν
1569 982 1793 1011 ὲντυπώσασθαι.

1001 1040 1064 1071 Τοῖς
1086 1038 1114 1064 δὲ
1127 1037 1192 1073 περὶ⁸
1205 1037 1275 1071 αὐτῇ
1290 1035 1376 1071 ὀροφῇ
1392 1033 1439 1060 τοῦ
1455 1030 1637 1068 ἡμισφαιρίου
1652 1030 1796 1064 τμήμασιν

1001 1086 1145 1121 ἑγκύκλοις
1155 1105 1163 1117 ,
1178 1083 1284 1118 πληθὺς
1297 1081 1421 1116 ἀγγέλων
1435 1079 1474 1114 τῷ
1489 1078 1572 1114 κοινῷ
1584 1077 1706 1111 Δεσπὸτῃ
1718 1075 1796 1110 δορυ-

1002 1132 1150 1168 φοροῦντες
1161 1127 1454 1165 διαμεμόρφωνται.Ἠ
1470 1126 1497 1152 δὲ
1515 1125 1567 1152 ἀπὸ
1579 1123 1626 1150 τοῦ
1649 1124 1797 1154 θυσιαστη-

1005 1167 1062 1215 ρίου
1087 1176 1285 1212 ὰνεγειρομένη
1309 1174 1384 1208 ἁψὶς,
1401 1175 1435 1209 τῇ
1464 1173 1556 1208 μορφῇ
1583 1167 1797 1215 τῆςγῐξαρυένρυ

1004 1210 1270 1258 περιαπρᾶπτεται,
1283 1220 1332 1251 τὰς
1350 1218 1502 1254 ἀχράντους
1522 1217 1617 1252 χεῖρας
1633 1212 1703 1247 ὑπὲρ
1719 1210 1798 1246 ἡμῶν

1004 1269 1186 1304 ἒξαπλούσης,
1197 1267 1245 1294 καὶ
1262 1264 1454 1301 πραττομένης
1469 1262 1508 1298 τῷ
1527 1261 1632 1297 βασιλεῖ
1646 1259 1695 1295 τὴν
1711 1266 1799 1290 σωτη-

1007 1316 1084 1352 ρίαν,
1100 1315 1148 1342 καὶ
1171 1313 1232 1341 κατ’
1261 1311 1366 1347 ἐχθρῶν
1393 1309 1636 1345 ἀνδραγαθήματα.
1662 1304 1749 1340 Χορὸς
1771 1303 1800 1352 δέ

1005 1348 1164 1389 ἀποστόλων
1177 1360 1226 1385 καὶ
1243 1357 1405 1394 μαρτύρων
1423 1355 1468 1382 ναὶ
1481 1355 1514 1389 δὴ
1527 1353 1574 1380 καὶ
1590 1350 1740 1386 προφητῶν
1752 1348 1800 1376 καὶ

1006 1406 1195 1444 πατριαρχῶν,
1212 1405 1272 1433 ὅλον
1287 1403 1454 1439 πληροῦντες
1470 1402 1531 1433 ταῖς
1545 1399 1630 1444 εἰκόσι
1643 1397 1674 1424 τὸ
1687 1397 1800 1432 τέμενης

1007 1453 1216 1490 ὲξωραϊζουσιν·
1231 1447 1269 1478 ὧν
1280 1451 1295 1477 ὁ
1316 1449 1365 1484 μὲν
1379 1448 1427 1475 καὶ
1440 1446 1536 1481 σιγῶν,
1554 1444 1587 1471 δι’
1601 1441 1639 1471 ὧν
1655 1442 1739 1469 πάλαι
1752 1441 1800 1468 ἁν-

1008 1488 1169 1536 εφθέγξατο,
1186 1498 1249 1534 βοᾷ·
1273 1497 1322 1530 Ὧς
1338 1494 1476 1530 ἀγαπητὰ
1485 1493 1522 1520 τὰ
1537 1488 1718 1526 σκηνώματά
1731 1495 1800 1517 σου.

173 1545 344 1573 tabernacula
372 1550 428 1576 tua,
461 1545 571 1571 Domine
596 1543 742 1570 virtutum!
761 1543 919 1577 concupiscit
934 1548 957 1569 et

1010 1535 1099 1582 Κύριε
1114 1546 1174 1574 τῶν
1197 1542 1371 1579 δυνάμεων]
1392 1540 1530 1569 ἐπιποθεῖ
1551 1538 1601 1566 καὶ
1626 1536 1759 1564 ἐκλείπει
1782 1535 1801 1567 νή

168 1593 254 1628 deﬁcit
277 1593 367 1619 anim-1
390 1599 447 1618 utea
468 1591 496 1617 in
517 1590 587 1617 atria
607 1589 711 1616 Domini
733 1589 755 1616 ‘.
779 1589 855 1616 Alter
873 1596 958 1616 vero:

170 1639 257 1672 Quam
279 1638 409 1665 mirabilis
431 1642 467 1664 est
488 1637 559 1664 locus
576 1637 642 1663 istc!
658 1644 708 1663 non
724 1639 760 1662 est
776 1635 834 1668 hoc,
849 1635 899 1662 nisi
914 1635 961 1662 do-

170 1694 228 1713 mus
245 1685 292 1711 Dei
304 1685 324 1711 '.
344 1683 468 1712 Succinit
480 1688 570 1710 autetn
589 1683 659 1710 forte
683 1682 764 1715 alius,
779 1682 825 1717 qui
841 1689 893 1709 nec
904 1681 962 1716 ipse

170 1740 203 1759 ex
228 1731 338 1761 nostris.
360 1735 407 1757 aut
427 1729 549 1765 probatis
570 1729 615 1761 sit,
634 1729 791 1763 invitusque
813 1732 905 1755 nostra
918 1728 963 1755 de-

170 1779 318 1814 prmtlicat:
336 1777 421 1810 Quam
433 1776 549 1811 pulo/mp
566 1776 658 1802 domus
673 1780 735 1808 aut,
752 1775 855 1807 Jacob;
874 1774 963 1801 taber-

172 1826 268 1853 nacula
295 1830 351 1858 tua,
379 1824 481 1851 Israel!
505 1822 643 1858 Tanquam
667 1822 788 1857 paradisi
813 1829 891 1856 super
912 1822 964 1855 Ῑιιι-

172 1872 263 1904 mina,
280 1875 303 1898 et
325 1871 391 1897 sicut
408 1869 588 1897 tabernacula
612 1876 670 1903 qua:
689 1868 746 1902 ﬁxit
772 1867 851 1899 Deus,
866 1871 891 1893 et
913 1874 964 1893 non

172 1918 248 1944 [mum
257 1918 277 1943 ³.

209 1964 277 1990 Ulim
290 1962 399 1997 quidem
414 1961 458 1988 llci
475 1959 647 1995 eonspectori
662 1959 739 1991 Mosi,
753 1959 800 1986 Dei
812 1957 900 1993 ipsius
913 1957 965 1984 im-

175 2010 252 2046 perio
280 2009 485 2036 tabernaculum
514 2007 663 2035 excitatum
679 2011 730 2039 est,
745 2005 779 2033 ad
795 2005 898 2032 hostias
911 2004 965 2032 Deo

175 2055 366 2087 immolandas,
374 2063 405 2081 ac
414 2054 505 2089 populi
518 2053 616 2081 delicta
627 2052 771 2088 expianda.
782 2052 836 2079 Sed
848 2055 875 2079 et
888 2051 966 2078 Salo-

175 2101 252 2130 moni
268 2101 335 2136 regi,
351 2101 482 2135 templum
501 2099 600 2127 deinde
614 2097 808 2134 Hierosolymis
825 2097 965 2124 conditum

175 2152 233 2180 est;
252 2155 322 2182 opus
337 2146 441 2174 scilicet
457 2150 569 2180 aspectu
590 2144 760 2175 delectabile,
774 2151 806 2170 ac
821 2143 966 2178 ejusmodi.

176 2199 206 2221 ut
215 2192 344 2229 quidquid
357 2193 416 2227 ejus
428 2192 537 2227 generis
546 2198 666 2226 unquam
681 2191 831 2222 exstiterat,
842 2189 966 2224 pulchri-

175 2240 279 2268 tudine.
296 2238 492 2274 magnitudine,
515 2237 726 2272 sumptuositate
741 2237 820 2271 longe
834 2236 966 2262 obscura-

177 2291 230 2314 ret.
255 2285 401 2312 Enimvero
426 2288 558 2318 quantum
573 2283 688 2310 fortasse
701 2282 797 2309 umbra
810 2285 838 2308 et
853 2280 938 2316 ﬁgura
953 2287 968 2307 a

176 2333 293 2360 veritate
307 2332 443 2366 rebusque
464 2329 530 2365 ipsis
545 2329 662 2362 decedit,
680 2333 784 2356 tantum
803 2326 848 2353 illa
863 2335 878 2353 a
897 2330 969 2353 tem-

177 2380 234 2416 plo,
252 2379 324 2414 quod
339 2385 413 2405 nunc
429 2376 515 2404 ﬁdelis
526 2382 697 2410 magnusque
712 2374 861 2409 imperator
876 2378 970 2400 noster

177 2425 313 2453 exstruxit
339 2433 347 2452 ι
373 2432 428 2451 non
455 2431 488 2450 eo
507 2423 640 2450 duntaxat
662 2420 788 2451 nomine,
806 2419 878 2454 quod
897 2419 970 2446 istud

179 2470 272 2508 gratiae
293 2478 327 2498 ae
349 2470 462 2504 spiritus
479 2472 531 2499 est,
549 2467 594 2494 illa
609 2466 676 2502 legis
689 2471 771 2500 atque
786 2465 903 2497 lillene;
923 2465 971 2492 sed

178 2518 251 2554 quod
269 2516 350 2544 etiam
369 2514 576 2550 pulchritudine
595 2521 626 2540 ac
648 2512 751 2546 reliqua
773 2510 840 2538 artis
857 2509 972 2537 concin-

180 2565 265 2592 nitate
293 2562 481 2597 clegantiaque
509 2567 566 2595 pra:
591 2558 646 2586 illis
667 2558 765 2585 merito
797 2557 901 2592 primas
925 2556 975 2583 ob-

180 2611 261 2639 tinet.

216 2655 316 2691 Ecquis
343 2662 408 2682 vcro
437 2651 513 2681 brevi
546 2651 616 2680 adeo
646 2655 770 2686 tempore
798 2648 970 2678 celeberrimi

182 2703 275 2739 templi
301 2701 430 2729 miracula
451 2703 536 2727 tentet
560 2698 684 2726 oratione
713 2703 890 2732 percurrere;
908 2701 971 2722 cum

182 2758 234 2778 nec
255 2750 344 2785 ipsum
360 2748 460 2780 visum,
477 2746 526 2773 diu
545 2745 716 2780 nmltumque
733 2743 859 2779 legendo,
884 2750 973 2777 quan-

183 2804 264 2832 quam
282 2803 379 2823 sensus
405 2793 524 2829 reliquos
545 2791 673 2819 celeriori
695 2795 770 2818 tnotu
795 2789 875 2824 longe
891 2795 973 2816 exsu-

225 2886 233 2901 ¹
252 2884 322 2912 [‘sal.
348 2890 459 2915 Lxxxttt.
483 2882 509 2909 2.
550 2881 640 2909 'Gen.
655 2887 751 2912 xxrut,
776 2878 819 2905 17.

1012 1580 1098 1630 ψυχή
1118 1602 1178 1628 μου
1199 1593 1243 1625 εις
1263 1590 1316 1622 τὰς
1340 1588 1437 1621 αὐλὰς
1457 1586 1511 1614 τοῦ
1524 1583 1681 1619 Κυρίου.⁹0
1696 1582 1744 1630 δέ’.
1756 1580 1804 1630 Ὡς

1013 1625 1185 1675 ὸαιξιιαστὸς
1197 1639 1213 1665 ὀ
1228 1638 1319 1669 τόπος
1331 1633 1440 1667 οὗτος]
1453 1634 1509 1660 οὐκ
1527 1632 1593 1659 ἐστι
1612 1629 1710 1659 τοῦτο,
1721 1625 1805 1654 ’ἀλλ’

1012 1687 1032 1722 ἢ
1050 1673 1131 1719 οἰκος
1148 1684 1233 1712 Θεοῦ.
1242 1682 1390 1716 Ἐπιφωνεῖ
1410 1681 1438 1707 δέ
1459 1688 1502 1711 τις
1528 1679 1593 1707 ἴσως
1610 1675 1658 1703 καὶ
1677 1675 1733 1700 τῶν
1756 1673 1806 1708 οὐχ

1013 1721 1156 1769 ἡμετέρων
1167 1730 1221 1757 οὐδ’
1231 1727 1477 1763 ἐγγεγραμμένων,
1490 1725 1538 1752 καὶ
1552 1725 1626 1751 ἄκων
1641 1721 1806 1751 ἐπιθειάζων

1068 1778 1187 1813 ἡμέτερα
1199 1785 1207 1792 ·
1231 1776 1279 1808 Ὠς
1292 1774 1379 1801 καλοί
1395 1780 1454 1799 σου
1484 1773 1511 1798 οἱ
1538 1768 1613 1797 οἶκοι
1627 1790 1634 1802 ,
1645 1767 1760 1799 Ἰακὼϐ,
1777 1767 1808 1793 αἱ

1014 1825 1126 1858 σκηναί
1136 1832 1206 1855 σου,
1218 1821 1346 1856 Ἰσραήλ
1356 1820 1365 1847 .’
1377 1819 1448 1846 ὡσεὶ
1463 1817 1638 1852 παράδεισοι
1650 1816 1698 1842 ἐπὶ
1716 1822 1808 1841 ποτα-

1012 1872 1100 1908 μοὺς,
1119 1870 1168 1897 καὶ
1183 1870 1223 1903 ὡς
1238 1870 1267 1896 αὶ
1280 1867 1391 1902 σκηναὶ
1406 1866 1443 1900 ἃς
1462 1865 1576 1898 ἔπηξεν
1593 1864 1610 1891 ό
1623 1863 1739 1896 Κύριος,
1758 1859 1809 1887 καὶ

1015 1920 1071 1946 οὐκ
1085 1917 1250 1951 ἄνθρωπος.

1052 1964 1138 1991 Πάλαι
1152 1962 1200 1998 μὲν
1214 1960 1260 1988 οὖν
1272 1960 1312 1995 τῷ
1322 1959 1424 1994 Θεόπτῃ
1438 1955 1604 1992 Μωσῇ.οείῳ
1618 1953 1809 1998 προστάγματι

1017 2009 1104 2045 σκηνὴ
1119 2006 1322 2035 κατεσκεύαστο
1332 2013 1339 2020 ³
1356 2004 1451 2045 (ξυσιαν
1464 2010 1494 2028 τε
1509 2002 1590 2028 θῦσαι
1603 1999 1661 2034 Θεῷ
1672 1997 1811 2033 ἁμαρτίας

1017 2042 1203 2088 ἐξιλάσασθαι.
1226 2052 1282 2079 Καὶ
1305 2050 1343 2085 τῷ
1364 2042 1530 2084 ’Σολομῶντι
1554 2047 1582 2073 δὲ
1614 2045 1720 2081 βασιλεῖ
1746 2044 1760 2069 ὁ
1783 2043 1812 2069 ἐν

1024 2099 1219 2137 Ἰεροσολύμοις
1241 2098 1304 2128 vah;
1329 2095 1442 2130 ὕστερον
1467 2092 1584 2128 τερπνόν
1602 2100 1628 2118 τι
1643 2089 1747 2125 χρῆμα,
1764 2088 1811 2114 καὶ

1018 2134 1123 2178 πάντας
1142 2145 1206 2176 τοὺς
1229 2141 1384 2179 ἔμπροσθεν
1400 2140 1439 2175 τῷ
1455 2139 1549 2166 κάλλει
1564 2138 1611 2164 καὶ
1626 2136 1749 2171 μεγέθει,
1764 2134 1812 2175 καὶ

1077 2174 1499 2224 πολυτελείᾳ.ἀποκρυψάμενος.
1509 2183 1579 2211 Ἀλλ’
1591 2183 1652 2210 ὅσον
1679 2180 1743 2208 σκιὰ
1764 2174 1813 2206 καὶ

1017 2225 1103 2270 etim;
1125 2236 1253 2271 ἀληθείας
1273 2233 1322 2261 καὶ
1345 2231 1516 2268 πραγμάτων
1539 2228 1629 2255 αὐτῶν
1645 2225 1811 2260 ὑποϐέϐηκε,

1017 2284 1144 2313 τοσοῦτον
1162 2283 1254 2309 ἐκεῖνα
1277 2279 1324 2307 τοῦ
1348 2278 1395 2306 νῦν
1421 2275 1674 2310 ὲξοικοδομηοέντος
1690 2272 1753 2298 ναοῦ
1773 2270 1812 2306 τῷ

1018 2330 1107 2365 πιστῷ
1129 2329 1176 2356 καὶ
1195 2327 1306 2363 μεγάλῳ
1323 2324 1428 2360 βασιλεῖ
1441 2322 1533 2359 ἡμῶν·
1551 2322 1601 2356 οὺχ
1615 2321 1655 2346 ὃτι
1669 2320 1682 2345 ὀ
1698 2319 1746 2353 μὲν
1763 2317 1812 2365 τῆς

1019 2379 1132 2415 χάριτος
1144 2377 1192 2403 καὶ
1202 2375 1249 2402 τοῦ
1263 2374 1417 2408 πνεύματος
1433 2391 1441 2402 ,
1454 2371 1489 2397 τὰ
1502 2369 1531 2396 δὲ
1543 2368 1590 2395 τοῦ
1607 2367 1690 2400 νόμου
1704 2365 1751 2391 καὶ
1766 2361 1814 2390 τοῦ

1019 2411 1195 2461 γράμματος,
1213 2421 1270 2448 ἀλλ’
1284 2421 1326 2447 ὅτι
1342 2419 1389 2446 καὶ
1409 2417 1448 2451 τῷ
1462 2416 1567 2447 κάλλει,
1578 2415 1625 2442 καὶ
1643 2414 1676 2448 τῇ
1690 2411 1757 2447 ἄλλῃ
1770 2418 1814 2436 τε-

1024 2471 1155 2508 χνουργίᾳ
1170 2470 1217 2496 καὶ
1229 2467 1373 2503 δεξιότητι,
1388 2465 1423 2492 τὰ
1434 2463 1550 2499 δεύτερα
1567 2462 1690 2498 φέρουσι.

1061 2647 1118 2675 Καὶ
1133 2646 1159 2673 τι
1173 2646 1206 2674 ἄν
1219 2654 1261 2677 τις
1273 2644 1302 2672 ὲν
1317 2642 1389 2670 οὕτω
1405 2641 1502 2678 βραχεῖ
1524 2639 1558 2666 τὰ
1581 2638 1629 2666 τοῦ
1645 2635 1816 2672 περιωνύμου

1025 2695 1155 2731 τεμένους
1176 2693 1249 2727 λόγῳ
1279 2691 1407 2726 πειρᾶται
1434 2686 1632 2724 περιέρχεσθαι
1666 2683 1815 2718 Θαύματας

1025 2729 1092 2769 ὅπου
1121 2747 1153 2773 γε
1169 2738 1224 2765 οὐδ’
1240 2737 1309 2772 αὐτὴ
1332 2738 1349 2771 ἠ
1372 2736 1433 2770 ὄψις
1449 2735 1504 2761 οὐδ’
1520 2734 1566 2760 ἐπὶ
1590 2731 1687 2767 συχνὸν
1710 2729 1816 2765 χρόνον,

1026 2786 1116 2814 καίτοι
1128 2785 1178 2817 τὰς
1191 2784 1273 2816 ἄλλας
1291 2782 1434 2818 αἰσθήσεις
1448 2780 1487 2816 τῷ
1502 2780 1581 2815 τάχει
1604 2776 1721 2805 κατόπιν
1736 2775 1819 2810 ἄγου-

859 2877 868 2893 ‘
883 2876 962 2903 Num.
986 2883 1057 2910 xxtv,
1074 2875 1100 2902 ις.
