1945 3088
132 153 186 187 573

467 151 635 184 HOMILIA.
649 151 710 182 III.
721 162 757 168 -
766 150 808 182 IN
828 147 1087 181 DEDICATIONE
1105 146 1215 178 NOVE
1231 146 1426 177 BASILICE.

1714 143 1767 175 576

132 219 178 242 σα,
206 208 395 237 ἀντιλαϐέσθαι
415 208 518 236 τούτων
543 208 669 244 οὐδαμῶς
691 208 833 244 ἐλέγχεται
856 216 922 235 κατ-

976 208 1062 239 perat,
1077 204 1136 232 haec
1147 203 1214 231 satis
1229 203 1373 238 percipere
1385 209 1466 237 posse
1486 208 1518 229 ac
1530 201 1767 236 comprehendere

132 256 274 292 ισχύουσα.
287 256 383 290 Χαίρω
398 255 464 290 γοῦν
475 254 530 289 ἐγω
543 263 574 289 γε
587 255 664 282 οὐδὲν
678 251 771 290 ἦττον,
788 254 814 280 εἰ
833 253 881 280 καὶ
893 252 924 279 τὸ

131 301 242 329 ἔλαττον
262 302 276 328 ὸ
294 300 373 335 λόγος
388 300 576 336 ἀπηνέγκατο,
593 300 610 336 ἢ
624 300 648 327 εί
664 300 710 326 καὶ
726 299 794 335 πρὸς
813 299 878 326 αὺτδ
894 298 924 325 τὸ

133 348 233 384 μέτρον
247 347 298 381 τῆς
314 346 414 378 ίκανῶς
438 346 554 382 ἐχούσης
576 345 690 381 ἀφίκετο
707 346 869 381 διηγήσεως.
885 344 922 372 Οὐ

130 392 187 428 γὰρ
200 391 250 425 τῆς
261 393 290 418 ὲν
303 391 374 427 λόγῳ
391 392 533 426 δυνάμεως
548 391 687 426 ἐπίδειξιν,
699 391 768 419 ἀλλά
783 390 814 418 τὸ
829 391 923 418 κάλλι-

131 437 195 465 στόν
209 446 239 464 τε
253 435 323 464 εἶναι
335 437 382 464 τὸν
396 437 459 464 ναδν
475 437 523 465 καὶ
537 437 706 473 ὡραιότατον
715 457 722 469 ,
741 436 789 464 καὶ
805 436 924 464 νικῶντα

131 484 231 519 νόμους
248 483 419 518 ἑκφράσεως,
439 484 613 519 παραστῆσαι
630 483 801 519 προῄρημαι.

173 575 254 603 Ἀλλά
268 584 313 611 μοι
329 573 397 610 πρὸς
411 574 441 602 σὲ
451 575 466 602 ὁ
475 574 522 602 τοῦ
536 574 616 608 λόγου
627 574 737 609 δρόμος,
747 573 791 601 τὸν
801 573 849 600 τοῦ
861 573 924 600 συλ-

131 621 211 656 λόγου
233 622 329 654 αῐτιον,
346 620 578 656 ἐπιστρεφόμενος
606 620 747 647 ἰθυνέσθω.
765 620 851 656 Χαῖρε
866 628 923 647 τοι-

131 667 245 702 γαροῦν,
258 663 280 694 ὦ
305 665 418 702 βασιλεῦ
439 665 628 702 θεωχαρίτωτε
645 666 692 693 καὶ
719 664 922 700 Θεοφιλέστατε,

131 712 181 740 καὶ
197 712 372 745 ἀνακαινίζου
389 712 441 747 τὴν
462 711 532 738 κατά
552 720 582 737 τε
606 711 686 746 σῶμα
711 710 758 737 καὶ
769 710 859 746 ψυχὴν
875 709 924 737 ἐπ’

130 758 222 795 ἐργοις
232 758 346 794 ἀγαθοῖς
361 758 495 794 ἀκμάζων
508 758 632 793 νεότητα·
645 757 693 784 τοῦ
704 765 734 784 τε
747 756 922 793 περιωνύμου

131 805 207 837 ναοῦ,
217 805 328 840 καὶτῆς
341 805 391 840 σῆς
406 804 502 840 σοφίας
515 804 603 840 ἔργων
618 804 666 832 καὶ
681 804 771 839 χειρὸς
785 803 923 839 ἑορτάζων

130 851 165 878 τά
181 851 318 886 ἐγκαίνια.
335 851 477 884 Ἕντεινε,
495 850 544 878 καὶ
560 850 736 884 κατευοδοῦ,
755 849 805 878 καὶ
830 850 923 883 ,βασί-

131 893 212 928 ξιευε.
219 896 325 925 ἕνεκεν
332 897 476 931 ἀληθείας
484 896 532 924 καί
541 897 708 931 πραότητος
716 897 764 924 καί
773 896 926 924 δικαιοσύ-

132 952 199 977 νης.
217 942 325 979 Ὀδηγετ
332 943 398 978 γὰρ,
408 943 446 975 ὡς
459 943 564 970 ἔνεστιν
581 943 645 970 ίδεϊν
664 942 801 978 ἐναργῶς,
823 942 871 969 καὶ
883 941 926 969 όδ-

135 988 235 1024 ηγήσει
249 997 278 1015 σε
293 989 310 1024 ἡ
322 988 370 1015 τοῦ
387 988 515 1023 Ὑψίστου
530 988 605 1021 δεξιὰ
611 988 661 1021 τοῦ
674 987 817 1020 κτίσαντός
830 996 870 1019 σε,
880 989 926 1016 καὶ

131 1033 163 1066 ἐξ
185 1033 275 1068 αὐτῶν
299 1034 466 1069 σπαργάνων
487 1035 527 1066 είς
554 1034 666 1069 βασιλέα
691 1034 738 1062 τοῦ
761 1034 863 1062 οἰκείου
878 1034 925 1062 καὶ

131 1081 290 1116 περιουσίου
304 1079 369 1107 λαοῦ
393 1080 547 1115 χρίσαντος.
564 1080 766 1116 Συνευφραίνου
790 1081 838 1107 καὶ
861 1089 925 1106 συν-

131 1126 307 1159 ανακαινίζου
325 1126 372 1153 καὶ¹
389 1126 481 1159 αὐτὸς,
496 1126 551 1153 τῶν
565 1126 644 1158 ὅσους
658 1126 734 1160 ἣλιος
747 1127 836 1153 ἐπεῖδε
853 1127 925 1153 Και-

132 1172 224 1207 σάρων
239 1172 271 1199 τὸ
289 1172 517 1208 ὲγκαλλώπισμα,
535 1173 617 1209 σοφίᾳ
633 1182 663 1201 τε
683 1174 730 1201 καὶ
743 1174 848 1201 συνέσει
861 1175 925 1206 τοὺς

132 1218 288 1254 ἔμπροσθεν
310 1218 534 1255 παρευδοκιμῶν·
559 1220 605 1246 καὶ
633 1221 672 1256 τῷ
697 1221 757 1256 Θείᾳ
779 1229 809 1248 σε
831 1221 923 1257 ψήφῳ,

132 1264 201 1291 ἀλλά
226 1265 263 1301 μὴ
291 1265 545 1301 σπουδαρχήσαντα,
562 1267 623 1302 μηδ’
637 1267 823 1303 ἀνθρωπίναις
845 1277 925 1303 περι-

131 1310 246 1346 δρομαῖς
261 1311 311 1347 τὴν
327 1311 494 1348 τηλικαύτην
511 1312 600 1349 ἀρχὴν
620 1312 812 1346 ἀναδέξασθαι.
825 1314 924 1341 Συνευ-

132 1357 248 1392 φραίνου
269 1359 359 1385 τοίνυν
383 1359 431 1385 καὶ
448 1359 672 1392 συνανακαινίζου
696 1359 734 1395 τῷ
758 1360 871 1396 μέτοχόν
894 1369 924 1387 σε

132 1403 327 1440 προσειληφότι
351 1405 398 1431 καὶ
423 1405 550 1432 κοινωνὸν
564 1405 614 1438 τῆς
629 1405 766 1440 βασιλείας
784 1407 831 1432 ἐπὶ
848 1408 924 1443 κοινῇ

131 1458 161 1476 τε
176 1450 300 1487 σωτηρίᾳ
316 1450 370 1478 τῶν
382 1451 554 1486 ἀρχομένων,
570 1452 617 1478 καὶ
629 1451 711 1485 ἀξίως
724 1453 773 1488 τῆς
789 1454 829 1485 είς
844 1454 925 1480 αὑτὸν

132 1496 240 1529 εὐνοίας
254 1497 303 1524 καὶ
319 1497 522 1533 ἀψευδεστάτης
538 1498 716 1533 ἀγαπήσεως.
732 1499 782 1525 Διά
801 1499 856 1535 γὰρ
875 1500 925 1535 τῆς

975 259 1087 287 prorsus
1101 251 1213 286 liqueat.
1229 249 1301 277 Nihil
1317 251 1408 284 itaque
1424 249 1530 277 minore
1542 249 1640 284 gaudio
1652 249 1765 282 alliciar,

973 305 1130 333 quanquam
1153 296 1224 324 victa
1242 296 1332 323 Oratio
1356 301 1408 328 est,
1429 303 1511 330 quam
1530 295 1552 323 si
1575 295 1618 322 illa
1640 295 1672 322 ad
1685 295 1767 330 iusta:

974 344 1085 372 modum
1102 342 1279 374 narrationis,
1304 350 1362 369 rem
1383 342 1450 370 satis
1468 348 1596 369 exsecuta
1607 347 1690 369 esset.
1706 341 1766 368 Non

974 391 1047 418 enim
1061 390 1113 418 hoc
1127 390 1219 417 animo
1232 389 1422 419 constitutum,
1438 394 1469 415 ut
1483 387 1593 415 dicendi
1605 387 1659 415 vim
1672 393 1768 415 esten--

976 441 1075 469 tarem.
1086 437 1134 464 sed
1144 440 1173 464 ut
1186 436 1318 471 templum
1330 435 1545 470 pulcherrimum
1559 442 1620 461 esse
1634 442 1666 461 ac
1679 442 1767 461 venu-

973 483 1140 513 stissimum.
1166 482 1301 518 longeque
1337 480 1532 516 descriptionis
1557 481 1630 516 leges
1656 481 1767 508 vincere

973 528 1120 564 comproba
1124 536 1180 556 rem
1186 549 1193 556 .

1009 574 1051 603 Ad
1073 579 1101 602 te
1119 574 1273 606 enimvero,
1294 574 1341 609 qui
1365 577 1518 602 conventus
1537 577 1631 600 auctor
1647 573 1766 605 exsistis,

974 628 1035 649 sese
1058 621 1191 648 orationis
1209 628 1307 648 cursus
1328 628 1409 648 verso
1424 620 1533 647 tramite
1549 619 1657 654 dirigat.
1673 620 1767 648 Gaude

973 667 1076 703 itaque,
1090 667 1238 702 imperator
1253 667 1307 694 Deo
1326 665 1482 702 gratissime
1496 673 1529 693 ac
1550 665 1765 701 religiosissime,

974 717 1002 741 et
1013 721 1146 740 renovare
1171 717 1279 748 vegeta,
1304 717 1362 739 tum
1389 719 1504 747 corpore
1520 711 1531 728 δ
1553 716 1611 739 tum
1639 706 1769 747 operibus

974 760 1064 791 bonis,
1091 759 1256 794 iuventute,
1290 759 1337 794 qui
1365 758 1536 786 celeberrimi
1571 758 1663 794 templi
1698 763 1767 786 tme-

973 814 1027 841 que
1037 805 1179 841 sapientia:
1202 813 1235 833 ac
1252 813 1359 836 manus,
1372 813 1486 840 operum
1498 805 1620 833 encmnia
1636 805 1703 841 agis.
1718 805 1767 833 ln-

976 852 1061 884 tende,
1082 860 1204 887 prospere
1217 851 1327 886 procede
1341 856 1365 878 et
1382 860 1482 886 regna;
1511 856 1618 887 propter
1629 852 1768 879 veritatem

976 904 1001 926 et
1026 898 1253 925 mansuetudinem
1275 902 1299 925 et
1314 897 1450 932 justitiam
1463 898 1485 925 '.
1507 897 1622 925 Deducit
1637 898 1720 930 enim,
1739 903 1768 925 ut

976 943 1064 979 palam
1079 942 1172 970 videre
1186 943 1250 970 licet
1263 951 1270 976 ;
1284 943 1456 977 deducetque
1475 946 1500 970 te
1513 942 1643 970 Altissimi
1655 943 1767 971 dextera

976 991 1021 1025 qui
1040 990 1143 1017 creavit
1159 994 1195 1021 te,
1210 997 1298 1024 exque
1316 989 1383 1024 ipsis
1394 989 1541 1017 cunabulis
1557 989 1584 1016 in
1604 988 1708 1024 proprii
1723 989 1765 1016 sui

975 1043 1007 1063 ac
1033 1035 1179 1070 peculiaris
1197 1035 1290 1070 populi
1310 1042 1400 1069 regem
1423 1034 1542 1061 inunxit.
1563 1034 1704 1062 (lollaatare
1734 1041 1767 1061 ac

976 1081 1079 1116 pariter
1096 1081 1230 1109 innovare
1249 1085 1277 1108 et
1291 1082 1358 1116 ipse.
1384 1088 1482 1116 nempe
1495 1080 1617 1108 omnium
1631 1089 1700 1116 quos
1717 1089 1768 1108 nn-

975 1135 1057 1163 quam
1080 1128 1120 1154 Sol
1135 1128 1250 1161 aspexit,
1266 1127 1349 1162 gloria
1371 1126 1507 1154 Cmsarum
1521 1135 1528 1160 ;
1544 1127 1644 1162 quippe
1658 1127 1767 1162 sapien-

976 1173 1020 1200 tiae
1031 1173 1110 1200 laude
1123 1180 1156 1199 ac
1165 1172 1316 1207 prudentia:
1331 1172 1481 1206 majoribus
1495 1172 1575 1207 longe
1590 1172 1766 1207 praecellens;

975 1227 1083 1254 quoque
1098 1219 1165 1246 adeo
1179 1218 1271 1245 divino
1285 1217 1424 1254 suﬂ'ragio.
1448 1223 1477 1245 at
1500 1225 1555 1245 non
1578 1218 1637 1253 ipse
1660 1218 1768 1253 imperii

975 1265 1102 1297 invidus,
1133 1272 1222 1300 neque
1250 1264 1379 1292 humanis
1404 1264 1502 1292 studiis
1536 1269 1619 1300 atque
1651 1265 1766 1299 ambitu,

975 1311 1043 1339 tanti
1056 1319 1148 1339 arcem
1165 1311 1274 1346 imperii
1301 1311 1425 1338 invadas.
1446 1310 1590 1339 Collzetare
1606 1311 1688 1347 igitur
1699 1319 1768 1338 uua-

974 1365 1027 1394 que
1040 1357 1171 1385 innovare
1186 1365 1248 1385 cum
1266 1364 1309 1391 eo,
1325 1357 1371 1392 qui
1390 1362 1416 1385 te
1427 1357 1544 1391 socium,
1560 1362 1643 1392 atque
1659 1358 1767 1393 imperii

974 1408 1130 1431 consortem
1142 1404 1175 1430 ad
1189 1403 1359 1431 subditorum
1375 1411 1548 1431 communem
1564 1404 1719 1438 utilitatem,
1735 1412 1768 1432 ac

975 1458 1025 1486 pro
1041 1458 1074 1478 eo
1091 1458 1123 1478 ac
1141 1455 1214 1477 tuam
1231 1450 1259 1477 in
1279 1458 1343 1477 eum
1360 1450 1595 1482 benevolentiam,
1610 1450 1768 1478 sincerissi-

976 1503 1108 1531 mamque
1119 1496 1300 1529 dilectionem
1317 1496 1442 1529 decebat,
1467 1497 1627 1532 assumpsit.
1649 1497 1702 1525 Per
1718 1506 1767 1525 ve-

134 1541 271 1577 ὗμετέρας
295 1542 390 1575 δυάδος
405 1543 421 1578 ἡ
439 1543 524 1579 Τριάς
545 1543 665 1576 εὐσεϐῶς
689 1543 875 1581 λατρευομένη
896 1554 924 1572 τε

977 1547 1061 1570 stram
1082 1543 1155 1569 enim
1178 1542 1295 1570 duorum
1318 1543 1476 1571 societatem
1498 1541 1620 1571 Trinitas
1634 1545 1680 1579 pie
1694 1543 1768 1571 culta

133 1588 180 1614 καὶ
195 1589 430 1625 προσκυνουμένη,
445 1589 495 1625 τὴν
511 1590 611 1625 ἑαυτῆς
624 1591 752 1626 πρόνοιαν
766 1591 806 1623 είς
821 1591 924 1624 πάντας

133 1633 288 1667 ὲξαπλοῦσά
300 1644 329 1663 τε
343 1636 390 1663 καὶ
404 1636 641 1671 διαπορθμεύουσα
650 1658 657 1670 ,
675 1637 766 1672 σοφῶς
781 1638 926 1674 πηδαλιου-

132 1681 176 1716 χεῖ
189 1680 237 1707 καὶ
252 1680 419 1717 διακυϐερνᾷ
431 1682 461 1708 τὸ
475 1681 603 1717 ὑπήκοον.

168 1726 287 1763 Χαίρετε
309 1728 356 1755 καὶ
373 1728 464 1761 ὑμεῖς,
482 1725 504 1755 ὦ
521 1730 570 1765 τῆς
587 1729 683 1764 βουλῆς
699 1729 832 1766 Πατέρες,
843 1730 925 1758 πολιά

133 1773 220 1809 σεμνὴ
236 1774 283 1801 καὶ
298 1774 448 1810 αἰδέσιμος,
465 1775 553 1810 πιστῷ
569 1776 617 1803 καὶ
635 1776 745 1812 μεγάλῳ
759 1777 864 1812 βασιλεῖ
877 1777 925 1804 καὶ

133 1818 268 1854 σεὸαστῷ,
282 1819 572 1856 συνανακαινιζὸμενοι
582 1821 714 1856 Καίσαρι,
729 1822 777 1849 τοῦ
791 1822 925 1858 περιωνύ-

134 1873 186 1900 μου
199 1864 264 1892 ναοῦ
282 1865 488 1901 συνεορτάζοντι
503 1866 537 1893 τὰ
556 1868 765 1903 ὲγκαινίσματα.
781 1869 880 1905 Χαίρει
896 1869 924 1896 δὲ

134 1912 183 1938 καὶ.
205 1911 431 1949 συνευφραίνεται
456 1914 504 1941 καὶ
528 1913 590 1940 ὅσον
615 1914 802 1950 ἱεροφαντικόν
825 1923 856 1941 τε
877 1916 926 1942 καὶ

133 1958 285 1994 ἀρχιερέων
298 1958 450 1995 πλήρωμα,
464 1961 563 1987 οἰκεῖον
577 1959 656 1992 κλέος
673 1961 721 1987 καὶ
733 1961 864 1997 καύχημα
875 1961 926 1997 τὴν

133 2003 181 2030 τοῦ
193 2003 258 2031 ναοῦ
270 2004 427 2040 ποιούμενοι
437 2004 604 2040 καθιέρωσιν
614 2013 620 2020 ·
634 2006 746 2042 χαίρετε
759 2006 788 2033 δὲ
801 2008 848 2034 καὶ
861 2015 926 2041 συγ-

133 2052 261 2086 χορεὺετε
290 2052 338 2079 καὶ
370 2052 469 2087 ὑμεῖς,
497 2048 521 2079 ὦ
549 2052 698 2080 ὑπόλοιπον
728 2053 776 2080 καὶ
803 2053 926 2088 φιλόθεον

131 2097 279 2132 ἄθροισμα,
297 2097 376 2124 ἄλλον
397 2097 512 2134 οὐρανὸν
528 2098 647 2134 ὁρῶντες
670 2099 718 2125 ἐπὶ
740 2098 793 2134 γῆς
808 2099 855 2126 τὸν
876 2100 926 2134 τῆς

132 2143 272 2177 Παρθένου
304 2143 369 2170 ναὸν
399 2145 622 2180 ἑγκαινιζόμενον
646 2147 782 2181 σήμερον·
807 2143 842 2182 ἧς
865 2147 926 2178 ταῖς

134 2186 294 2225 πρὲσὸείαις
303 2190 431 2226 τύχοιμεν
441 2190 562 2223 ἀπαντες
575 2191 623 2218 καὶ
635 2191 686 2226 τῆς
700 2192 840 2227 μακαρίας
851 2192 926 2220 ὲκεί-

977 1595 1010 1616 ac
1023 1588 1146 1621 adorata,
1160 1595 1238 1615 suam
1262 1588 1290 1615 in
1304 1596 1399 1616 omnes
1415 1589 1615 1624 providentiam
1629 1589 1768 1624 explicans

974 1639 1057 1669 atque
1079 1634 1278 1667 transmittens,
1301 1635 1441 1670 sapienter
1459 1635 1585 1664 subditos
1598 1636 1668 1672 regit
1686 1640 1768 1672 atque

975 1680 1119 1716 gubernat.

1011 1726 1066 1755 Vos
1085 1735 1195 1762 quoque
1210 1727 1336 1764 gaudete,
1360 1727 1455 1755 Patres
1477 1728 1650 1764 conscripti,
1678 1727 1769 1764 gravis

974 1779 1113 1806 senectus.
1141 1775 1266 1811 ﬁdelique
1287 1783 1318 1802 ac
1338 1783 1437 1810 magno
1455 1775 1613 1811 imperatori
1632 1777 1769 1811 Augusto-

975 1828 1030 1856 que
1050 1821 1226 1854 venerabilis,
1245 1828 1355 1856 unaque
1374 1828 1436 1849 cum
1460 1822 1579 1854 Cmsare,
1596 1821 1656 1856 pari
1670 1821 1768 1857 gaudio

975 1867 1119 1895 clarissimi
1147 1868 1240 1903 templi
1258 1868 1379 1895 encaania
1403 1868 1564 1902 celebranti,
1586 1867 1766 1896 renovamini.

976 1914 1082 1943 Gaudet
1103 1922 1169 1942 vero
1189 1919 1218 1942 et
1238 1914 1390 1942 collaetatur
1406 1919 1563 1943 sanctorum
1575 1914 1720 1942 doctorum
1735 1922 1769 1942 ac

975 1962 1167 1997 episcoporum
1176 1966 1262 1990 cmtus
1272 1961 1373 1995 omnis,
1381 1962 1428 1996 qui
1441 1961 1581 1997 proprium
1594 1961 1679 1990 decus
1686 1966 1769 1997 atque

975 2008 1088 2049 gloriam
1104 2008 1199 2045 templi
1213 2009 1447 2037 consecrationem
1464 2008 1550 2036 ducit.
1564 2007 1687 2036 Gaudete
1703 2016 1769 2036 vero

975 2055 1068 2088 etiam,
1093 2063 1126 2082 ac
1147 2063 1201 2082 una
1227 2055 1326 2083 choros
1349 2055 1451 2089 ducite,
1466 2063 1515 2083 vos
1536 2062 1647 2090 quoque
1664 2054 1769 2091 reliqua

977 2108 1010 2128 ac
1021 2101 1146 2137 religiosa
1160 2101 1250 2134 turba,
1266 2109 1328 2136 quae
1343 2101 1443 2129 cadum
1466 2101 1540 2128 aliud
1554 2101 1582 2128 in
1595 2104 1681 2135 terra,
1696 2101 1769 2136 quod

977 2147 1061 2175 hodie
1085 2147 1228 2175 dedicatur
1265 2146 1386 2183 Virginis
1406 2147 1556 2183 templum,
1577 2147 1736 2182 conspicitis
1759 2157 1766 2175 :

977 2194 1057 2229 cujus
1079 2193 1324 2222 intercessionibus
1343 2195 1447 2222 utinam
1463 2202 1559 2222 omnes
1580 2194 1663 2221 etiam
1681 2194 1769 2222 beatae

133 2244 184 2271 νης
208 2236 258 2264 καὶ
277 2236 456 2272 ἀτελευτήτου
481 2237 591 2273 χάριτος
612 2238 661 2265 καὶ
677 2238 878 2273 ἀγαλλιάσεως,
895 2240 924 2266 ὲν

978 2227 1050 2268 illius
1074 2246 1106 2267 ac
1126 2238 1287 2266 immortalis
1299 2239 1393 2274 gratiae
1407 2247 1440 2266 ac
1454 2238 1646 2266 exsultationis
1658 2246 1769 2274 compo-

134 2282 246 2319 Χριστῷ
258 2281 346 2318 Ἰησοῦ
359 2282 398 2319 τῷ
408 2283 502 2319 Κυρίῳ
514 2283 604 2320 ἡμῶν,
618 2293 642 2319 ῳ
652 2284 670 2320 ἡ
680 2284 743 2318 δόξα
756 2286 804 2313 καὶ
816 2285 847 2313 τὸ
857 2285 925 2322 κρά-

134 2335 192 2362 τος,
207 2327 255 2355 νῦν
272 2329 319 2356 καὶ
330 2328 385 2362 ἀεὶ,
398 2329 446 2356 καὶ
463 2329 505 2362 είς
519 2329 583 2362 τοὺς
595 2329 710 2363 αἰῶνας.
718 2331 816 2367 Ἀμήν.

169 2459 182 2476 ⁵
197 2459 267 2490 Psal.
281 2469 331 2496 cu,
346 2462 373 2492 5.
410 2463 422 2480 '
438 2464 510 2494 Psal.
526 2473 599 2499 κων,
612 2465 639 2494 5.

978 2290 1019 2313 tes
1041 2284 1204 2318 elliciamur;
1219 2284 1247 2312 in
1266 2284 1376 2312 Christo
1387 2284 1454 2311 Jesu
1468 2283 1585 2312 Domino
1599 2288 1706 2316 nostro,
1723 2284 1767 2312 cui

977 2330 1062 2366 gloria
1074 2335 1102 2359 et
1119 2330 1276 2367 imperium,
1296 2338 1380 2364 nunc,
1396 2334 1424 2358 et
1438 2338 1558 2366 semper,
1577 2334 1604 2358 et
1618 2330 1645 2358 in
1657 2330 1766 2358 saecula.

977 2377 1076 2406 Amen.
