1945 3088
171 152 226 184 ὗ75
760 150 888 182 ΡΗΟΤΙΙ
911 149 976 178 ΡΛἸ

1031 146 1162 176 Λίὶίῖ11;Ε
1179 146 1233 176 CP.

966 223 1010 252 ιν.

719 304 843 332 SANCTI
859 301 1044 330 ATllANASlI
1066 300 1258 328 ENCOMIUM.

175 456 285 484 P/IoIius
302 455 512 489 archiepiscopus
526 451 845 489 Constantinopqiitanus,
862 450 965 489 adfra-

1031 449 1132 489 We”
1170 440 1807 489 ᾷρκίίπισκίῖπξοῖθΈωζστῗῖτίῖἰουίτέῇεῗῖέ

211 497 277 518 [rem
288 499 365 517 suum
390 486 541 519 Taraiium.
567 489 598 515 de
618 487 779 514 sermonibus
797 486 885 519 magni
899 487 968 511 inter

211 532 316 554 sanctos
326 526 470 563 1Athanasii
488 523 661 551 Alexandriae
676 521 866 556 archiepiscopi
883 521 931 556 (6).

214 604 274 638 ilic,
289 604 389 640 inquit,
408 608 436 632 et
450 603 479 631 'm
501 603 675 631 sermonibus
703 602 806 637 ubique
825 601 966 629 locutione

178 652 269 679 clarus
281 655 333 683 est,
349 650 441 678 brevis
455 654 482 677 et
494 649 624 685 simplex:
638 653 734 676 acutus
748 652 838 675 tamen
853 647 969 681 etaltus,

180 702 209 725 et
224 696 510 732 argumentationibus
547 695 661 723 omnino
689 695 849 726 vehemens,
877 697 907 721 et
941 693 970 720 in

181 744 224 771 his
240 748 314 771 tanta
330 744 452 776 ubertas,
467 747 497 770 ut
511 741 678 770 admirabilis
694 742 739 769 sit.
755 740 862 776 Logicis
879 745 971 768 autem

181 791 318 818 methodis
340 790 407 818 nihil
427 789 555 822 tenuiter,
571 789 823 824 nihiljuveniliter,
838 792 869 815 ut
893 786 971 823 pueri

181 842 210 865 et
225 837 318 870 rudes,
339 837 389 865 sed
415 836 613 872 philosophice,
639 836 686 864 sed
710 835 854 872 magniﬁce
874 835 969 863 utitur.

181 883 385 918 Scripturarum
402 883 567 911 testimoniis
580 890 613 910 ac
639 881 918 910 demonstrationibus
937 881 973 908 ad

180 930 419 957 conﬁrmationem
434 929 620 957 communitus
637 933 689 960 est,
711 933 739 955 et
753 929 781 955 in
804 927 898 962 primis
913 935 972 954 ser-

183 984 227 1003 mo
242 975 286 1003 ille
301 979 396 1002 contra
412 974 528 1010 gentiles
542 979 570 1002 et
581 974 627 1010 qui
652 974 685 1002 de
712 973 881 1001 humanitate
891 972 973 1000 Verbi

186 1022 230 1049 Dei
256 1021 365 1049 habitus
378 1025 421 1048 est
432 1042 440 1054 ,
456 1020 576 1056 quinque
590 1020 618 1047 in
634 1020 730 1049 Arium
750 1019 822 1051 libri.
837 1018 884 1054 qui
894 1026 973 1046 reve-

183 1075 213 1095 ra
231 1072 295 1095 sunt
311 1067 401 1094 omnis
433 1067 569 1095 haereseos
599 1071 748 1102 troporum,
785 1065 832 1093 sed
865 1065 974 1093 Arianae

184 1114 366 1149 potissimum.
386 1113 418 1141 Et
433 1113 456 1141 si
476 1113 540 1148 quis
565 1112 722 1148 theologum
753 1111 924 1147 Gregorium,
946 1114 974 1138 et

182 1161 307 1189 divinum
334 1161 463 1189 Basilium
488 1161 592 1189 diceret
613 1168 647 1188 ex
671 1160 725 1187 hoc
750 1159 820 1186 libro
845 1163 972 1193 tanquam

183 1206 259 1233 fonte
287 1206 405 1242 quodam
423 1206 594 1238 haurientes,
617 1203 750 1232 orationis
763 1211 819 1231 suae
844 1202 973 1238 pulchros

183 1259 216 1278 ac
240 1252 394 1287 perIucidos
406 1256 502 1279 contra
521 1258 643 1278 errorem
655 1249 770 1277 fundere
788 1248 896 1281 ﬂuvios,
918 1255 973 1275 non

183 1298 246 1331 erit,
262 1302 291 1326 ut
311 1298 441 1330 arbitror,
467 1297 587 1333 procula
601 1295 850 1324 verisimilitudine.
867 1294 974 1329 Scripta

184 1346 248 1371 sunt
266 1348 357 1370 autem
372 1343 406 1370 ab
417 1351 459 1376 eo,
472 1347 500 1370 et
512 1342 538 1369 in
556 1341 747 1369 Ecclesiastem
766 1340 974 1373 commentaria,

183 1393 212 1417 el.
229 1389 256 1416 in
275 1388 389 1417 Cantico
407 1389 589 1422 canticorum,
606 1388 645 1415 sic
658 1391 686 1415 et
701 1386 728 1414 in
747 1386 920 1418 Psalterium,
947 1390 976 1414 et

184 1435 212 1462 in
225 1435 277 1463 alia
294 1436 391 1462 multa.
414 1434 505 1463 Gratia
529 1439 619 1462 tamen
640 1438 667 1461 et
677 1438 775 1460 ornatu
808 1440 872 1460 vere
883 1433 975 1460 excel-

185 1480 246 1507 lunt
277 1487 418 1508 sermones
443 1484 539 1508 contra
560 1479 768 1515 Apollinarium,
790 1484 817 1506 et
830 1479 952 1514 epistola:
967 1498 975 1512 ,

183 1530 318 1561 Quotquot
329 1526 389 1561 ejus
403 1526 609 1554 excusationem
625 1526 779 1554 continent.

1054 484 1129 517 πρὸς
1152 475 1309 510 toil-"i610?
1332 479 1475 517 ἀδελφὸν.
1489 477 1652 517 Ταρᾴᾳιον,
1667 475 1736 517 περὶ
1750 476 1810 517 τῷν

1054 511 1154 553 λῖίγὼν
1170 518 1223 545 τοῦ
1241 517 1275 543 ἐν
1289 516 1383 553 ἁγίοις
1401 511 1535 553 itm-{ilco
1559 512 1740 540 Ἀθανασίου
1755 511 1808 546 ἀρ-

1055 550 1253 589 χιέπίσκόπου
1279 550 1516 584 Ἀλεξανδρείας.

1062 601 1106 628 Ἐν
1129 597 1181 632 οἷς,
1206 599 1299 634 φησὶν,
1320 598 1361 624 ὅτι
1376 596 1464 632 σαφὴς
1481 595 1531 632 μέν
1553 595 1610 621 ἔστι
1633 593 1682 630 τὴν
1699 592 1809 629 φράσιν,

1020 647 1116 682 ὥσπερ
1130 644 1288 680 ἁπανταχοῦ
1312 643 1365 670 ’τῶν
1382 642 1470 677 λόγων
1489 640 1583 673 αὑτοῦ,
1601 640 1649 667 καὶ
1665 639 1810 675 ἀπέριττός

1020 694 1069 722 καὶ
1094 692 1197 728 ἀφελής
1212 700 1219 708 ·
1248 690 1345 727 δριμὺς
1363 689 1392 716 δὲ
1410 688 1458 716 καὶ
1479 687 1582 724 βαθὺς,
1603 686 1651 714 καὶ
1675 685 1735 712 λίαν
1753 686 1811 717 τοῖς

1021 739 1234 775 ἐπιχειρήμασιν
1251 736 1359 768 εὔτονος
1372 743 1379 750 ·
1394 735 1442 762 καὶ
1455 734 1486 761 τὸ
1509 733 1621 768 γόνιμον
1638 732 1667 759 δὲ
1684 730 1765 759 αὑτοῦ
1782 731 1812 757 ὲν

1021 785 1126 817 τούτοις
1139 784 1234 820 ἡλίκον
1242 783 1315 814 ὅσον,
1326 781 1405 817 φησὶ,
1412 780 1574 816 θαυμάσιον.
1582 779 1713 814 Λογικαῖς
1721 787 1751 805 τε
1761 777 1813 814 [sic

1022 841 1072 860 ms.
1085 833 1213 866 interpres
1231 830 1334 857 videtur
1345 828 1436 863 legisse
1450 826 1490 864 δὲ]
1507 825 1640 862 μεθόδοις,
1654 824 1685 851 οὗ
1706 833 1733 851 τι
1762 833 1812 858 γυ-

1024 879 1100 916 μνῶς
1115 879 1164 906 καὶ
1181 876 1383 915 μειρακιωδῶς,
1395 875 1488 910 ὥσπερ
1497 874 1522 901 οἱ
1534 874 1627 905 παῖδες
1637 873 1684 901 καὶ
1697 873 1814 909 ἀρειμα-

1023 927 1090 959 θείς,
1106 925 1174 954 ἀλλὰ
1192 924 1345 959 φιλοσόφως
1364 931 1393 949 τε
1408 922 1454 949 καὶ
1472 918 1689 956 μεγαλοπρεπῶς
1708 917 1812 946 ἀποκέ-

1024 980 1134 1008 χρηται.
1159 970 1312 1006 Γραφικαῖς
1332 976 1362 994 τε
1387 966 1551 1002 μαρτυρίαις
1573 965 1622 992 καὶ
1643 963 1813 996 ἀποδείξεσιν

1023 1020 1064 1051 είς
1075 1019 1105 1046 τὸ
1116 1016 1249 1053 καρτερὸν
1263 1014 1471 1050 κατωχύρωται·
1486 1013 1533 1039 καὶ
1542 1011 1659 1047 μάλιστά
1673 1018 1703 1044 γε
1717 1010 1731 1036 ό
1743 1009 1814 1036 κατὰ.

1031 1065 1182 1100 Ἑλλήνων,
1197 1063 1211 1090 ὅ
1226 1071 1256 1090 τε
1272 1061 1336 1096 περὶ
1356 1060 1406 1095 τῆς
1429 1057 1653 1093 ὲνσωματώσεως
1677 1055 1725 1083 τοῦ
1745 1054 1814 1081 Θεοῦ

989 1127 1012 1158 Β
1026 1111 1111 1145 Λόγου
1130 1109 1275 1145 εἰρημένος
1286 1129 1293 1141 ,
1313 1107 1360 1133 καὶ
1374 1107 1390 1142 ἡ
1410 1105 1480 1132 κατὰ
1504 1103 1609 1139 Ἀρείου
1624 1100 1813 1132 πεντὰὃιὸλος.

1024 1158 1155 1194 τρόπαιον
1170 1154 1236 1183 οὖσα
1249 1153 1321 1182 κατὰ
1334 1153 1425 1188 πάσης
1443 1152 1493 1187 μὲν
1510 1151 1652 1187 αἱρέσεως,
1667 1147 1815 1183 ἐξαιρέτως

1023 1193 1051 1232 at
1066 1204 1115 1240 τῆς
1133 1203 1287 1239 Ἀρειανῆς.
1302 1200 1358 1227 Καὶ
1369 1199 1447 1231 εἴτις
1458 1199 1502 1225 τὸν
1518 1196 1641 1230 θεολόγον
1653 1193 1815 1230 Γρηγόριον,

1024 1251 1071 1278 καὶ
1085 1251 1132 1278 τὸν
1147 1249 1218 1276 θεῖον
1238 1247 1378 1275 Βασίλειον
1390 1266 1397 1277 ,
1414 1246 1446 1272 ὲκ
1459 1244 1562 1279 ταύτης
1578 1243 1672 1278 ὥσπερ
1690 1240 1744 1268 ἀπὸ
1760 1248 1814 1273 πη-

1024 1298 1075 1333 γῆς
1091 1295 1282 1332 ἀρυσαμένους
1296 1294 1363 1329 φαίη
1378 1294 1428 1328 τῆς
1444 1290 1535 1326 βίϐλου
1549 1289 1614 1321 τοὺς
1626 1287 1726 1318 καλοὺς
1741 1284 1816 1333 btet-

1024 1331 1086 1375 νους
1101 1331 1147 1370 διαὶ
1162 1341 1284 1376 διαυγεῖς
1299 1340 1354 1367 τῶν
1370 1338 1477 1366 οίκείων
1490 1337 1578 1371 λόγων
1595 1334 1667 1362 κατὰ
1680 1334 1729 1367 τῆς
1746 1331 1817 1359 πλά-

1024 1398 1072 1425 νης
1088 1388 1182 1424 ῥεῦσαι
1197 1386 1349 1422 ποταμοὺς,
1359 1385 1409 1411 οὐκ
1420 1383 1464 1417 ἂν,
1475 1383 1562 1418 οἶμαι,
1573 1380 1686 1416 σφαλείη
1702 1378 1748 1406 τοῦ
1763 1387 1818 1405 πα-

1025 1424 1205 1473 ραδείγματος
1216 1442 1223 1450 '
1241 1433 1388 1468 πεποίηται
1401 1431 1430 1458 δὲ
1450 1429 1535 1464 αὐτῷ,
1555 1428 1635 1464 φησὶ,
1651 1426 1699 1454 καὶ
1714 1426 1757 1473 εἰς
1771 1424 1818 1450 τὸν

1031 1480 1262 1518 Ἑκκλησιαστὴν,
1288 1479 1335 1506 καὶ.
1363 1479 1402 1509 είς
1429 1477 1461 1504 τὺ
1485 1474 1582 1511 Ἀσμα
1608 1473 1663 1501 τῶν
1687 1472 1818 1509 ᾀσμάτων

1026 1528 1229 1564 ὑπομνήματα,
1246 1525 1341 1561 ὥσπερ
1365 1524 1412 1551 καὶ
1428 1523 1468 1554 είς
1489 1522 1534 1549 τὸν
1557 1521 1692 1556 Ψαλτῆρα.
1702 1540 1710 1551 ,
1726 1518 1774 1545 καὶ
1789 1519 1819 1544 ὲν

185 1573 290 1609 ἑτέροις
306 1573 423 1605 πολλοῖς.
445 1574 493 1606 Είς
511 1574 560 1609 μὲν
581 1573 632 1610 τὴν
653 1573 734 1609 χάριν
751 1573 797 1600 καὶ¹
813 1574 844 1601 τὸ
864 1575 978 1611 κάλλος,
1013 1575 1135 1612 ἀτεχνῶς
1159 1573 1334 1609 διαφέρουσιν
1370 1572 1396 1599 ot
1420 1571 1491 1598 κατὰ
1523 1568 1715 1604 Ἀπολιναρίου
1744 1566 1819 1600 λόγοι

185 1621 235 1648 καὶ
257 1620 311 1648 τῶν
331 1621 501 1657 ἐπιστολῶν,
521 1622 581 1649 ὅσαι
602 1621 652 1658 τὴν
666 1621 815 1657 ἀπολογίαν
834 1624 908 1659 αὐτῷ
925 1625 976 1660 τῆς
995 1625 1085 1660 φυγῆς
1098 1623 1283 1659 περιέχουσιν.

946 1691 1063 1722 NOTAE.

223 1755 261 1789 (6)
277 1754 391 1782 Photius
401 1754 429 1782 in
445 1753 609 1782 Bibliotheca
624 1762 672 1783 sua
683 1754 761 1789 cujus
771 1755 823 1781 hoc
836 1753 974 1790 fragmen-

187 1794 245 1817 tum
262 1789 367 1825 optimo
382 1790 427 1817 illo
452 1791 692 1825 vetustissimoque
717 1789 901 1818 Athanasium)
926 1797 973 1816 co-

186 1825 259 1857 dice.
271 1826 319 1861 qui
336 1830 378 1854 est
391 1826 543 1854 Academiae
566 1826 736 1859 Basileensis,
762 1825 903 1861 praeﬁxum
931 1828 974 1852 est

194 1914 1644 1933 mw?

1028 1753 1143 1782 totidem
1159 1752 1251 1780 verbis
1269 1761 1276 1779 :
1298 1752 1418 1787 illudque
1430 1751 1485 1786 jam
1500 1750 1595 1787 olim_a
1613 1749 1692 1787 Petro
1703 1745 1821 1787 Nannio,

1028 1789 1074 1824 qui
1106 1789 1202 1816 eodem
1229 1787 1324 1815 codice
1352 1782 1488 1819 usus'est,
1505 1785 1545 1813 sic
1565 1784 1661 1812 Latine
1685 1782 1822 1811 redditum

1026 1823 1175 1853 est.—Cf.
1193 1824 1255 1852 eod.
1271 1824 1333 1851 HO.
1739 1841 1748 1850 .

1710 1907 1818 1923 _._=.

831 2007 1191 2075 CARMINA

825 2261 1190 2315 STlCHEBON

544 2371 578 2400 ΙΝ
598 2371 760 2400 SANCTUM
779 2369 985 2398 METHODIUM
1005 2367 1469 2397 CONSTANTINOPOLITANUM.

669 2441 814 2478 (BOLLAND.
831 2440 896 2466 Acta
909 2439 1042 2471 Sanctam
1059 2437 1132 2466 Junii
1144 2443 1164 2466 t.
1177 2438 1210 2471 ll,
1225 2446 1251 2474 p.
1264 2437 1340 2473 960.)

226 2577 268 2606 Ad
279 2577 413 2613 Vesperas
428 2577 499 2605 inter
518 2576 571 2604 alia
585 2575 698 2612 ponitur
711 2582 743 2602 ex
761 2573 888 2601 Oetaea/io
900 2574 1038 2602 Slicheron
1050 2581 1098 2602 seu
1114 2572 1273 2605 Versiculus,
1285 2571 1320 2599 ad
1338 2570 1463 2600 mod'ulos
1474 2569 1547 2599 tertii
1569 2570 1626 2599 toni
1642 2569 1791 2602 canendus,

738 2639 867 2670 tanquam
879 2644 972 2671 poema
995 2635 1084 2663 Pliolii
1094 2634 1273 2670 {patriam/ue.

226 2719 336 2748 Festive
348 2718 429 2747 hodie
442 2723 558 2746 ornatur
580 2717 627 2745 Dei
641 2717 774 2750 Ecclesia,
804 2722 832 2745 et
847 2717 987 2745 exsultans
1001 2727 1023 2758 ο

192 2769 292 2794 clamat
309 2775 315 2793 :
331 2765 465 2793 Illustrata
477 2769 519 2793 est
531 2764 704 2800 pulchritudo
712 2771 771 2791 mea
780 2772 863 2799 super
874 2771 988 2791 omnem

193 2813 330 2840 civitatem
351 2821 358 2838 :
376 2819 440 2840 ecce
455 2812 529 2839 enim
557 2810 783 2845 arehiprmsulum
798 2817 903 2845 gemma
917 2817 986 2845 prze-

193 2858 276 2890 clara,
295 2858 429 2892 gloriosus
458 2857 624 2890 lllethodius,
650 2856 703 2884 iter
726 2856 758 2884 ad
783 2856 867 2884 cmlos
888 2855 986 2884 tenuit.

195 2903 272 2938 Agite
286 2910 350 2938 ergo
366 2903 426 2931 festi
447 2903 530 2938 huius
554 2909 700 2935 amatores,
727 2905 813 2930 coctus
827 2901 987 2929 orthodoxe-

1075 2715 1256 2750 Εὐφροσύνως
1271 2714 1391 2749 σήμερον
1404 2713 1422 2747 ἡ
1443 2711 1591 2748 Ἐκκλησία
1603 2709 1650 2738 τοῦ
1664 2710 1732 2737 Θεοῦ
1744 2708 1832 2736 στολίσ

1039 2761 1126 2794 ζεται,
1141 2760 1312 2794 ἀγαλλομένη
1329 2757 1525 2794 κραυγάζουσα
1540 2765 1548 2773 ·
1568 2755 1761 2792 Ἐλαμπρύνθη
1779 2763 1832 2790 μου

1038 2806 1070 2832 τὸ
1085 2804 1181 2836 κάλλος
1197 2804 1267 2839 ὑπὲρ
1278 2804 1369 2830 πΞσαν
1382 2803 1469 2829 πόλιν·
1483 2802 1537 2829 ἰδοὺ
1550 2801 1604 2837 γὰρ
1613 2801 1668 2828 τῶν
1681 2801 1833 2836 ἀρχιερέων

1039 2852 1069 2879 τὸ
1085 2852 1157 2886 μέγα
1173 2851 1325 2885 κειμήλιον,
1341 2851 1356 2877 ὁ
1372 2849 1475 2883 ἔνδοξος
1492 2848 1623 2880 Μεθόδιος
1633 2868 1640 2879 ,
1654 2847 1704 2883 τὴν
1719 2847 1834 2884 πορείαν

1043 2899 1109 2934 πρὸς
1125 2898 1239 2933 οὐρανὸν
1253 2898 1408 2932 ἐποιήσατο.
1426 2895 1507 2923 Δεῦτε
1528 2893 1575 2922 οὖν
1587 2914 1595 2927 ,
1611 2894 1759 2930 φιλέορτοι,
1778 2895 1835 2922 τῶν
