1945 3088
129 129 174 161 577
842 130 1026 160 (ᾺΙὶΜΙΝΛ.
1702 126 1755 159 578

128 185 269 222 ὀρθοδόξων
292 186 323 213 eo
341 186 478 222 σύστημα.
505 186 757 223 χοροστατήσαντες
786 187 845 223 ἅμα
863 187 896 223 τὴ

988 195 1036 219 im,
1055 187 1208 222 chorosque
1234 185 1314 213 simul
1331 185 1423 212 ducite
1449 184 1552 213 cireum
1575 190 1678 216 arcam,
1707 190 1756 210 cu-

129 231 197 259 θεὶαν
211 231 350 267 λάρνακα,
368 233 490 266 ἰαμάτων
508 231 680 267 πλημμύραν
699 232 828 263 λαϐόντες
844 241 897 267 παρ

986 233 1100 260 itionum
1117 232 1230 268 gratiam
1245 231 1308 258 inde
1343 230 1527 258 exundantem
1555 229 1754 265 suscipientes:

129 276 219 312 αὐτῆς,
233 276 398 312 ίκετεὺωμεν
412 276 578 311 αἰτήσασθαι
592 277 711 312 Χριστὸν
723 278 769 304 τὸν
781 277 849 304 Θεὸν
863 286 897 305 τοι

985 287 1109 307 rccemur
1120 285 1210 306 autem
1225 283 1255 305 ut
1269 276 1509 305 exoretChristum
1524 276 1608 304 Deum
1617 280 1753 308 nostrum.

130 323 255 359 ρυσθῆναι
270 323 320 359 τὴν
334 323 497 359 οἰκουμένην
509 323 564 350 ἀπὸ
577 324 669 359 πάσης
684 324 828 360 αἱρέσεως.

967 331 1104 362 quatenus
1129 325 1287 353 universum
1306 323 1404 351 liberet
1416 323 1450 351 ab
1470 323 1544 351 omni
1562 322 1670 351 haeresi.

796 534 1084 581 MONITUM

688 635 721 664 IN
747 635 838 663 ΤΒΕὸ
862 636 954 664 ODAS
978 634 1195 668 SEQUENTES.

617 715 698 751 (Ang.
716 714 768 742 ΜΑι
785 714 914 747 Scriptor.
929 718 981 740 vet.
1003 717 1069 741 tom.
1086 712 1108 747 l,
1129 720 1157 748 p.
1178 712 1268 748 mu.)

161 860 250 889 Photii
265 861 324 890 odze
337 866 392 890 tres
400 862 476 890 suavi
487 863 608 891 carmine
616 863 735 899 scriptae,
746 862 889 890 mediocris
903 862 1076 898 prolixitatis,
1094 867 1203 890 exstant
1219 862 1246 890 in
1258 866 1348 889 vetere
1356 861 1450 890 codice
1462 861 1682 890 Barberiniorum
1697 861 1762 894 246,

129 909 246 944 itemque
277 909 305 937 in
327 910 388 946 ejus
400 911 504 938 recenti
527 911 695 947 apographo,
714 912 786 938 inter
805 911 920 938 aliorum
942 916 1084 938 auctorum
1118 911 1188 938 bene
1222 911 1324 938 multos
1354 910 1500 944 multaeque
1523 910 1662 945 elegantia:
1686 909 1764 937 Grav-

129 961 172 982 cns
183 954 309 990 hymnos,
324 963 440 991 quorum
453 955 472 983 ii
495 956 591 983 saltem
611 956 658 991 qui
677 964 783 984 morum
811 956 947 983 honestati
969 963 1024 983 non
1054 956 1164 987 obsunt,
1189 955 1260 982 haud
1286 955 1389 982 diutius
1402 955 1428 982 in
1457 955 1576 982 tenebris
1605 955 1762 982 continendi

132 1001 273 1035 Videntur,
288 1010 377 1038 neque
391 1003 584 1031 sinendutmut
596 1003 688 1031 Photii
699 1010 808 1038 quoque
827 1010 906 1030 musa
923 1011 985 1030 cum
1015 1003 1059 1030 his
1087 1002 1170 1029 invita
1186 1002 1275 1029 sileat.
1295 1001 1353 1028 lmo
1372 1009 1438 1029 vero
1453 1002 1518 1029 odas
1540 1001 1630 1028 Photii
1664 1008 1764 1028 novem

129 1055 194 1074 mss.
210 1048 318 1084 collegii
329 1049 401 1084 apud
418 1049 509 1077 Gallos
535 1050 738 1077 Claroruontani
755 1049 892 1077 exstitisse
919 1049 958 1077 ait
989 1049 1114 1076 Labbcus
1140 1048 1207 1075 Νου.
1231 1048 1356 1089 Biblioth.
1382 1056 1483 1083 τηειρ.
1507 1048 1569 1075 159.
1588 1047 1678 1075 Photii
1707 1053 1764 1075 tres

128 1095 181 1122 illa:
195 1095 255 1123 od;e
276 1097 327 1124 sub
351 1097 456 1125 codicis
471 1097 658 1125 Barberiniani
690 1097 742 1125 ﬁne
763 1097 891 1133 leguntur

996 1104 1048 1124 ‘um
1066 1097 1152 1131 prima
1180 1100 1222 1123 est
1236 1096 1268 1121 ἐκ
1291 1095 1439 1130 προσώπου
1463 1094 1605 1121 Βασιλείου
1632 1095 1764 1121 δεσπότου

126 1143 159 1169 ad
172 1143 280 1177 Deum;
300 1144 328 1171 in
339 1152 372 1172 ea
391 1145 496 1172 scilicet
508 1144 630 1179 loquitur
643 1145 702 1179 ipse
713 1144 839 1172 Basilius.
855 1144 894 1170 All

992 1153 998 1170 ι
1013 1143 1159 1179 προσώπου
1176 1142 1226 1177 τῆς
1245 1142 1410 1176 Ἐκκλησίας
1424 1143 1465 1174 εἰς
1479 1142 1619 1168 Βασίλειον
1639 1141 1760 1177 φιλόχρι-

128 1198 189 1217 στον
203 1188 333 1224 βασιλέα;
351 1190 471 1218 Ecclesia
487 1191 617 1218 nimirum
636 1191 785 1226 alloquitur
798 1192 896 1227 imper:

997 1212 1003 1218 .
1016 1190 1109 1218 Tertia
1127 1190 1179 1218 ode
1192 1189 1402 1224 ὲγκωμιαστικὴ
1413 1189 1453 1221 εις
1467 1189 1609 1216 Βασίλειον
1627 1189 1673 1215 τὸν
1690 1188 1765 1223 φιλό-

129 1245 239 1272 χριστον
260 1236 404 1272 δεσπότην.
421 1237 597 1265 Notissimum
609 1243 662 1269 est.
678 1238 806 1266 Photium
819 1238 904 1274 gratia
918 1238 990 1274 apud
1004 1237 1133 1264 Basilium
1150 1237 1341 1271 imperatorem
1357 1235 1493 1268 ﬂoruisse,
1505 1235 1547 1262 cui
1564 1235 1647 1262 etiam
1663 1234 1769 1270 rcgianr

130 1291 259 1311 coronam
273 1284 391 1312 sumenti
411 1293 502 1312 sacras
518 1293 615 1320 preces
632 1285 758 1320 prazivit;
774 1293 836 1312 mox
854 1286 889 1313 ab
904 1286 1001 1313 eodem
1013 1286 1042 1312 in
1053 1284 1179 1312 exsilium
1197 1288 1288 1311 actum
1305 1283 1401 1311 fuisse.
1421 1282 1571 1317 Utramque
1599 1290 1656 1309 rem
1671 1285 1766 1309 narrat

128 1327 209 1354 ctiam
221 1328 395 1356 Hamartolus
409 1329 436 1356 in
458 1329 589 1357 Vaticano
602 1330 696 1358 codice
711 1330 842 1363 ineditus,
855 1338 896 1366 pag

997 1330 1012 1358 b
1026 1339 1032 1358 :
1059 1330 1089 1356 Ὀ
1105 1329 1242 1360 Βασίλειος
1255 1331 1287 1356 ὲκ
1299 1329 1348 1364 τῆς
1365 1328 1462 1356 ἑαυτοῦ
1476 1327 1599 1363 κεφαλῆς
1610 1327 1640 1354 τὸ
1656 1328 1765 1363 στέμμα

127 1372 263 1408 ἀράμενος
273 1374 372 1401 δέδωκε
386 1375 481 1411 Φωτίῳ
496 1376 535 1411 τῷ
545 1376 720 1413 πατριάρχῃ·
737 1377 785 1403 καὶ
799 1376 956 1411 εἰσαγαγὼν
972 1377 1053 1403 αὑτὸν
1065 1377 1094 1403 ἐν
1107 1377 1141 1412 τῇ
1156 1375 1223 1412 ἁγίᾳ
1235 1376 1371 1411 τραπέζῃ,
1387 1375 1516 1410 ἐποίησεν
1526 1375 1609 1410 εὐχὴν
1625 1373 1668 1400 ἐπ’
1679 1374 1765 1409 αὐτῷ.

127 1434 163 1440 -
182 1419 212 1447 '0
229 1420 257 1447 δὲ
269 1421 443 1458 πατριάρχης
453 1423 484 1449 τδ
500 1424 611 1459 στέμμα
627 1423 780 1459 ἐξενεγκὼν
796 1424 836 1458 τῷ
849 1424 956 1460 βασιλεῖ
968 1424 1116 1451 ἐπιδέδωκε
1128 1432 1135 1439 '
1149 1424 1197 1451 καὶ
1211 1423 1266 1450 τῶν
1277 1423 1429 1458 σκήπτρων
1456 1422 1606 1453 πεσόντων.
1632 1421 1669 1453 ὡς
1693 1420 1765 1452 ἔθος,

128 1463 241 1502 ἔστεψεν
255 1468 269 1494 ὁ
285 1468 397 1504 Μιχαὴλ
409 1469 456 1496 τὸν
469 1470 622 1497 Βασίλειον.
637 1470 747 1498 Palrata
759 1471 859 1498 deinde
885 1470 896 1498 Ε

999 1470 1028 1498 lis
1062 1469 1235 1506 imperatoris
1262 1469 1346 1501 caede,
1378 1468 1467 1504 pergit
1481 1468 1574 1496 dicere
1594 1467 1767 1495 Hamartolus

130 1520 159 1547 p.
177 1513 231 1541 201
245 1514 264 1541 b
281 1522 288 1541 :
305 1514 359 1541 Τοῦ
375 1514 518 1543 Βασιλείου
535 1518 564 1544 ὲν
576 1518 610 1552 τῇ
627 1517 763 1554 ἐκκλησίᾳ
775 1517 909 1551 ἐλθόντος,
927 1517 1038 1553 καὶτῆς
1050 1517 1185 1553 ἀχράντου
1200 1515 1296 1548 θυσίας
1313 1515 1475 1551 μεταλαϐεῖν
1489 1513 1676 1550 βουληθέντος,
1688 1514 1703 1540 ὀ
1713 1521 1768 1540 πα-

128 1559 262 1596 τριάρχης
281 1562 384 1594 Φώτιος
395 1563 446 1598 τῆς
461 1562 537 1595 θείας
546 1563 629 1590 αὑτὸν
644 1565 761 1600 ἀπεῖργε
782 1563 970 1600 μεταλήψεως,
985 1563 1148 1599 ἀνδροφόνον
1161 1562 1306 1590 ἀποκαλῶν
1317 1563 1364 1589 καὶ
1376 1561 1478 1598 λῃστὴν
1490 1561 1538 1588 καὶ
1549 1562 1603 1588 τῶν
1625 1560 1768 1596 ὰχράντων

132 1606 294 1641 μυστηρίων
308 1607 417 1640 ἀνάξιον
429 1616 436 1623 ·
452 1608 496 1643 ἐφ’
509 1605 549 1640 οἷς
565 1608 705 1644 θυμωθεὶς
718 1611 733 1636 ὁ
747 1609 899 1642 Βασίλειος,
911 1610 943 1636 ὲκ
967 1608 1077 1644 Ῥώμης
1091 1608 1261 1640 ἐπισκόπους
1280 1607 1369 1634 ἐλθεῖν
1383 1607 1586 1642 παρεσκεύασε,
1605 1606 1689 1642 τόμον
1703 1607 1768 1633 ὲπι-

130 1652 298 1686 φερομένους
310 1652 358 1679 τοῦ
376 1653 467 1686 πάπα,
479 1654 527 1681 καὶ
541 1654 591 1682 τοῦ
606 1654 808 1691 πατριαρχικοῦ
824 1654 922 1690 θρόνου
935 1652 1030 1681 τοῦτον
1045 1653 1193 1689 ἐξώθησεν,
1215 1654 1346 1689 Ἰγνάτιον
1360 1653 1391 1681 δὲ
1415 1653 1462 1681 τὸν
1482 1654 1512 1680 ἐν
1527 1653 1617 1687 ἁγίοις
1632 1651 1770 1687 πατριάρ-

130 1704 181 1731 χην
193 1697 402 1733 προεχειρίσατο
412 1699 443 1726 τὸ
458 1699 596 1736 δεύτερον.
612 1701 735 1735 Utroque
749 1700 897 1728 Hamartoli

1003 1701 1071 1728 titur
1085 1699 1208 1728 Zonaras
1219 1709 1275 1732 xw,
1288 1701 1315 1734 7,
1331 1701 1364 1728 8:
1380 1705 1408 1728 et
1422 1701 1543 1728 secundo
1556 1700 1665 1735 quidem
1681 1706 1769 1734 prope

129 1743 165 1770 ad
179 1742 308 1770 litteram.
339 1743 396 1772 Hac
426 1754 492 1773 vero
511 1755 598 1781 super
621 1755 650 1774 re
662 1746 775 1782 legenda
787 1751 829 1774 est
844 1746 933 1774 Photii
946 1746 1061 1781 epistola
1075 1747 1108 1774 97
1124 1747 1209 1782 (nunc
1226 1747 1287 1774 libri
1304 1755 1325 1780 ι,
1340 1747 1397 1781 16),
1411 1754 1472 1781 quae
1486 1752 1528 1774 est
1537 1746 1625 1781 gravis
1638 1746 1770 1772 adversus

130 1791 262 1818 Basilium
276 1791 461 1825 expostulatio
492 1793 527 1820 ab
538 1793 637 1821 exsilio
656 1794 751 1820 missa.
765 1793 889 1827 Denique
906 1801 1016 1826 moneo,
1034 1793 1118 1820 alium
1134 1801 1195 1821 esse
1204 1792 1332 1820 Photium
1345 1793 1513 1820 monachum
1531 1792 1679 1825 melodum,
1692 1793 1772 1826 cujus

129 1838 229 1873 exigua
248 1838 365 1874 στιχηρὰ
384 1842 450 1866 sunt
463 1838 491 1865 in
509 1839 604 1867 codice
621 1838 752 1867 Vaticano
763 1838 826 1872 216,
838 1847 867 1875 p.
881 1839 897 1867 6

1009 1839 1134 1867 Palatino
1160 1840 1221 1873 158,
1237 1847 1264 1875 p.
1294 1841 1354 1868 6-8.
1373 1841 1458 1868 Porro
1478 1841 1522 1868 ille
1545 1841 1616 1868 πάνυ
1628 1849 1770 1876 nunquam

131 1883 186 1912 fuit
198 1885 350 1912 monachus
371 1894 378 1912 :
399 1885 450 1912 etsi
474 1885 601 1920 iuvenem
618 1893 648 1913 se
665 1893 681 1913 a
698 1886 849 1913 monastica
859 1885 915 1913 vita
926 1893 983 1913 non
997 1886 1081 1914 fuisse
1091 1886 1223 1918 alienum.
1237 1887 1285 1914 sed
1300 1887 1374 1914 curis
1386 1887 1561 1915 saecularibus
1581 1888 1770 1922 prmpeditum,

135 1935 232 1958 narrat
260 1931 376 1959 Photius
387 1931 415 1959 in
439 1932 555 1968 epistola
569 1933 603 1960 ad
631 1932 779 1968 syucellum
799 1931 1011 1966 Antiochenum,
1030 1940 1111 1968 quam
1129 1937 1157 1961 et
1181 1933 1274 1961 Graece
1303 1933 1404 1961 editam
1424 1934 1491 1966 scio,
1506 1938 1533 1961 et
1553 1942 1604 1970 ego
1629 1934 1656 1962 in
1681 1940 1773 1963 vetere

131 1977 228 2005 codice
243 1978 304 2014 lego
316 1978 366 2014 (7).

169 2022 240 2051 Olim
267 2024 294 2051 in
309 2024 470 2060 praefatione
483 2025 549 2052 tomi
561 2024 643 2060 primi
659 2023 831 2059 Scriptorum
848 2029 917 2058 vet.,
933 2025 980 2052 ubi
991 2025 1026 2052 de
1045 2024 1155 2053 ineditis
1173 2025 1264 2052 Photii
1291 2025 1400 2061 scriptis
1415 2026 1542 2060 disserui,
1560 2027 1627 2055 odas
1648 2028 1773 2062 ejusdem

132 2072 190 2095 tres
209 2069 433 2102 commemoravi,
453 2077 469 2096 a
488 2076 532 2096 me
549 2070 577 2096 in
594 2069 790 2096 Barberiniano
804 2069 898 2097 codice
912 2070 1088 2104 observatas;
1104 2078 1221 2106 quarum
1239 2071 1267 2098 in
1282 2071 1373 2106 priore
1389 2071 1473 2100 Deum
1491 2073 1639 2109 alloquitur
1656 2074 1773 2102 Basilius

134 2115 246 2143 Macedo
260 2116 409 2151 imperator
425 2123 433 2149 ;
458 2115 486 2143 in
508 2116 593 2143 altera
608 2116 739 2143 Basilium
757 2115 846 2152 ipsum
869 2116 937 2152 imp.
953 2117 1103 2152 alloquitur
1113 2117 1234 2146 Ecclesia
1247 2126 1254 2151 ;
1269 2118 1295 2145 in
1313 2119 1392 2146 tertia
1405 2119 1514 2147 demum
1529 2120 1686 2155 imperfecta
1701 2121 1773 2148 idem

133 2161 252 2189 Basilius
261 2161 327 2197 imp.
343 2161 478 2189 laudatur.
494 2162 535 2189 En
551 2167 643 2190 autem
659 2162 710 2190 has
726 2162 837 2190 demum
853 2163 920 2191 odas
935 2171 951 2190 a
969 2163 1006 2191 cl.
1019 2163 1078 2191 viro
1098 2163 1129 2191 P.
1143 2163 1282 2200 Matranga
1296 2165 1446 2201 exseriptas
1461 2166 1589 2195 exhibeo.

937 2239 969 2269 ΙΙ.

332 2308 446 2336 Φωτίω)
462 2307 645 2343 πατριάρχου
658 2308 752 2343 ὕμνος
773 2308 808 2335 ἐκ
831 2308 995 2343 προσώπου
1011 2310 1177 2338 Βασιλειου
1193 2310 1359 2339 δεσπότου.
1374 2311 1518 2348 -Ἦχος
1532 2314 1567 2340 α’.

713 2364 792 2400 (Ang.
806 2363 858 2392 ΙίΑι
877 2364 973 2400 δρὶεὶι.
993 2365 1071 2394 Rom.
1082 2366 1130 2401 IX,
1150 2367 1226 2404 759.)

353 2423 420 2450 Ἀπὸ
436 2423 550 2459 χειλέων
563 2423 647 2459 ὕμνον
1199 2426 1285 2458 Βάθος
1303 2435 1350 2454 σου
1364 2427 1414 2462 τῆς
1430 2426 1536 2461 σοφίας,

316 2469 470 2506 Προσφέρω
482 2478 522 2497 σοι
532 2469 571 2505 τῷ
586 2469 702 2505 Κτίστῃ,
1160 2473 1311 2509 Κριμάτων
1322 2473 1370 2505 τὰς
1381 2473 1518 2505 ἀϐύσσους

322 2517 390 2544 Ἀπδ
404 2517 520 2553 καρδίας
532 2516 632 2553 βάθους
1162 2519 1211 2552 Τίς
1223 2519 1302 2554 λόγος
1318 2519 1475 2554 ὲξυμνήσει,

317 2564 364 2591 Σοὶ
377 2564 456 2597 δόξαν
470 2565 637 2600 ἀναπέμπω.
897 2562 901 2567 ”
1162 2566 1285 2593 Δέσποτα
1296 2567 1351 2594 τῶν
1365 2568 1509 2602 ἁπάντωνς

447 2623 536 2650 Photii
553 2623 715 2658 patriarcha:
732 2622 846 2658 hymnus
861 2623 889 2650 in
904 2631 1015 2658 persona
1026 2621 1122 2652 Basilii
1137 2624 1317 2659 imperatoris.
1331 2641 1366 2646 —-
1378 2625 1432 2653 Ode
1444 2625 1468 2653 1.

178 2678 314 2715 llymnum
328 2686 344 2707 e
358 2678 437 2707 labiis
451 2679 485 2707 ad
498 2684 523 2706 te
536 2678 624 2715 dirigo
637 2679 809 2712 Creatorem,
825 2687 840 2707 e
855 2679 948 2708 cordis
960 2680 1149 2715 penetralibus
1163 2681 1210 2709 tibi
1225 2681 1334 2710 laudem
1349 2683 1454 2711 emitto.

180 2727 329 2764 Sapientiae
345 2731 397 2755 tuae
411 2727 588 2763 profundum,
604 2727 771 2763 iudiciorum
786 2728 898 2764 abyssos
906 2727 968 2763 quis
978 2735 1069 2758 sermo
1082 2729 1252 2765 praedicabit,
1272 2731 1463 2761 universorum
1481 2734 1616 2764 Domine!

911 2797 1028 2827 NOT/E.

182 2853 222 2889 (7)
233 2854 310 2882 Coul‘.
332 2855 364 2882 ad
378 2854 539 2890 Amphilcch
554 2875 559 2882 .
578 2854 636 2882 14.30.
