1945 3088
129 134 174 168 531
854 135 1038 168 CARMINA.
1705 138 1759 172 582

341 193 516 229 Φιλάνῦρωπε
526 193 679 229 οίκτίρμον,
933 197 957 225 Α
1152 195 1311 228 Ἀπαύστως
1331 195 1497 231 εὐλογοῦμεν

304 241 356 267 Ἦν
369 240 472 272 ἔδωκας
486 240 599 275 εἰρήνην
674 251 677 256 ·
1141 240 1197 276 Τὴν
1209 240 1283 268 Θείαν
1298 240 1449 276 βασιλείαν.

301 286 364 318 Τοῖς
383 286 465 316 θείοις
480 285 652 318 ἀποστόλοις,
1181 286 1210 312 '0
1228 285 1338 312 πάντων
1356 285 1505 320 βασιλεύων

298 332 443 367 Παράσχου
458 331 497 367 τῷ
506 331 565 367 λαῷ
581 340 639 358 σου.
1142 332 1202 358 Τῶν
1212 331 1268 358 ἄνω
1279 332 1326 358 καὶ
1344 332 1398 359 τῶν
1412 331 1500 366 κάτω,

333 378 430 413 Χάριν,
444 379 477 413 ἣν
494 377 651 412 ὲπηγγείλω
1140 377 1188 409 Εἰς
1205 378 1235 404 σὲ
1249 378 1340 405 πᾶσαν
1357 377 1453 405 ἐλπίδα

299 425 353 451 Τοῦ
374 424 443 451 Πνεύ
448 433 532 460 ματος
542 423 683 460 παρέξειν,
1139 421 1220 455 Οῐδας
1234 424 1271 455 ὡς
1286 424 1434 460 ἀνεθέμην.

300 470 500 505 Κατὰπεμψον,
514 466 536 497 ὦ
550 470 677 506 Πλάστης
1178 471 1214 497 Σὺ
1229 470 1275 497 οὖν
1287 471 1325 502 ὡς
1337 471 1459 505 Κτίστης
1473 471 1585 498 πάντων

306 518 448 545 Ἀπὰντων
463 518 511 544 καὶ
526 517 677 552 Δεσπότης.
1139 516 1205 548 Θεὸς
1220 516 1268 543 καὶ
1281 515 1415 547 Βασιλεύς
1432 524 1484 551 μου

334 564 414 599 Ψυχῇ
430 563 453 590 ὣ
469 563 502 591 ἆν
521 564 570 599 μιᾷ
587 571 618 589 σε
649 555 660 559 ”
1143 564 1191 589 Ὃν
1206 563 1309 594 ἔδωκας
1321 562 1384 589 λαόν
1402 571 1447 598 μοι

302 611 359 637 Καὶ
372 610 473 646 γνώσει
489 610 537 637 καὶ
553 609 651 646 καρδίᾳ
1127 610 1168 645 Τῇ
1184 609 1259 644 δεξιᾷ
1273 617 1319 636 σου
1335 609 1423 644 ἄγοις.

155 669 205 702 Qui
219 668 343 695 homines
354 675 429 695 amas
443 671 472 694 et
486 668 637 699 misereris,
654 676 736 703 quam
748 667 847 696 dedisti
864 675 959 704 pacem
971 667 1072 695 divinis
1086 667 1227 702 apostolis,
1242 666 1342 702 populo
1360 670 1407 693 tuo
1429 671 1540 701 praesta.

149 715 286 747 .Gratiam,
300 721 382 749 quam
396 713 532 749 pollicitus
541 721 571 742 es
586 714 706 750 Spiritus
718 719 745 742 te
759 713 959 749 prmstiturum,
973 714 1077 747 emitte,
1093 722 1109 741 ο
1121 713 1235 740 Creator
1248 713 1371 740 omnium
1389 716 1417 739 et
1431 713 1603 740 nominatur.

154 760 252 788 Anima
267 765 296 787 ut
313 768 377 793 una,
390 764 417 787 et
431 760 590 796 cognitione
604 765 633 788 et
648 761 731 789 corde
745 765 877 796 perpetuo
892 765 918 788 te
933 761 1086 794 laudemus,
1102 760 1227 788 divinum
1242 759 1363 787 concede
1374 767 1500 795 regnum.

154 808 205 841 Qui
221 809 348 836 universa
364 809 445 844 regis,
459 817 521 844 qum
535 817 644 837 sursum
657 814 686 837 et
702 809 830 837 deorsum
842 814 916 842 sunt,
930 809 957 836 in
975 814 1001 836 te
1015 816 1093 844 spem
1110 808 1183 836 nosti
1201 815 1309 835 omnem
1326 811 1355 834 ut
1369 807 1520 842 posuerim.

155 853 195 880 Tu
208 861 283 888 ergo,
298 858 327 881 ut
341 854 464 881 omnitnn
481 854 605 887 Creator,
620 855 692 882 Deus
704 859 732 882 et
748 854 806 882 Rex
822 862 909 888 meus,
922 862 1004 890 quem
1018 854 1116 882 dedisti
1128 853 1193 881 mihi
1209 853 1342 889 populum
1364 853 1474 879 dextera
1491 856 1537 879 tua
1548 852 1658 887 dirigas.

120 932 176 961 Τοῦ
212 933 306 961 αὐτοῦ
330 934 425 969 ὕμνος
452 935 488 962 ἐκ
517 935 682 970 προσώπου
702 935 759 971 τῆς
788 936 973 971 Ἐκζιλησίας
995 937 1038 970 εις
1066 935 1228 963 Βασίλειον
1249 933 1304 961 τὸν
1333 934 1533 970 φιλόχριστον
1552 931 1697 964 βασιλέα.
1717 944 1754 952 -

841 969 934 1006 Ἦχος
950 974 989 999 α’.

334 1025 554 1062 Ἀκουτισθῶμεν
568 1027 669 1059 πάντες
925 1034 945 1061 Β
1139 1028 1195 1064 Τὴν
1206 1027 1304 1055 ἕνωσιν
1319 1027 1368 1063 τὴν
1381 1027 1484 1054 τούτων

292 1072 348 1107 Τῆς
363 1073 497 1108 βασιλίδος
512 1073 632 1109 νύμφης,
1137 1074 1261 1110 Φαιδρῶς
1277 1074 1466 1109 πανηγυρίζω.

295 1120 415 1155 Χριστοῦ
430 1120 480 1155 τῆς
502 1121 676 1156 Ἐκκλησίας,
1170 1120 1329 1156 Θυγατέρες
1344 1120 1486 1157 παρθένοι,

291 1166 439 1197 Μυστικῶς
452 1166 640 1203 ὑπαρχούσης.
1136 1166 1276 1197 Νεάνιδες,
1293 1167 1321 1193 ἐν
1338 1167 1406 1201 οἴκῳ

329 1211 431 1248 Βουλὴν
452 1213 584 1248 Ὑψίστου
602 1213 694 1248 μένειν
1137 1214 1278 1249 Ζητήσατε
1297 1212 1415 1248 ᾀδούσας

292 1259 340 1290 Εἰς
352 1259 398 1286 ’τὺ-,ι
414 1258 500 1285 αἰῶνα
513 1258 611 1293 γνῶτε,
1136 1259 1190 1285 Τοῦ
1202 1259 1312 1286 πάντων
1328 1258 1472 1294 βασιλέως.

292 1305 395 1337 Βουλὰς
407 1305 436 1332 δὲ
451 1305 505 1332 τῶν
522 1304 675 1340 ἀνθρώπων
1177 1304 1241 1332 Ἰδού
1259 1313 1293 1338 με
1307 1305 1403 1340 ὥσπερ
1417 1304 1498 1331 ἄλλον

292 1352 314 1378 Τ
315 1352 329 1378 ὸ
341 1351 450 1387 βέϐαιον
467 1351 517 1378 οὐκ
536 1350 619 1386 ἔχειν.
1132 1351 1254 1387 Οὐρανὸν
1268 1350 1478 1386 ὲξαστράπτειν,

326 1396 412 1423 Γενεὰ
426 1396 565 1422 ἐπαινέσει
1140 1398 1203 1429 Τοῖς
1216 1397 1333 1432 ἀστράσι
1347 1397 1403 1428 τοῖς
1418 1396 1524 1427 τέκνοις

290 1443 345 1479 Τὴν
361 1443 410 1479 σὴν
426 1443 632 1479 μεγαλωσύνην,
1132 1443 1279 1472 Καλλύνων
1292 1444 1306 1469 ὁ
1316 1442 1466 1477 Δεσπότης.

291 1490 347 1516 Καὶ
355 1489 436 1524 γενεὰ
450 1489 561 1525 λαλήσει
1171 1491 1353 1518 Κατάπαυσον
1368 1489 1413 1516 τὸν
1431 1489 1526 1522 κόπον,

290 1535 350 1562 Σῶν
364 1535 451 1571 ἔργων
463 1536 511 1567 τὰς
523 1535 663 1570 δυνάμεις.
1137 1537 1244 1572 Ίινὶοχε
1261 1536 1380 1572 ἡμέρας·

326 1581 419 1613 Διδοὺς
437 1581 678 1617 συντετριμμένοις
1137 1584 1286 1610 Ἀνέτειλεν
1298 1584 1352 1619 γὰρ
1367 1583 1447 1615 ἄλλος

293 1628 428 1664 Βραχὶονα
444 1629 491 1655 καὶ
502 1628 613 1664 κράτος,
1133 1630 1228 1662 Ἥλιος
1245 1631 1285 1662 εἰς
1297 1630 1342 1657 τὸν
1355 1630 1468 1665 κόσμον.

294 1676 349 1702 Καὶ
366 1675 513 1702 κατασπῶν
526 1675 621 1710 ἐδάφει
920 1706 937 1711 _
1166 1676 1269 1711 Λύχνον
1284 1676 1330 1703 τὸν
1345 1676 1416 1703 Θεῖον
1436 1676 1521 1703 πᾶσιν

297 1721 398 1756 Ὀφρὺν
413 1720 462 1756 τὴν
473 1706 643 1757 ἐπηρμένην.
905 1706 938 1738 Ic
1141 1723 1184 1749 Ἐν
1200 1706 1277 1757 μῖέσῳ
1292 1722 1342 1756 τῆς
1355 1721 1466 1757 λυχνίας

331 1766 462 1801 Ἐξόιρχου
478 1766 527 1801 τῆς
542 1766 654 1801 χορείας
1133 1768 1267 1803 Ὀρῶντες
1281 1767 1475 1803 δᾳδουχοῦντα,

291 1812 373 1839 Δαϐίδ
383 1819 390 1827 ·
405 1812 446 1844 τίς
459 1812 615 1847 ἐξαγγέλλει
1129 1814 1201 1846 Λαδς
1215 1813 1282 1840 Θεοῦ
1299 1814 1458 1849 εὐφραίνου.

288 1857 344 1889 Τὰς
358 1857 527 1890 δυναστείας,
542 1857 616 1893 ᾄδων
1163 1859 1368 1894 Μεγαλύνωμεν
1381 1859 1451 1895 ἅμα,

291 1903 346 1936 Τὴν
358 1904 462 1931 αῖνεσιν
475 1905 598 1940 κυρίους
1128 1906 1286 1940 Λὶνέσωμεν
1298 1905 1425 1940 βοῶντες,

322 1951 445 1987 Ζήτησον
458 1951 593 1987 μελῳδούς
607 1960 655 1979 σου
1131 1952 1164 1979 Ἦ
1178 1951 1319 1983 ἀλλοίωσις
1333 1951 1403 1988 αὓτη

288 1996 451 2032 Συνκρούειν
463 1997 512 2033 τὴν
525 1997 650 2034 κινύραν·
1130 1998 1211 2031 Δεξιὰ
1222 1999 1269 2025 τοῦ
1287 1998 1425 2034 Ὑψίστου.

291 2042 399 2078 Ἡμέρα
413 2043 510 2080 ἑορτῆς
523 2043 578 2079 γὰρ
1162 2043 1216 2070 Ναὶ
1229 2043 1272 2079 δὴ,
1287 2044 1335 2071 καὶ
1347 2044 1480 2080 βασιλέως

290 2089 426 2125 ’Υπάρχει
441 2089 488 2116 τοῦ
502 2090 651 2118 Δεσπότου.
1126 2090 1241 2126 Κεφαλῇ
1252 2091 1285 2126 τῇ
1300 2091 1368 2127 ἁγίᾳ

329 2134 362 2161 Ἦ
378 2136 444 2169 πρὶν
456 2135 628 2171 ἀλγυνομένη
1128 2135 1182 2162 Τοῦ
1197 2136 1276 2171 λόγου
1292 2136 1322 2170 ἐξ
1333 2136 1437 2164 ἀνθέων

281 2180 327 2215 Τῷ
338 2182 496 2216 σπαραγμῷ
511 2181 565 2208 τῶν
577 2181 691 2213 τέκνων,
1126 2183 1251 2218 Διάδημα
1265 2182 1420 2212 πλεκέσθω.

259 2236 386 2272 Ejusdem
395 2238 505 2274 hymnus
516 2239 545 2266 in
558 2248 669 2274 persona
685 2239 808 2268 Ecclesia!
823 2241 851 2268 in
862 2240 992 2269 Basiliam
1005 2241 1103 2269 Christi
1119 2242 1233 2269 amicum
1249 2238 1445 2276 imperatorem.
1455 2257 1491 2263 —-
1501 2242 1555 2271 Ode
1566 2242 1590 2270 1.

140 2298 291 2327 Audiamus
303 2307 399 2327 omnes
413 2301 514 2337 regiam
529 2310 668 2337 sponsam,
680 2293 785 2331 Christi
797 2302 959 2337 Ecclesiam,
976 2304 1093 2339 mystice
1109 2304 1299 2331 exsistentem.

140 2344 292 2372 Consilium
303 2345 438 2374 Altissimi
451 2348 479 2375 in
495 2352 627 2376 aeternum
641 2357 753 2379 manere
767 2351 876 2384 scitote,
893 2350 1009 2378 consilia
1023 2354 1115 2377 autem
1128 2350 1272 2377 hominum
1283 2350 1438 2377 ﬁrmitatem
1452 2357 1508 2376 non
1524 2348 1636 2376 habere.

140 2391 290 2420 Geueratio
304 2393 427 2421 laudabit
440 2398 512 2420 tuam
529 2395 754 2430 magnitudinem,
773 2402 801 2424 et
815 2397 956 2432 generatio
972 2397 1098 2431 loquetur
1108 2403 1223 2431 operum
1235 2400 1345 2424 tuorum
1361 2396 1486 2423 virtutes.

140 2436 244 2464 Dedisti
257 2437 299 2465 his
316 2438 361 2474 qui
376 2440 485 2466 contriti
503 2445 566 2467 sunt
582 2441 724 2468 brachium
740 2447 766 2470 et
782 2442 945 2477 potentiam,
960 2447 988 2470 et
1002 2442 1037 2469 ad
1054 2442 1142 2469 solum
1159 2442 1284 2477 dejecisti
1297 2442 1344 2477 qui
1356 2440 1475 2468 frontem
1490 2440 1665 2469 extollebant.

122 2495 125 2497 ·
138 2485 308 2521 Principium
320 2494 351 2515 es
362 2487 471 2515 Davidis
483 2490 580 2518 cantici
593 2499 600 2524 ;
615 2491 676 2524 quis
691 2491 848 2526 praedicabit
860 2492 1007 2526 potentias.
1023 2498 1128 2518 canens
1141 2490 1249 2518 Domini
1260 2489 1390 2519 laudem?

138 2533 237 2564 Quaere
253 2533 373 2562 musicos
384 2535 431 2562 tibi
445 2536 564 2571 Cinyram
577 2537 727 2571 pulsantes,
744 2538 804 2565 dics
817 2538 890 2565 enim
903 2538 989 2566 festus
1004 2537 1186 2565 Dominatoris
1199 2537 1300 2573 agitur.

137 2580 205 2610 Qua:
219 2583 299 2606 antea
317 2584 398 2615 rupta
412 2586 470 2608 erat
487 2582 643 2609 turbatione
658 2582 789 2617 ﬁliorum,
802 2591 898 2611 eorum
913 2591 989 2611 nunc
1004 2584 1180 2611 concordiam
1196 2583 1323 2610 laetanter
1339 2582 1516 2611 concelebra.

137 2624 240 2652 Puellae
253 2626 385 2662 virgines,
396 2627 522 2662 juvenes,
541 2628 568 2655 in
585 2629 666 2657 domo
682 2630 796 2665 quaerite
807 2638 867 2665 qum
882 2635 983 2657 canant
996 2630 1188 2658 universorum
1200 2629 1315 2666 Regem.

137 2672 210 2699 Ecce
225 2680 280 2703 me,
299 2677 329 2700 ut
342 2673 425 2700 alium
441 2675 540 2701 coelum
556 2676 740 2710 splendidam,
757 2676 819 2703 ﬁliis
833 2681 861 2703 ut
874 2677 956 2704 astris
972 2677 1084 2705 decorat
1095 2676 1254 2712 imperator.

137 2718 255 2751 Quiesce
267 2726 282 2746 a
297 2719 401 2753 labore,
413 2722 505 2756 auriga
516 2722 579 2753 diei,
597 2727 674 2749 ortus
687 2727 730 2750 est
744 2723 817 2750 enim
832 2723 871 2750 sol
888 2724 956 2751 alius
971 2724 998 2750 in
1013 2724 1158 2751 mundum.

136 2763 238 2792 Lucem
253 2765 374 2793 divinam
386 2767 515 2795 omnibus
532 2768 665 2804 lampadis
680 2769 709 2797 in
723 2770 814 2798 medio
828 2770 986 2798 illucentem
1003 2775 1160 2803 cementes,
1172 2770 1220 2798 Dei
1237 2770 1346 2806 popule,
1363 2772 1488 2807 gaudete.

138 2811 342 2847 llagniiieemus
356 2813 448 2847 simul,
460 2814 605 2843 laudemus
619 2817 801 2845 acclamantes
818 2825 825 2844 :
837 2818 903 2845 Haec
922 2817 1039 2845 mutatio
1053 2821 1096 2845 est
1110 2817 1229 2846 dexterae
1241 2817 1357 2847 Excelsi.

137 2856 178 2884 Ita
194 2858 313 2894 quidem,
329 2863 356 2887 et
371 2859 544 2897 imperatoris
558 2866 654 2891 sancto
669 2862 752 2899 capiti
771 2871 786 2892 θ
801 2870 958 2894 sermonum
975 2863 1087 2892 ﬂoribus
1100 2862 1227 2893 diadema
1240 2866 1413 2893 contexatur.
