1945 3088
183 148 233 180 587

749 141 878 172 ΙἮΟΤΠ
897 136 1148 170 ΡΑΤΗΙΛΒΟΗΕ
1176 136 1229 165 CP.

1756 127 1806 159 588

183 203 347 232 ostendisset
369 221 376 233 ν
397 209 427 228 ac
454 199 567 227 multant
592 197 711 233 undique
738 197 874 232 specimen
903 194 971 221 dilc—

1035 191 1148 226 ιληθινὺν
1173 189 1240 216 Θεὸν
1269 187 1348 223 ἡμῶν
1364 185 1580 220 ἐπιδεδειγμένος
1608 183 1734 215 πίστεως,
1760 183 1804 208 καὶ

184 249 283 277 ctionis
305 248 332 275 in
357 254 418 274 cum
444 246 563 273 dedisset
581 251 588 270 :
606 246 683 278 quasi
700 243 856 270 coronidem
879 247 970 267 rerum

185 295 312 330 praeclare
335 293 369 319 ab
392 299 425 319 eo
443 295 577 326 gestarum
597 295 625 316 et
647 292 817 323 peractarum
840 284 969 321 pascendi

186 339 365 367 ministerium
387 336 543 372 dignatione
564 334 686 370 magistri
709 332 839 367 suscepit.
854 332 889 358 Et
906 338 972 358 vero

185 393 264 413 servo
291 384 348 411 scio
379 382 506 410 concredi
542 382 691 412 talentum,
713 385 829 412 eumque
862 381 973 412 propter

185 438 276 458 meum
293 429 442 456 Dominicre
464 426 615 454 severitatis
628 425 821 456 occultantem,
834 428 885 450 nec
900 421 973 449 unde

185 476 236 502 sibi
260 474 332 509 quod
351 473 482 500 creditum
506 475 582 501 erat,
598 470 726 497 cxcideus
748 469 923 503 diriperetur.
941 474 974 494 ac

185 524 330 555 propterea
357 519 489 546 talentum
513 521 541 544 et
559 516 606 551 qui
627 516 741 543 dederat
762 514 973 549 multiplicatum

186 576 239 594 non
257 566 382 598 reddidit,
395 565 527 592 rationem
543 565 577 591 ab
591 571 622 590 eo
638 563 753 597 reposci,
767 569 884 596 eumque
904 561 973 596 ignis

187 622 218 641 ac
225 613 356 649 gehennae
365 611 618 639 condemnationem
627 609 727 636 subire.

224 747 324 774 Verum
339 753 387 773 cur
403 745 461 772 haec
478 752 492 771 a
506 751 549 770 me
561 743 726 773 scribuntur,
739 744 766 768 et
777 739 867 776 gliscit
886 738 973 770 dolor,

188 799 216 821 et
239 792 363 819 molestia
387 790 548 820 intenditur.
578 792 605 815 et
632 786 748 814 turbatio
776 782 974 819 investigatur?

189 839 255 866 Nam
269 836 397 864 memoria
409 843 499 862 rerum
511 834 651 861 anxiarum
665 832 765 859 malum
780 830 871 858 acrius
883 829 974 860 elﬁeit,

189 893 222 913 ac
238 883 373 912 sublevari
392 890 447 909 non
462 881 526 908 sinit
548 886 704 907 maerorem.
717 877 752 904 At
767 876 841 904 enim
855 877 925 903 hanc
941 875 976 902 ob
992 868 1014 895 Β

190 938 300 959 causam
321 936 414 957 eorum
432 935 493 963 quae
512 926 671 954 acciderunt
695 924 822 959 tragoedia
845 922 921 958 quasi
947 922 973 948 in

191 985 272 1005 scena
288 980 348 1003 acta
363 979 414 1008 est,
433 979 464 1001 ut
483 972 580 1000 vestris
600 970 780 1002 orationibus,
793 968 887 996 nescio
907 975 976 1002 quo-

192 1023 272 1050 modo
287 1021 421 1049 creditum
440 1019 518 1046 nobis
540 1024 647 1053 gregem
663 1016 775 1051 pulchre
794 1014 917 1042 videntes
934 1013 976 1048 agi

192 1074 219 1096 et
241 1066 385 1103 gubernari
402 1065 564 1092 ollicientem
590 1061 668 1089 nobis
690 1060 853 1088 diﬂicultatis
874 1058 976 1086 nubem

192 1112 378 1142 discutiamus,
395 1114 422 1137 ct
436 1108 540 1136 inertiae
557 1107 700 1142 caliginem
714 1105 885 1140 ell'ugiamus.
896 1104 977 1132 Novit

190 1158 277 1189 enim,
293 1157 370 1184 novit
385 1154 559 1192 gubernatori
576 1153 696 1180 secundo
713 1157 795 1179 vento
815 1151 892 1179 navis
913 1159 976 1178 cur—

193 1211 269 1236 rens,
288 1210 320 1230 ac
338 1201 447 1238 egregie
455 1198 647 1237 gubernaculis
657 1204 730 1225 recta
742 1197 860 1224 laetitiam
870 1195 976 1228 aﬂ‘erre,

190 1255 222 1277 et
241 1249 366 1277 Ecclesia:
380 1253 466 1275 ctetus
480 1247 589 1282 pietate,
603 1245 803 1279 virtutibusque
825 1243 978 1270 exuberans

194 1295 351 1331 prrefectum
362 1298 389 1321 et
399 1299 535 1329 pastorem
546 1292 652 1320 allicere
663 1291 811 1326 voluptate,
825 1293 852 1317 et
861 1288 978 1321 efﬁcere,

195 1348 226 1371 ut
252 1343 364 1370 incertae
393 1341 502 1373 mentis,
533 1340 685 1375 inopiaequc
720 1337 826 1367 consilii
851 1336 979 1364 nebulam

196 1389 345 1423 abstergat.

232 1515 322 1549 Nuper
348 1514 439 1548 itaque
460 1521 521 1540 cum
547 1513 580 1544 is,
608 1513 650 1540 cui
677 1517 739 1540 ante
759 1520 808 1539 nos
831 1512 981 1540 sacerdotio

198 1559 272 1595 fungi
296 1559 439 1593 obtigerat,
463 1565 496 1584 eo
520 1558 623 1585 honore
641 1558 753 1584 abiisset
773 1566 778 1583 :
797 1558 890 1585 nescio
913 1566 981 1593 quo-

198 1605 281 1632 modo
297 1603 404 1638 impulsi
427 1611 524 1638 magna
552 1611 602 1646 me.
618 1603 642 1630 vi
658 1603 858 1638 aggrediuntur,
884 1608 910 1630 et
937 1604 983 1638 qui

198 1650 381 1677 censebantur
398 1649 424 1676 in
441 1649 524 1680 clcro,
539 1654 566 1676 et
585 1651 775 1685 episcoporum
798 1650 985 1684 metropolita-

199 1703 296 1723 norum
316 1699 477 1726 conveutus,
504 1700 532 1722 et
545 1700 608 1722 ante
624 1695 684 1727 bos,
703 1703 819 1730 eumque
835 1695 868 1722 iis
883 1695 986 1730 pietate

199 1747 331 1777 prazstans
351 1740 542 1775 Christumque
552 1741 667 1776 diligens
680 1741 835 1776 imperator,
849 1741 875 1767 in
891 1748 986 1768 omnes

198 1786 308 1822 quidem
326 1786 459 1821 benignus
475 1790 502 1812 et
513 1793 606 1820 :equus
618 1790 646 1813 et
661 1785 803 1813 humanus
814 1785 889 1821 (quid
902 1786 986 1813 enim?

200 1839 295 1859 verum
313 1831 459 1858 dicendum
470 1840 525 1859 non
539 1832 617 1867 est?)
639 1840 691 1859 nee
713 1840 877 1867 quemquam
891 1839 986 1860 eorum

200 1879 246 1913 qui
257 1883 321 1905 ante
340 1879 427 1913 ipsum
439 1878 608 1914 imperarunt
621 1879 748 1913 aequitate
757 1886 848 1913 parem
865 1879 985 1912 habens;

200 1923 268 1949 mihi
278 1931 342 1950 vero
355 1927 411 1949 tum
419 1923 583 1950 inhumanus
593 1923 702 1958 quidem
713 1923 788 1950 visus
800 1930 831 1950 ac
842 1923 986 1955 violentus,

201 1969 402 2003 admodumque
417 1969 613 1996 formidandus.
629 1969 654 1996 ls
675 1969 749 1996 enim
765 1977 817 1996 una
833 1977 896 1996 cum
911 1977 987 1996 com-

201 2020 352 2042 memorato
374 2014 544 2041 sacerdotum
564 2019 636 2041 coetu
656 2014 723 2041 nihil
743 2014 898 2042 remittebat
912 2014 946 2042 de
961 2014 987 2041 vi

203 2065 230 2087 et
244 2059 421 2094 impressione
439 2060 505 2086 mihi
522 2060 663 2093 facienda,
684 2060 731 2087 sed
749 2060 925 2094 quamobrem
943 2067 987 2086 me

201 2105 365 2132 dimissurus
379 2113 430 2131 non
447 2109 528 2138 eSSet,
543 2105 716 2132 excusatione
731 2106 857 2132 utebatur
871 2113 987 2132 consen-

204 2151 296 2179 tientis
331 2150 501 2179 sacerdotum
535 2151 683 2178 voluntatis
710 2156 737 2178 et
762 2152 863 2185 studii;
904 2159 988 2186 seque

203 2198 284 2226 etiam
296 2198 319 2225 si
337 2198 428 2229 vellet,
446 2205 501 2224 non
514 2204 593 2232 posse
615 2197 780 2232 postulatum
797 2205 887 2223 meum
908 2197 988 2231 perli—
1005 2216 1027 2244 Ι)

203 2252 276 2272 cere.
308 2244 349 2271 Ad
378 2244 534 2271 sacerdotes
565 2247 655 2270 autem
685 2251 718 2270 ac
739 2248 866 2270 caeterum
884 2243 985 2270 clerum

205 2292 328 2325 (magnus
352 2290 423 2317 enim
446 2298 576 2317 numerus
597 2289 771 2324 convenerat)
800 2297 834 2316 ne
858 2289 985 2316 obsecra-

205 2336 287 2363 tionis
309 2336 418 2370 quidem
441 2344 508 2362 mea:
533 2336 614 2363 verba
638 2336 710 2363 clare
731 2335 928 2370 perveniebant
944 2344 950 2361 ι
966 2335 987 2362 si

204 2383 304 2418 quibus
323 2390 389 2410 vero
406 2391 437 2411 ea
461 2383 632 2414 incidebant,
649 2390 703 2409 non
726 2382 912 2417 recipiebant;
928 2390 989 2409 cum

206 2430 257 2456 hoc
284 2437 367 2456 unum
389 2433 417 2456 et
439 2429 558 2456 meditati
575 2433 676 2460 essent,
696 2432 723 2455 et
747 2428 836 2455 dicere
857 2428 989 2455 instituis-

206 2480 276 2505 scut,
290 2483 332 2502 me
347 2476 457 2503 omnino
470 2476 510 2503 vel
527 2475 662 2502 nolentem
675 2474 726 2501 hoc
740 2474 907 2509 praefectura:
921 2482 990 2501 onus

206 2521 343 2555 suscipere
360 2525 495 2555 oportere.

1021 237 1122 272 πολλὴν
1136 235 1302 270 πανταχόθεν
1317 234 1366 269 τὴν
1379 234 1475 268 πεῖραν
1488 231 1536 265 τῆς
1552 231 1592 260 είς
1606 229 1686 255 αὐτὸν
1698 228 1806 263 ἀγάπης

1021 284 1154 314 δεδωκὼς,
1168 282 1261 316 ὥσπερ
1275 281 1335 307 τινὰ
1360 278 1493 314 κορωνίδα
1519 276 1574 303 τῶν
1591 274 1709 310 πρόσθεν
1733 273 1807 307 αὐτῷ

1023 328 1113 358 καλῶς
1136 326 1339 361 πεπραγμένων
1357 332 1387 350 τε
1401 323 1449 350 καὶ
1463 321 1659 356 διηνυσμὲνων,
1684 318 1734 354 τὴν
1749 327 1807 345 ποι-

1025 373 1158 410 μαντικὴν
1182 374 1249 407 πρὸς
1274 370 1322 396 τοῦ
1341 368 1501 396 διδασκάλου
1521 365 1628 401 ἠξιοῦτο
1640 363 1807 399 λειτουργίαν

1024 417 1214 451 ἀναδέξασθαι.
1235 415 1314 443 Ἀλλά
1328 414 1380 450 μὴν
1388 414 1435 441 καὶ
1445 413 1536 439 δοῦλον
1546 409 1604 438 οἶδα
1613 409 1809 437 καταπιστευό-

1028 472 1107 499 μενον
1120 463 1250 490 τάλαντον
1263 481 1270 495 ,
1297 461 1345 487 καὶ
1360 459 1394 486 δι’
1417 458 1559 485 εὐλάϐειαν
1577 457 1626 492 τῆς
1642 454 1808 489 Δεσποτικῆς

1024 510 1174 546 αὐστηρίας
1190 506 1424 542 κατακρύπτοντα,
1439 505 1482 532 ἵνα
1495 502 1615 539 μήποθεν
1628 501 1701 536 αὐτῷ
1714 501 1744 527 τὸ
1759 501 1807 534 ἐμ.-

1026 556 1167 583 πιστευθὲν
1183 554 1310 582 διαπεσὺν
1323 553 1495 587 ἀνάρπαστον
1511 550 1639 584 γένηται,
1655 547 1702 574 καὶ
1716 548 1757 573 ὅτι
1771 546 1808 582 μὴ

1024 603 1055 629 τὸ
1070 602 1200 629 τάλαντον
1217 600 1256 634 τῷ
1278 599 1403 626 δεδωκότι
1432 595 1644 631 πλειστηριάσας
1670 593 1809 620 ἀπέδωκεν

1027 647 1143 677 εὐθύνας
1156 645 1396 681 εἰσπραττόμενον.
1424 642 1472 669 καὶ
1488 641 1543 677 πῦρ
1568 640 1613 667 καὶ
1635 639 1748 673 γέενναν
1761 638 1809 671 τὴν

1028 692 1175 727 καταδίκην
1191 690 1383 726 ὑφιστάμενον.

1069 738 1148 766 Ἀλλὰ
1161 738 1187 764 τί
1199 736 1283 763 ταῦτά
1296 744 1339 771 μοι
1349 735 1494 770 γράφεταιε
1505 733 1552 760 καὶ
1564 732 1594 758 τὸ
1608 732 1719 767 ἄλγημα
1732 731 1811 763 αὔξε-

1025 795 1080 819 ται,
1097 785 1144 812 καὶ
1157 785 1188 811 τὺ
1199 784 1319 819 Iurvi)va
1338 782 1511 812 ἐπιτείνεται,
1527 780 1573 807 καὶ
1584 778 1739 813 τὺδιοχλοῦν
1762 779 1810 804 ἀν-

1029 832 1181 868 ιχνεύεται;
1199 830 1292 865 μνήμη
1305 829 1359 863 γὰρ
1372 827 1427 854 τῶν
1442 825 1561 861 ἀνιαρῶν
1574 823 1700 859 ὀξύτερον
1713 823 1744 850 τὸ
1758 822 1811 848 πά-

1028 879 1073 909 θος
1087 875 1282 912 ἀπεργάζεται,
1294 875 1340 901 καὶ
1354 872 1528 907 κουφίζεσθαι
1545 871 1595 905 τὴν
1612 868 1746 906 ῥᾳθυμίαν
1762 867 1812 895 οὐκ

1029 923 1175 950 ἐνδίδωσιν.
1198 920 1278 948 Ἀλλὰ
1287 920 1340 954 γὰρ
1355 919 1455 953 ταύτης
1475 918 1557 944 ἕνεκα
1579 916 1630 951 τῆς
1646 915 1736 947 αῑτίας
1758 913 1812 940 τῶν

1030 968 1239 1004 συμϐεϐηκότων
1261 967 1277 1001 ἡ
1303 964 1442 999 τραγῳδία
1460 961 1707 998 διεσκηνοποίηται,
1728 960 1766 991 ὼς
1779 959 1813 986 ἂν

1029 1015 1089 1045 ταῖς
1105 1012 1250 1048 ὑμετέραις
1263 1011 1356 1046 εὐχαῖς
1372 1010 1412 1042 τὸ,
1424 1009 1473 1036 οὐκ
1486 1006 1534 1035 οἶδ’
1554 1007 1626 1039 ὅπως
1646 1007 1743 1036 εἰπεῖν,
1760 1006 1812 1039 ἐμ-

1030 1059 1173 1087 πιστευθὲν
1189 1059 1254 1093 ἡμῖν
1271 1057 1397 1091 ποίμνιον
1412 1054 1501 1086 καλῶς
1516 1053 1632 1089 ὁρῶντες
1643 1050 1813 1086 ποδηγούμε-

1030 1107 1075 1133 νόν
1089 1115 1120 1132 τε
1134 1105 1182 1133 καὶ
1196 1103 1412 1140 κυϐερνώμενον,
1431 1102 1460 1128 τὸ
1471 1099 1653 1135 ἐπιπροσθοῦν
1675 1098 1741 1133 ἡμῖν
1764 1097 1814 1132 τῆς

1031 1152 1185 1187 ἀμηχανίας
1207 1150 1287 1185 νέφος
1315 1146 1567 1181 ἀποσκευασώμεθα
1578 1165 1586 1178 ,
1606 1144 1654 1171 καὶ
1668 1144 1717 1179 τὴν
1730 1143 1814 1177 ἀχλὺν

1031 1197 1081 1232 τῆς
1097 1197 1231 1233 ῥᾳθυμίας
1244 1195 1460 1230 ὑπεκφύγοιμεν.
1478 1191 1538 1219 Οἵδε
1548 1192 1613 1226 γὰρ,
1634 1188 1688 1217 οἶδε
1701 1189 1749 1216 καὶ
1763 1198 1814 1215 κυ-

1032 1243 1150 1278 ϐερνήτῃ
1166 1241 1255 1272 καλῶς
1269 1242 1298 1267 τὸ
1315 1241 1418 1274 σκάφος
1432 1236 1627 1274 οὐριοδρομοῦν
1649 1244 1678 1262 τε
1695 1235 1742 1262 καὶ
1762 1243 1816 1269 πη-

1032 1287 1256 1323 δαλιουχούμενον
1271 1285 1403 1320 εὐθυμίας
1417 1282 1598 1311 καθίστασθαι
1613 1282 1751 1316 πρόξενον,
1767 1280 1816 1306 καὶ

1032 1335 1062 1362 τὸ
1077 1334 1126 1370 τῆς
1150 1332 1311 1367 Ἐκκλησιας
1334 1331 1471 1366 πλήρωμα
1493 1329 1618 1363 εὐσεϐείᾳ
1637 1328 1684 1355 καὶ
1705 1327 1816 1362 ἀρεταῖς

1033 1380 1228 1416 εὐθηνούμενον
1242 1379 1287 1406 τὸν
1299 1377 1467 1414 ἐφεστηκότα
1486 1376 1532 1403 καὶ
1552 1375 1681 1411 κριθέντα
1703 1372 1816 1407 ποιμαί-

1033 1435 1098 1460 νειν,
1114 1426 1269 1461 εὐφραίνειν
1284 1433 1324 1457 τε,
1339 1424 1385 1450 καὶ
1397 1423 1428 1449 τὺ
1440 1423 1489 1458 τῆς
1504 1421 1658 1457 ἀμηχανίας
1668 1418 1817 1455 ὀμιχλῶδες

1034 1470 1253 1506 παρασκευάζειν
1268 1467 1479 1504 ἀποτρίψασθαι.

1052 1518 1130 1552 ’Λρτι
1143 1515 1286 1550 τοιγαροῦν
1297 1514 1343 1540 τοῦ
1361 1513 1414 1548 πρὸ
1430 1512 1507 1548 ἡμῶν
1519 1511 1667 1548 ἱερατεύειν
1679 1509 1816 1545 λαχόντος,

1034 1563 1082 1596 τῆς
1098 1562 1225 1595 τοιαύτης
1243 1559 1434 1591 ὐπεξελθὸντος
1447 1557 1535 1590 ἀξίας,
1550 1557 1600 1583 οὐκ
1621 1554 1668 1583 οἷδ’
1682 1556 1755 1586 ὅπως
1772 1556 1819 1589 ὁρ-

1035 1607 1166 1643 μηθέντες
1181 1605 1346 1633 ὲπιτίθενταί
1370 1613 1414 1639 μοι
1437 1604 1586 1639 κραταιῶς,
1604 1603 1660 1629 ὅσοι
1682 1611 1711 1628 τε
1726 1602 1820 1637 κλήρῳ

1034 1651 1239 1686 κατειλεγμέναι
1252 1651 1408 1685 ἐτύγχανον,
1425 1649 1471 1675 καὶ
1487 1648 1541 1675 τῶν
1562 1648 1718 1675 ἐπισκόπων
1730 1655 1758 1674 τε
1772 1649 1821 1674 καὶ

1036 1696 1241 1732 μητροπολιτῶν
1253 1695 1283 1722 τὸ
1300 1695 1446 1730 ἄθροισμα,
1465 1694 1513 1719 καὶ
1527 1694 1581 1727 πρό
1596 1701 1627 1727 γε
1648 1693 1752 1719 τούτων
1772 1692 1821 1718 καὶ

1037 1741 1085 1768 σὺν
1107 1742 1198 1772 αὐτοῖς
1219 1742 1233 1767 ὁ
1248 1740 1409 1775 φιλευσεϐὴς
1433 1739 1479 1765 καὶ
1498 1739 1669 1773 φιλόχριστος
1694 1737 1822 1772 βασιλεὺς

1036 1789 1102 1815 πᾶσι
1116 1788 1164 1822 μὲν
1177 1786 1291 1822 χρηστὸς
1307 1787 1344 1812 ὢν
1355 1787 1400 1812 καὶ
1412 1786 1546 1821 ἐπιεικὴς,
1558 1785 1605 1812 καὶ
1620 1785 1821 1820 φιλάνθρωπος,

1037 1835 1122 1869 καὶ(τί
1137 1834 1191 1869 γὰρ
1207 1835 1236 1860 οὺ
1255 1833 1307 1869 χρὴ
1322 1833 1410 1868 λέγειν
1426 1833 1540 1867 τάληθές
1550 1833 1570 1864 ;)
1585 1832 1640 1859 οὐδ’
1653 1832 1722 1866 ἔχων
1733 1831 1822 1858 ἄλλων

1037 1881 1091 1907 τῶν
1107 1880 1159 1916 πρὸ
1170 1879 1252 1906 αὐτοῦ
1266 1879 1496 1914 βεϐασιλευκότων
1519 1881 1551 1914 τῇ
1564 1880 1699 1913 ἐπιεικείᾳ
1715 1878 1822 1912 ἐξισού-

1039 1934 1129 1961 μενον,
1147 1925 1208 1959 ὲμοὶ
1220 1925 1242 1951 δ’
1257 1924 1463 1958 ἀφιλάνθρωπός
1477 1933 1518 1956 τις
1532 1924 1620 1950 ἐδόκει
1639 1925 1710 1955 τότε,
1735 1923 1823 1958 βίαιός

1037 1981 1076 2002 τε,
1093 1971 1140 1998 καὶ
1153 1971 1213 1997 λίαν
1231 1971 1355 2005 φοϐερός.
1365 1970 1431 1996 Οὐδὲ
1446 1971 1510 2005 γὰρ,
1522 1970 1582 1996 οὐδὲ
1598 1970 1695 2004 μικρὸν
1707 1967 1741 2005 ἦν
1753 1968 1824 1995 ἐνδι-

1037 2017 1098 2048 δοὺς
1121 2017 1169 2052 τῆς
1194 2016 1252 2050 ἃμα
1268 2016 1350 2042 παντὶ
1368 2015 1407 2050 τῷ
1427 2015 1618 2051 προειρημένῳ
1646 2015 1700 2041 τῶν
1726 2014 1824 2049 ἱερέων

1038 2061 1201 2096 πληρώματι
1211 2060 1369 2092 ἐπιθέσεως.
1392 2061 1461 2087 Ἀλλ’
1472 2061 1486 2086 ὁ
1499 2061 1548 2096 μὲν
1568 2061 1702 2096 πρόφασιν
1719 2059 1765 2086 τοῦ
1784 2059 1825 2095 μὴ

1040 2108 1167 2143 μεθήσειν
1178 2108 1295 2134 ἐποιεῖτο
1308 2107 1355 2142 τὴν
1382 2107 1523 2142 ὁμόψηφον
1540 2107 1594 2133 τῶν
1619 2107 1713 2142 ἱερέων
1734 2107 1826 2142 ὁρμὴν

1038 2155 1086 2181 καὶ
1098 2154 1226 2189 σπουδὴν,
1241 2154 1287 2180 καὶ
1301 2154 1339 2185 ὡς
1353 2154 1404 2180 οὐκ
1418 2154 1450 2181 ἂν
1464 2153 1572 2181 δύναιτο
1593 2154 1640 2180 καὶ
1662 2153 1826 2189 βουλόμενος

1040 2200 1179 2228 ἐκτελέσαι
1197 2201 1247 2236 τὴν
1265 2202 1383 2236 αἴτησιν,
1413 2200 1475 2231 Τοῖς
1501 2201 1523 2226 δ’
1540 2200 1602 2227 ἐπεὶ
1627 2200 1695 2227 πολὺ
1722 2199 1827 2235 πλῆθος

1041 2246 1206 2279 συνείλεκτο,
1219 2245 1272 2272 οὐδ’
1284 2247 1309 2273 oi.
1322 2246 1372 2282 τῆς
1384 2246 1583 2281 παρακλήσεως
1596 2245 1673 2280 ἡμῶν
1685 2245 1759 2279 λόγοι
1772 2253 1826 2271 κα-

1042 2291 1133 2326 θαρῶς
1151 2291 1242 2322 αὐτοῖς
1268 2291 1478 2326 προσεφέροντο,
1499 2289 1547 2322 Οἷς
1562 2289 1584 2316 δ’
1604 2290 1638 2316 ἂν
1665 2289 1712 2316 καὶ
1739 2297 1828 2324 προσ-

1039 2337 1164 2368 έπιπτον,
1179 2337 1210 2362 οὐ
1224 2337 1377 2371 προσίεντο.
1389 2337 1436 2363 Ἓν
1449 2336 1480 2371 δὴ
1493 2336 1570 2362 τοῦτο
1584 2336 1631 2362 καὶ
1647 2336 1827 2371 μελετήσασι,

1039 2383 1086 2408 καὶ
1098 2382 1187 2416 λέγειν
1202 2381 1395 2417 ὲξασκήσασιν,
1410 2382 1441 2408 τὸ
1457 2382 1510 2408 δεῖν
1525 2382 1574 2417 ἐμὲ
1597 2382 1705 2412 πάντως
1719 2384 1767 2408 καὶ
1786 2383 1827 2418 μὴ

1041 2428 1200 2464 βουλόμενον
1211 2429 1241 2455 τὸ
1257 2430 1367 2464 φορτίον
1382 2430 1431 2464 τῆς
1441 2429 1603 2460 ἐπιστασίας
1621 2430 1710 2456 αὐτῶν
1729 2430 1828 2456 ἀναδέ-

1041 2475 1146 2508 ξασθαι.
1168 2475 1244 2501 Ἐπεὶ
1258 2475 1286 2501 δέ
1300 2483 1345 2510 μοι
1359 2475 1525 2509 πανταχόθεν
1537 2476 1564 2501 αἰ
1583 2475 1638 2501 ὁδοὶ
1651 2475 1706 2501 τῶν
1723 2477 1751 2502 ὲν
1768 2477 1829 2507 τοῖς
1848 2467 1854 2470 ’

1042 2521 1129 2554 λόγοις
1144 2521 1341 2556 παρακλήσεων
1354 2521 1566 2555 ἀπεφράττοντο,
1585 2521 1723 2556 προεπήδα
1735 2522 1768 2547 τὰ
1778 2521 1831 2547 δά-

206 2575 288 2601 κρυα,
307 2566 383 2600 καὶὴ
408 2566 456 2600 τῆς
480 2567 597 2601 ἀπορίας
612 2566 695 2600 ἀχλὺς
710 2565 743 2591 τὰ
768 2565 874 2592 ἔνδοθεν
902 2566 989 2592 πάντα
1009 2567 1176 2602 πληρώσασα
1191 2567 1239 2600 τῆς
1258 2566 1430 2600 συγχύσεως,
1462 2567 1509 2592 καὶ
1545 2568 1640 2602 μέχρις
1669 2567 1758 2594 αὐτῶν
1794 2576 1830 2601 γε
1855 2564 1858 2567 Α

205 2613 259 2639 τῶν
277 2611 408 2646 ὀμμάτων
429 2612 621 2647 προσαράξασα
640 2613 679 2643 είς
699 2610 804 2646 ῥεῖθρον
827 2613 1049 2647 μετεσκευάξετο.

243 2658 390 2694 Postquam
406 2666 471 2686 vero
491 2667 586 2686 omnes
609 2658 675 2685 mihi
697 2659 748 2686 via;
772 2666 882 2694 precum
901 2659 992 2686 verbis

207 2705 392 2733 faciendarum
407 2705 554 2732 obstructae
565 2710 643 2738 sunt;
662 2706 839 2740 prosiliebant
855 2705 990 2741 lacrymae,

207 2758 239 2777 ac
252 2751 449 2785 desperationis
464 2750 550 2785 caligo
570 2758 631 2777 eum
653 2750 743 2777 omnia
775 2750 903 2777 interiora
925 2758 991 2778 con-

210 2797 317 2823 fusione
333 2797 482 2831 implesset.
492 2801 518 2823 et
534 2797 561 2822 in
574 2796 631 2830 ipso
639 2804 725 2831 usque
734 2797 826 2824 oculos
837 2797 988 2832 irrupisset,

209 2842 237 2867 in
265 2841 352 2868 rivum
385 2841 550 2868 mutabatur.
580 2840 647 2868 Nam
678 2841 805 2877 cogitatio
835 2842 989 2876 (desperata

1079 2659 1133 2685 Καὶ
1147 2658 1201 2694 γὰρ
1216 2658 1324 2693 ἐφάπαξ
1339 2659 1353 2684 ὁ
1367 2658 1494 2693 λογισμὸς
1509 2660 1557 2694 τῆς
1568 2661 1600 2686 ἐκ
1610 2660 1697 2694 λόγων
1710 2662 1833 2696 ἀπειρη-

1042 2704 1096 2735 κὼς
1111 2704 1246 2739 σωτηρίας
1259 2705 1298 2735 εἰς
1316 2704 1455 2739 ἱκετηρίαν
1469 2705 1518 2740 τὴν
1532 2705 1612 2739 φύσιν
1627 2707 1721 2742 αὐτὴν,
1735 2707 1782 2732 καὶ
1794 2708 1833 2734 τὰ

1041 2751 1145 2786 δάκρυα
1165 2750 1358 2785 προύϐάλλετο,
1374 2750 1500 2785 βοηθείας
1512 2752 1583 2782 τινὸς
1601 2752 1649 2778 καὶ
1666 2753 1835 2787 ἐπικουρίας

1041 2797 1073 2823 δι’
1089 2796 1178 2823 αὐτῶν
1193 2796 1305 2827 ἐλπίσας
1318 2799 1419 2831 τυχεῖν,
1432 2799 1456 2823 εἰ
1476 2798 1523 2824 καὶ
1542 2799 1686 2833 διεψεύσθη
1703 2798 1749 2825 τοῦ
1764 2799 1836 2834 βου-

1040 2844 1168 2878 ὶήματοςι
1186 2843 1246 2870 Οὐδ’
1266 2844 1337 2870 οὕτω
1356 2843 1409 2878 γὰρ
1427 2845 1529 2879 ἀνῆκαν
1551 2846 1576 2871 οἱ
1593 2845 1757 2880 βιαζόμενοι,
1779 2847 1837 2881 μέ-
