1945 3088
144 123 198 156 589
733 123 928 154 EPISTULA]

980 125 1004 154 Μ
1024 123 1141 154 LIBER
1158 123 1184 153 Ι.
1711 125 1766 156 590

145 189 208 217 χρις
220 181 254 209 ἂν
267 181 335 217 ὅπερ
349 180 412 217 ἐμοὶ
425 179 474 216 μὲν
491 179 651 216 ἀϐούλητον,
676 180 791 212 ἐκείνοις
818 180 846 207 δὲ
862 180 928 216 ὅπερ

983 181 1068 208 semel
1089 180 1177 208 salute
1197 178 1288 208 verbis
1308 179 1510 215 consequenda)
1535 184 1660 208 naturam
1682 181 1767 216 ipsam

144 224 179 261 ἦν
193 227 277 262 εὐχῆς
291 227 371 263 ἔργον
386 226 581 262 διεπέπρακτο,
608 226 665 253 Καὶ
685 225 760 252 οὓτω
786 225 877 253 λοιπον
891 226 928 257 είς

985 225 1018 252 ad
1029 224 1254 260 supplicationem
1268 228 1296 251 et
1305 224 1436 260 laerymas
1446 225 1592 257 excitabat,
1603 226 1646 253 his
1655 234 1769 261 sperans

145 272 247 307 μέσους
261 274 324 305 τοὺς
336 272 477 308 θορύϐους,
492 270 535 304 οἷς
558 273 573 299 ὁ
588 272 677 299 πάντα
700 272 778 303 εἰδὼς
799 272 928 309 κρίμασιν

984 270 1115 298 auxilium
1134 274 1162 297 et
1182 277 1261 305 opem
1281 269 1402 297 nancisci
1420 278 1450 298 se
1470 278 1559 306 posse,
1579 271 1702 305 quamvis
1720 279 1770 300 vo-

146 318 302 352 ὲπίσταται,
326 319 496 354 διακαρτερῶ
525 318 733 354 καθιστάμενος,
748 317 828 352 ἀλλὰ,
847 318 928 354 Δρυὸς

984 317 1090 344 luntate
1111 324 1143 344 ac
1159 316 1299 351 proposito
1315 323 1365 344 suo
1389 316 1532 344 deciderit.
1549 316 1605 344 Nec
1629 318 1703 346 enim
1726 318 1769 346 sic

147 363 198 398 μὲν
214 364 274 397 ἆλις
285 384 292 398 ,
309 364 436 400 εὔκαιρον
451 366 539 392 εἰπεῖν
552 365 603 400 τὴν
614 364 773 400 παροιμίαν.

985 363 1149 390 remiserunt
1173 369 1214 394 se,
1235 362 1281 397 qui
1309 361 1363 389 vim
1392 361 1648 398 faciebaiit;quoad
1673 368 1768 392 cetra

145 410 313 438 voluntatem
337 418 425 438 meam
439 431 446 444 ,
469 411 578 438 illorum
605 418 671 438 vero
690 417 726 437 ex
740 409 874 437 sententia
890 416 935 437 res
954 408 1075 444 perfecta
1095 413 1147 436 est.
1167 408 1212 436 Sic
1228 409 1256 436 in
1270 409 1368 436 mediis
1382 408 1416 436 de
1436 414 1534 437 caetero
1549 411 1719 443 tumultibus,
1737 411 1770 439 iis

143 457 262 499 iudiciis,
276 464 337 492 qua:
349 458 399 484 scit
413 457 459 492 qui
472 456 548 484 novit
560 456 663 488 omnia,
674 457 822 484 toleranter
838 456 917 491 dego,
929 455 976 484 sed
985 455 1052 483 satis
1068 462 1194 490 quarens
1220 455 1409 490 tempestivum
1422 460 1464 483 est
1476 456 1566 484 dicere
1583 458 1767 492 proverbium.

188 502 264 529 Ἐπεὶ
280 501 308 528 δὲ
336 502 431 529 πασῶν
446 502 545 538 ἀρίστη
569 501 695 529 κοινωνία
707 502 724 537 ὴ
738 501 866 528 κοινωνία
882 501 932 535 τῆς

145 545 262 577 πίστεως
277 546 326 573 καὶ
338 546 386 581 τῆς
399 545 515 580 ἀληθοῦς
530 545 650 580 ἀγάπης,
660 545 738 572 τοῦτο
749 545 781 580 δὴ
794 545 824 571 τὸ
837 543 931 571 αίτιώ-

144 601 236 624 τατον,
253 592 290 623 ὡς
305 592 338 619 ἂν
352 593 398 620 τὸν
409 593 477 628 πρὸς
487 593 536 628 τὴν
551 593 687 628 ὑμετέραν
705 593 831 628 ὁσιότητα
845 592 930 619 καθα-

146 639 192 673 ρόν
204 647 234 665 τε
249 638 296 664 καὶ
307 638 491 666 ἀδιάσπαστον
503 639 602 674 δεσμὸν
621 638 813 674 ὲργασώμεθα,
831 639 931 673 χρῆναι

144 685 192 711 καὶ
203 684 237 711 τὰ
246 684 295 718 τῆς
309 684 386 719 ἡμῶν
401 684 448 711 καὶ
474 685 552 719 ὑμῶν
578 684 697 716 πίστεως
714 685 752 716 ὼς
772 685 801 711 ὲν
818 684 930 719 βραχέσι

145 729 369 766 στηλογραφῆσαι
381 729 577 765 διεγνώκαμεν,
588 730 712 757 ἐντεῦθεν
725 730 774 762 τάς
790 738 819 757 τε
835 730 930 765 ὑμετέ-

148 785 197 811 ρας
214 775 295 811 εὺχὰς
308 775 422 811 θερμότε
428 784 472 811 ρον
485 775 681 811 ἐπισπώμενοι,
702 776 749 803 καὶ
762 776 812 811 τὴν
828 776 930 811 ἡμετέ-

145 829 196 857 ραν
209 821 277 857 προς
291 821 363 856 ὑμᾶς
375 821 494 848 διάθεσιν
508 821 736 853 ἀνατπύσσοντες.
754 847 756 849 ,

1020 501 1154 534 Quoniam
1183 508 1250 529 vero
1273 501 1397 529 omnium
1421 502 1522 536 optima
1540 507 1581 530 est
1606 503 1669 531 ﬁdei
1693 512 1770 532 com-

985 548 1090 581 munio,
1103 547 1274 582 maximaque
1285 548 1407 575 omnium
1420 556 1500 577 causa
1514 556 1584 576 verte
1595 549 1768 579 dilectionis;

985 598 1016 621 ut
1039 593 1065 621 id
1089 601 1151 620 cum
1170 597 1260 620 vestra
1286 593 1430 621 sanctitate
1446 602 1544 629 purum
1570 599 1598 622 et
1623 595 1770 624 insolubile

983 639 1122 667 vinculum
1131 639 1261 666 faciamus
1271 648 1278 666 :
1287 640 1444 667 censuimus
1455 645 1586 673 nostram,
1596 646 1769 677 vestramque

984 686 1064 713 ﬁdem
1089 685 1208 713 breviter
1229 689 1357 721 tanquam
1383 686 1410 713 in
1437 687 1562 714 columna
1586 688 1768 716 scribendam.

984 731 1048 759 inde
1079 732 1215 760 orationes
1249 737 1354 760 vestras
1382 733 1532 766 fervidius,
1562 735 1769 770 promptiusque

982 777 1162 810 attrahentes,
1171 781 1350 813 nostrumque
1358 778 1385 805 in
1392 785 1441 806 vos
1454 778 1581 806 affectum
1589 779 1767 814 explicantes.

180 867 304 894 Πιστεύω
314 867 458 903 τοιγαροῦν
473 868 513 899 είς
528 867 576 895 ἕνα
599 868 677 900 Θεὸν,
694 868 807 900 τέλειον,
831 867 928 895 τελειο-

1017 865 1105 894 Credo
1120 866 1201 901 igitur
1216 866 1242 894 in
1267 875 1350 894 unum
1370 866 1452 895 Deum
1463 888 1469 900 ,
1486 867 1647 902 perfectum,
1659 873 1686 896 et
1704 877 1767 904 per-

146 912 223 939 ποιὺν
235 912 356 947 Πατέρα,
377 912 452 946 Υἰὸν,
482 912 530 939 καὶ
545 913 656 948 Πνεῦμα
675 913 763 948 ἅγιον,
774 914 806 940 οὐ
818 913 932 941 κατατέ-

147 967 220 994 μνων
235 960 268 994 τῇ
283 959 337 986 τῶν
354 959 527 986 ὑποστάσεων
542 959 694 995 ἑτερότητι,
707 961 754 986 καὶ
772 960 822 995 τὴν
850 960 931 995 φύσιν

145 1004 336 1040 (ὲκτεμνέσθω
359 1004 413 1040 γὰρ
444 1006 460 1040 ἡ
492 1004 597 1039 ’Δρείου
614 1006 777 1041 κατατομὴ),
809 1006 876 1033 ἀλλὰ
896 1007 929 1042 τῇ

145 1051 292 1086 ταυτότητι
311 1051 361 1085 τῆς
384 1051 492 1086 φύσεως
507 1052 558 1086 τὴν
574 1052 629 1079 τῶν
643 1052 819 1079 ὐποστάσεων
837 1053 930 1088 διαφο-

146 1095 198 1130 ρὰν
213 1094 330 1127 δοξάζω.
347 1096 564 1131 Συναναιρείσθω
589 1097 644 1132 γὰρ
667 1097 864 1132 παραπλησίως
885 1098 931 1125 καὶ

145 1142 164 1176 ὴ
178 1141 224 1167 τοῦ
239 1141 384 1167 Σαϐελλίου
400 1142 676 1178 συναίρεσις.Τριάδα
691 1143 841 1177 παναγίαν,
860 1152 929 1170 παν-

146 1187 270 1222 τουργδν,
300 1187 514 1222 παντοδύναμον,
558 1189 726 1224 συνάναρχον
765 1191 815 1224 μὲν
844 1189 930 1224 αὐτὴν

147 1233 242 1269 ἑαυτῇ,
269 1233 307 1265 ὡς
334 1233 463 1268 χρονιχῆς
488 1234 597 1269 ἁπάσης
617 1234 704 1270 ἀρχῆς
728 1235 928 1271 ὑπεράναρχον,

146 1279 235 1314 ἀρχῆς
247 1279 276 1305 δὲ
291 1278 338 1305 καὶ
353 1278 439 1305 αίτίου
454 1278 533 1313 λόγον
547 1280 576 1306 ὲν
593 1280 660 1315 αὐτῇ
686 1280 733 1307 τοῦ
745 1280 851 1316 Πατρὸς
862 1281 929 1307 ἀνα-

145 1324 326 1360 πληροῦντος.
350 1323 429 1351 οὕτω
454 1324 507 1360 γὰρ
531 1325 578 1351 καὶ
603 1325 653 1360 τῆς
668 1326 798 1361 χρονικῆς
820 1326 926 1358 ἐννοίας

145 1370 284 1405 ὀμοτίμως
299 1371 316 1404 ὴ
329 1369 414 1405 Τριὰς
427 1369 684 1405 ὺπεριδρυθήσεται.
700 1371 748 1398 καὶ
767 1371 817 1407 τῆς
839 1371 925 1407 αὐτῆς

145 1415 240 1447 οὐσίας
252 1415 291 1451 τῷ
312 1415 410 1450 Πατρὶ,
435 1415 467 1448 ἐξ
481 1413 566 1451 οὗπερ
593 1417 608 1443 ό
637 1416 687 1452 μὲν
702 1417 859 1452 ἀρῥεύστως
882 1418 929 1444 καὶ

146 1462 275 1497 ἀρρήτως
286 1461 501 1497 γεγέννηται,τὸ
523 1462 552 1489 δὲ
571 1463 783 1499 ὲκπεπόρευται,
808 1464 929 1499 οεολογι-

145 1508 202 1538 κῶς
220 1507 480 1543 ὑμνολογηοήσεται.
508 1508 611 1544 Τριάδα
638 1509 785 1544 παναγίαν,
814 1510 930 1546 int-epoti-

147 1560 206 1580 σιον
230 1553 334 1585 οὐσίαν,
350 1553 380 1580 τὸ
395 1553 457 1589 μὲν,
475 1554 516 1581 ὄτι
540 1554 631 1590 πάσης
651 1555 748 1587 οὐσίας
769 1555 928 1591 Θεοπρεπῶς

146 1599 382 1635 ὑπεραναόέόηκε,
407 1600 438 1626 τὸ
455 1600 493 1634 δὲ,
510 1601 552 1627 ὅτι
569 1601 637 1627 πᾶσι
651 1602 708 1632 τοῖς
726 1598 803 1628 οὖσιν
816 1601 929 1629 αὐτόθεν

145 1645 164 1680 ἡ
181 1645 282 1680 μετοχὴ
306 1644 354 1672 τοῦ
377 1643 460 1674 εἷναι.
487 1646 679 1682 Ὑπεράγσοον
707 1646 875 1682 ἁγαθότητα,
898 1646 929 1673 τὸ

146 1691 207 1727 μὲν,
222 1692 264 1718 ὅτι
277 1692 354 1728 πηγὴ
368 1691 546 1727 ἀγαθότητος,
570 1692 602 1718 τὸ
617 1692 658 1725 δὲ,
682 1692 722 1719 ὅτι
740 1693 798 1724 τοῖς
816 1692 929 1727 ἀγαθοῖς

145 1738 250 1765 ἐκεῖθεν
259 1739 289 1765 τὸ
304 1738 499 1772 ἀγαθύνεσθαι,
514 1738 592 1765 τοῦτο
609 1739 677 1774 ἡμῖν
698 1738 736 1770 ὡς
755 1739 783 1765 ὲν
799 1738 929 1774 βραχέσιν

145 1783 163 1819 ὴ
176 1783 301 1817 τῆς¹καθ“
319 1784 393 1818 ἡμᾶς
407 1783 547 1817 θεολογίας
559 1782 721 1817 ἀδιάϐλητος
736 1781 928 1817 μυσταγωγία.

181 1874 235 1901 Τὸν
248 1874 276 1901 δὲ
292 1874 357 1901 Υἱὺν
368 1875 415 1901 καὶ
430 1874 518 1908 Λόγον
533 1873 580 1901 τοῦ
594 1873 663 1900 Θεοῦ
690 1873 738 1900 καὶ
758 1873 866 1908 Πατρδς
886 1873 929 1899 ἐπ’

148 1921 271 1956 ἐσχάτων
284 1920 338 1948 τῶν
351 1920 461 1956 ἡμερῶν
474 1920 506 1947 ὲκ
519 1921 568 1955 τῆς
585 1919 777 1955 ’Λειπαρθένου
789 1919 835 1946 καὶ
845 1919 929 1954 ὑπερ-

146 1966 252 1999 ενδόξου
275 1966 423 2002 Δεσποίνης
441 1966 520 2002 ἡμῶν
544 1965 678 1993 Θεοτόκου
702 1965 843 2000 προελθεῖν
860 1965 930 2000 μετὰ

147 2013 247 2048 σαρκὸς
272 2012 472 2048 ὲμψυχωμένης
502 2012 575 2048 ψυχῇ
600 2012 681 2047 νοερᾷ
693 2020 723 2038 τε
751 2012 798 2038 καὶ
821 2011 928 2047 λογικῇ,

146 2060 269 2086 τουτέστι
278 2059 380 2086 τέλειον
388 2058 531 2094 ἄνθρωπον
543 2058 728 2093 ἀνειληφέναι,
743 2057 926 2094 καὶέὰληθείᾳ,

147 2105 215 2132 ἀλλὰ
242 2105 280 2141 μὴ
305 2105 377 2132 κατὰ
404 2092 568 2140 φαντασίαν,
586 2105 616 2131 οὐ
631 2092 849 2140 γπροσωπικῖὒςί
868 2104 929 2130 οὐδέ

147 2159 207 2178 τινα
221 2150 275 2177 τῶν
288 2150 348 2177 καθ’
367 2151 470 2178 ἕκαστα
490 2150 567 2186 ίδικῷ
579 2153 626 2178 καὶ
633 2150 819 2186 ἀφωρισμένῳ
842 2158 928 2185 χαρα-

981 911 1108 939 lectionis
1124 912 1285 940 eilicientem
1302 912 1419 946 Patrem,
1435 919 1463 941 et
1478 913 1621 947 Filium,et
1635 914 1765 949 Spiritum

981 960 1124 988 sanctum,
1149 963 1204 984 non
1233 956 1358 984 dividens
1384 964 1562 992 personarum
1593 958 1766 987 distinctione

981 1001 1064 1028 etiam
1087 1006 1211 1029 naturam
1229 1001 1342 1037 (dividat
1355 1002 1428 1029 enim
1449 1003 1520 1030 Arrii
1536 1003 1646 1038 divisio)
1663 1004 1711 1032 sed
1736 1004 1765 1031 in

981 1046 1125 1075 identitate
1144 1052 1248 1075 natura:
1272 1055 1451 1083 personarum
1476 1048 1656 1077 differentiam
1672 1050 1763 1077 credo.

981 1092 1103 1120 Tollatur
1115 1094 1188 1121 enim
1206 1094 1309 1128 pariter
1321 1098 1347 1122 et
1358 1094 1466 1122 Sabellii
1478 1096 1637 1123 contractio.
1646 1095 1765 1124 Trinita-

982 1143 1035 1166 tem
1048 1139 1246 1167 sanctissimam
1258 1141 1380 1168 omnium
1388 1141 1527 1176 opiﬁcem,
1538 1143 1763 1178 omnipotentem;

980 1185 1067 1220 ipsam
1083 1185 1193 1213 sibimet
1212 1185 1291 1214 simul
1303 1186 1480 1214 exsistentem
1498 1188 1556 1215 sine
1572 1188 1717 1224 principio,
1735 1194 1766 1217 ut

980 1237 1062 1257 omne
1075 1231 1224 1265 temporale
1241 1231 1406 1266 principium
1428 1233 1616 1264 excedentem.
1637 1238 1664 1261 el.
1685 1234 1764 1262 initio

971 1273 1130 1309 "carentem,
1138 1277 1262 1312 principii
1270 1281 1359 1305 autem
1368 1283 1395 1306 et
1405 1286 1494 1306 causae
1503 1279 1636 1307 rationem
1645 1279 1672 1306 in
1684 1279 1764 1308 Patre

980 1321 1129 1357 implente:
1143 1322 1182 1350 sie
1196 1323 1268 1350 enim
1283 1327 1311 1351 et
1327 1331 1410 1359 super
1425 1325 1601 1360 temporalem
1621 1326 1763 1361 cogitatio-

980 1374 1042 1394 nem
1062 1367 1119 1402 pari
1143 1368 1246 1396 honore
1265 1369 1386 1397 Trinitas
1408 1371 1562 1405 stabilitur;
1586 1376 1614 1400 et
1641 1372 1764 1408 ejusdem

979 1413 1138 1441 substantiae
1160 1421 1222 1442 cum
1248 1414 1337 1449 Patre,
1364 1424 1397 1444 ex
1422 1424 1476 1452 quo
1499 1417 1543 1445 hic
1563 1417 1675 1452 quidem
1703 1418 1764 1446 sine

979 1459 1097 1487 ﬂuxione
1107 1465 1135 1488 et
1143 1460 1318 1490 ineﬂ‘abiliter
1327 1463 1436 1498 genitus
1449 1468 1498 1494 est.
1512 1463 1557 1491 hic
1567 1471 1632 1492 vero
1642 1464 1765 1499 procedit

980 1506 1142 1542 theologice,
1152 1507 1260 1543 hymnis
1273 1509 1632 1537 celebrabitur.Trinitatem
1648 1511 1764 1539 sanctis-

980 1553 1087 1584 simam,
1110 1555 1398 1589 super-substantialem
1420 1557 1609 1590 substantiam,
1632 1557 1684 1586 hoe
1703 1558 1765 1594 qui-

979 1598 1052 1633 dem,
1065 1600 1137 1635 quod
1149 1608 1256 1628 omnem
1271 1601 1452 1629 substantiam
1468 1601 1523 1630 Deo
1538 1603 1653 1631 decente
1667 1611 1765 1639 super-

981 1645 1114 1680 greditur;
1132 1645 1184 1674 hoc
1199 1653 1264 1674 vero
1274 1646 1346 1681 quod
1362 1647 1425 1674 inde
1442 1647 1569 1676 omnibus
1581 1649 1691 1676 cutibus
1701 1657 1765 1684 par-

980 1690 1101 1724 ticipatio
1116 1695 1159 1718 est
1175 1691 1281 1719 essendi
1296 1699 1379 1727 super
1395 1699 1476 1720 omne
1492 1692 1591 1720 bonum
1604 1693 1764 1726 bonitatem,

980 1736 1033 1763 hoc.
1057 1736 1166 1771 quidem
1191 1737 1265 1771 quod
1289 1736 1351 1765 fons
1373 1737 1511 1770 bonitatis,
1530 1739 1583 1766 hoc
1605 1747 1670 1766 vero
1692 1740 1763 1774 quod

979 1780 1059 1808 bonis
1073 1781 1146 1809 illinc
1160 1785 1211 1813 est,
1228 1782 1299 1816 quod
1315 1782 1385 1809 bona
1403 1787 1482 1815 sunt,
1500 1783 1553 1811 hoc
1568 1784 1647 1811 nobis
1666 1788 1709 1811 est
1722 1785 1765 1818 (ut

980 1826 1007 1854 in
1023 1827 1161 1863 brevibus)
1170 1828 1312 1863 theologia:
1321 1833 1422 1856 nostrae
1430 1828 1600 1864 inculpabilis
1609 1829 1763 1864 disciplina.

1016 1872 1112 1900 Filium
1130 1881 1196 1901 vero
1213 1878 1241 1901 et
1265 1874 1382 1902 Verbum
1399 1875 1446 1902 Dei
1463 1879 1490 1902 et
1505 1874 1594 1902 Patris
1609 1875 1635 1902 in
1661 1875 1764 1903 ultimis
1818 1885 1823 1890 '

979 1918 1075 1946 diebus
1090 1926 1124 1946 ex
1141 1926 1250 1955 semper
1262 1919 1373 1955 Virgine
1385 1924 1413 1948 et
1426 1922 1626 1957 supergloriosa
1648 1922 1763 1950 Domina

979 1969 1073 1992 nostra
1104 1964 1218 2000 Deipara
1247 1966 1413 2001 processisse
1443 1974 1505 1994 cum
1531 1974 1613 1995 carne
1643 1969 1763 1997 animata

979 2010 1069 2038 anima
1083 2011 1244 2047 intelligenti
1255 2016 1283 2040 et
1294 2012 1430 2046 rationali,
1445 2012 1473 2040 id
1487 2018 1538 2045 est,
1554 2014 1704 2048 perfectum
1714 2015 1764 2042 ho-

979 2056 1080 2084 minem
1099 2057 1280 2092 assumpsisse
1302 2059 1426 2091 veritate,
1449 2066 1503 2086 non
1520 2059 1661 2094 phantasia
1677 2068 1684 2087 :
1707 2069 1762 2088 non

979 2102 1169 2136 personaliter,
1184 2110 1275 2137 neque
1289 2103 1406 2138 aliquem
1423 2104 1449 2131 in
1466 2104 1579 2140 singulis
1601 2106 1711 2140 proprio
1730 2114 1763 2134 ac

979 2147 1158 2175 determinato
1180 2148 1338 2176 charactere
1358 2149 1588 2184 circumﬁnitum,
1606 2152 1652 2178 sed
1675 2156 1762 2179 totum

148 2197 230 2231 κτῆρι
247 2195 480 2231 περιοριζόμενον,
496 2196 552 2222 ἀλλ’
565 2196 625 2222 ὅλον
650 2196 696 2222 τὸν
721 2195 877 2230 ἄνθρωπον,
897 2195 926 2221 ὃν

980 2194 1129 2227 hominem,
1144 2201 1225 2230 quem
1239 2195 1269 2222 in
1284 2202 1332 2222 sua
1351 2195 1487 2230 hypostasi
1510 2195 1679 2224 individuum
1695 2197 1762 2224 sub-

147 2243 194 2269 καὶ
216 2242 246 2268 ἐν
273 2242 305 2276 τῇ
323 2240 404 2267 αὑτοῦ
432 2241 610 2275 ἁτομώσαντά
634 2249 664 2267 τε
693 2241 852 2272 ὑποστάσει,
880 2240 928 2267 καὶ

145 2288 337 2323 ὑποστήσαντα
361 2287 447 2314 σῶσαι
477 2287 508 2313 τὸ
533 2286 701 2321 ἀνθρώπινον
734 2287 823 2321 γένος,
846 2295 930 2313 σεσω-

147 2334 284 2368 σμέναςτε
295 2332 341 2358 ἐπὶ
348 2332 395 2359 τοῦ
406 2332 487 2359 αὐτοῦ
502 2332 549 2359 καὶ
566 2332 624 2364 ἐνὸς
638 2333 755 2368 Χριστοῦ
768 2333 818 2363 τὰς
832 2333 927 2367 φύσεις

147 2379 282 2414 θεότητος,
311 2379 358 2406 καὶ
394 2378 614 2414 ἁνθρωπότητος,
644 2379 787 2414 ἡνωμένας
817 2379 866 2414 μὲν
894 2380 926 2414 τῇ

147 2425 208 2452 καθ’
221 2425 369 2451 ὑπόστασιν
381 2424 486 2456 ἑνώσει,
501 2424 561 2451 ἀλλ’
571 2424 600 2451 οὐ
624 2425 801 2460 πεφυρμένας
815 2425 849 2460 τῇ
868 2423 927 2450 κατ’

146 2472 241 2498 οὐσίαν
262 2471 413 2498 ἀλλοιώσει.
441 2471 513 2497 Μίαν
539 2470 588 2505 μὲν
616 2470 766 2497 ὑπόστασιν
796 2470 926 2505 Χριστοῦ,

147 2517 194 2543 δύο
208 2516 236 2543 δὲ
250 2517 355 2551 φύσεις,
376 2517 423 2542 καὶ
441 2515 560 2550 ἑκατέρᾳ
573 2515 664 2542 αὐτῶν
674 2515 704 2541 τὸ
720 2515 785 2541 [διον
799 2514 928 2549 ἀπονέμω

148 2563 264 2598 θέλημα.
278 2563 332 2589 Δύο
343 2563 397 2597 γὰρ
415 2562 557 2597 θελήματα
579 2562 626 2587 ἐπὶ
646 2560 767 2596 Χριστοῦ
791 2561 927 2596 ἀμείωτα,

148 2610 189 2636 ὅτι
218 2609 265 2635 καὶ
291 2608 342 2640 δύο,
364 2609 509 2642 ἐνέργειαι.
547 2607 598 2633 Τὸν
628 2607 708 2633 αὑτὸν
733 2606 855 2641 παθητὸν
881 2606 928 2632 καὶ

146 2655 249 2689 ἀπαθῆ,
273 2654 392 2689 φθαρτὸν
427 2655 473 2680 καὶ
495 2653 642 2688 ἄφθαρτον,
677 2652 798 2688 γραπτόν
825 2660 856 2678 τε
881 2653 928 2678 καὶ

146 2700 296 2736 ἄγραπτον.
311 2699 345 2726 τὰ
358 2699 407 2734 μὲν
430 2699 614 2733 οἰκειούμενος
642 2699 676 2733 τῇ
698 2697 816 2733 Θεότητι,
843 2697 879 2723 τὰ
899 2697 927 2723 δὲ

146 2746 311 2780 προσάπτων
323 2746 356 2780 τῇ
374 2744 576 2779 ἀνθρωπότητι.
591 2743 785 2779 Σταυρωθέντα
796 2742 927 2773 ἑκουσίως

147 2791 217 2824 ὑπὲρ
242 2791 330 2826 ἡμῶν,
355 2791 401 2817 καὶ
427 2790 558 2825 πρόξενον
576 2790 640 2824 ἡμῖν
661 2789 710 2823 τῆς
734 2788 780 2815 τοῦ
806 2787 923 2814 θανάτου

147 2837 319 2868 καταλύσεως
343 2836 389 2864 τὸν
413 2836 501 2871 τίμιον
523 2835 639 2871 σταυρὸν
668 2835 714 2862 καὶ
742 2835 927 2871 προσχυνητὸν

979 2240 1075 2268 sistere
1087 2240 1164 2273 fecit,
1180 2246 1211 2268 ut
1226 2249 1312 2277 genus
1326 2241 1475 2269 humanum
1492 2242 1617 2269 salvaret.
1636 2242 1762 2270 Servata:

978 2286 1059 2314 etiam
1077 2286 1105 2313 in
1126 2286 1223 2314 eodem
1239 2291 1267 2314 et
1282 2294 1336 2314 uno
1357 2287 1465 2314 Christo
1480 2292 1593 2314 naturas
1612 2288 1761 2315 divinitatis

978 2338 1006 2359 et
1031 2332 1218 2364 humanitatis,
1239 2333 1329 2359 unitas
1354 2333 1463 2367 quidem
1489 2333 1590 2360 unione
1612 2334 1761 2362 secundum

979 2378 1157 2413 hypostasim,
1175 2378 1221 2405 sed
1243 2385 1297 2406 non
1313 2379 1441 2406 confusas
1461 2379 1628 2407 substantias
1649 2381 1761 2407 alterili-

979 2424 1094 2457 catione;
1112 2432 1194 2452 unam
1208 2424 1318 2459 quidem
1333 2425 1500 2460 hypostasin,
1518 2426 1586 2452 duas
1601 2434 1666 2453 vero
1681 2431 1761 2454 natu-

978 2476 1037 2502 ras;
1051 2474 1079 2496 et
1096 2469 1203 2504 utrique
1214 2478 1307 2497 earum
1322 2470 1459 2505 propriam
1478 2471 1566 2497 tribuo
1582 2471 1760 2499 voluntatem.

978 2515 1050 2542 Duas
1061 2515 1135 2542 enim
1151 2516 1303 2543 voluntates
1318 2516 1344 2543 in
1359 2516 1470 2543 Christo
1485 2524 1539 2543 non
1553 2517 1682 2551 minutas,
1698 2518 1761 2553 quia

978 2565 1006 2587 et
1019 2561 1079 2587 diue
1091 2561 1261 2595 operationes
1275 2570 1281 2588 :
1297 2561 1421 2588 eumdem
1444 2561 1599 2596 passibilem
1617 2566 1644 2589 et
1660 2563 1761 2597 impas-

978 2605 1094 2638 sibilem;
1112 2605 1314 2640 corruptibilem
1334 2610 1361 2633 et
1379 2606 1628 2641 incorruptibilcm;
1644 2607 1761 2634 circum-

977 2651 1155 2686 scriptibilem
1175 2657 1202 2679 et
1227 2651 1557 2686 incircumscriptibilem;
1584 2653 1635 2680 alia
1660 2661 1760 2687 appro-

977 2697 1069 2732 prians
1084 2697 1230 2729 divinitati,
1247 2698 1298 2725 alia
1314 2698 1474 2726 humanitati
1492 2699 1654 2731 attribuens;
1671 2699 1760 2726 cruci-

978 2743 1061 2770 ﬁxum
1077 2743 1216 2771 voluntate
1235 2751 1284 2778 pro
1302 2745 1391 2772 nobis.
1416 2744 1449 2772 Et
1472 2745 1518 2779 qui
1540 2745 1619 2772 nobis
1643 2745 1760 2780 pratbuit

978 2789 1163 2816 honorabilem
1178 2794 1206 2817 et
1221 2790 1402 2818 venerandam
1414 2790 1528 2817 Crucem
1539 2811 1546 2823 ,
1567 2790 1759 2817 destructionis

978 2835 1072 2863 mortis
1085 2843 1195 2863 causam
1212 2845 1218 2862 :
1235 2835 1372 2871 sepultura
1393 2835 1518 2863 eumdem
1543 2843 1574 2864 ac
1594 2836 1620 2863 in
1646 2834 1760 2863 mortuis
