1945 3088
154 683 161 697 Ι

158 702 163 716 l

159 734 163 748 '.

191 143 242 177 591

760 136 891 167 PIIOTII
911 133 1166 166 PATRIARClI/E
1185 132 1238 163 ΟΡ.

1749 123 1806 160 ~592

186 204 422 230 connumeratum.
433 198 483 232 Qui
493 196 572 225 tertia
585 195 630 223 die
638 194 715 230 juxta
723 193 810 228 ipsius
817 192 968 226 deiloqnam

1029 189 1240 225 παρασχόμενον.
1272 187 1396 222 Ταφέντα
1424 195 1454 213 τε
1467 186 1513 213 τὸν
1530 185 1611 212 αὑτὸν
1631 185 1679 212 καὶ
1700 187 1806 221 νεκροῖς

189 254 283 275 vocem
299 254 314 273 a
330 245 443 273 mortuis
459 242 606 271 resurrexit
618 251 625 268 :
636 241 736 276 quique
748 240 823 266 visus
836 243 878 266 est
891 238 972 265 disci-

187 294 269 329 pulis,
284 297 312 320 et
325 299 387 319 cum
401 291 454 318 illis
470 289 575 317 edendo
589 287 756 318 acbibendo,
768 292 876 312 omnem
885 284 973 312 ambi-

189 338 320 374 guitatem
336 343 367 363 ac
381 333 532 370 phantasia;
546 333 702 368 opinionem
716 331 751 358 ab
771 330 811 358 eis
825 329 972 358 submovit.

188 382 291 410 Deinde
314 385 342 408 et
365 379 487 407 ascendit
510 385 563 405 una
580 384 642 404 cum
665 379 815 410 assnmpta,
835 374 894 402 sive
909 381 971 401 cum

188 425 308 453 animata
324 424 416 451 anima
433 421 594 458 intelligenti
613 426 641 448 et
659 420 782 448 rationali
805 419 891 454 ipsius
909 426 972 454 pro~

188 471 247 506 pria
264 476 356 497 carne.
375 469 409 496 Et
423 469 521 496 iterum
537 466 638 502 pariter
651 471 782 493 venturus
797 469 838 492 est
852 464 885 491 ad
902 463 973 499 judi-

187 516 306 544 candum
327 515 401 542 viv05
424 518 452 541 et
477 518 610 540 mortuos.
636 511 682 539 Sic
702 512 781 539 ‘enim
795 510 862 538 dicit
881 510 973 538 divina

189 563 329 599 Scriptura
339 571 362 589 τι
370 561 465 589 Veniet
476 560 703 596 quemadmodum
714 558 819 586 vidistis
832 565 895 586 eum
906 565 974 585 eun-

190 614 244 636 tem
259 609 287 636 in
301 608 410 636 ctelum.
429 617 439 634 ι

1022 236 1267 270 συναριθμηθέντα,
1294 235 1340 260 καὶ
1370 233 1519 268 τριήμερον
1548 232 1619 258 κατὰ
1647 231 1697 266 τὴν
1723 231 1805 257 αὐτοῦ

1021 283 1202 316 θεόφθεγκτον
1219 281 1310 316 φωνὴν
1326 281 1358 306 ὲκ
1371 279 1425 306 τῶν
1451 286 1554 313 νεκρων
1570 276 1735 306 ἀναστάντα,
1759 276 1806 302 καὶ

1021 330 1077 360 τοῖς
1099 327 1234 364 μαθηταῖς
1261 325 1389 359 ὀφθέντα,
1412 324 1460 351 καὶ
1478 323 1516 358 τῷ
1536 323 1690 357 συμφαγεῖν
1715 321 1806 353 αὐτοῖς

1021 375 1069 401 καὶ
1094 374 1222 409 συμπιεῖν
1255 373 1347 398 πᾶσαν
1383 369 1550 406 ἀμφιϐολίαν
1584 367 1633 394 καὶ
1656 367 1807 402 φαντασίας
1834 365 1840 377 ¹

1023 420 1158 454 ὑπόληψιν
1179 414 1270 446 τέλεον
1299 417 1390 444 αὐτῶν
1422 414 1643 442 ἁπεσκευακότα.
1672 411 1739 440 Εῐτα
1762 413 1808 439 καὶ

1024 464 1212 499 ἀναληφθέντα
1229 463 1299 498 μετὰ
1323 461 1370 489 τοῦ
1393 461 1618 496 προσλήμματος,
1632 459 1716 495 ἧγουν
1739 459 1807 493 μετὰ

1023 513 1073 545 τῆς
1089 509 1293 546 ὲμψυχωμένης
1309 507 1381 542 ψυχῇ
1394 507 1474 542 νοερᾷ
1489 514 1517 532 τε
1534 505 1582 532 καὶ
1594 504 1690 539 λογικῇ
1704 504 1808 535 οἰκείας

1024 556 1108 584 αὑτοῦ
1122 555 1235 592 σαρκὸς,
1254 554 1302 581 καὶ
1317 553 1399 580 πάλιν
1413 552 1543 582 ὡσαύτως
1558 551 1705 586 ἐρχόμενον
1719 551 1759 581 είς
1778 550 1808 575 τὸ

1025 603 1117 637 κρῖναι
1127 601 1231 633 ζῶντας
1239 601 1286 632 καὶ
1295 598 1434 634 νεκρούς.‹
1444 597 1537 629 Οὕτως
1545 597 1609 631 γὰρ,
1617 596 1684 631 φησὶ
1693 596 1723 622 τὸ
1737 595 1810 630 ιερὺν

188 655 297 690 Δόγιον,
322 653 472 683 ἐλεύσεται,
500 652 529 678 ὃν
549 652 648 687 τρόπον
662 650 811 678 ἐθεάσασθε
822 649 903 676 αὑτὸν
922 647 1113 683 πορευόμενον
1129 647 1170 678 είς
1189 645 1235 672 τὸν
1252 645 1377 680 οὐρανόν.
1394 653 1403 669 ι

227 701 273 728 Sic
294 699 416 727 sentiens
441 704 469 725 et
488 697 621 726 conﬁtens
639 695 896 724 incommutabiliter
912 701 972 722 eam

191 746 283 778 ﬁdem,
298 752 359 780 quae
376 743 402 770 in
418 743 551 770 catholica
567 748 595 769 et
607 741 753 777 apostolica
777 740 897 768 Ecclesia
917 744 974 767 sta-

191 791 287 819 bilitur
299 794 327 817 et
340 789 513 825 praedicatur,
521 792 628 816 sanctas
638 793 666 815 et
675 787 858 815 tecumenicas
869 791 972 821 septem

191 837 309 873 synodos
338 834 449 869 recipio.
482 834 600 861 Primam
629 833 757 868 quidem,
783 836 877 867 utpote
909 840 972 866 ηυδε

190 882 295 913 Arium,
312 884 340 908 et
363 888 410 908 eos
432 880 477 915 qui
500 887 562 907 cum
584 887 617 907 eo
641 879 805 911 sentiebant,
833 886 886 905 una
913 886 974 905 cum

191 934 287 955 eorum
299 925 479 953 abominanda
493 929 627 952 creatura:
640 924 799 951 adoratione
812 923 928 957 disrupit
943 931 975 950 ac

191 973 300 1001 evertit.
315 971 470 999 Secundum
486 978 563 1002 vero,
574 978 634 1005 qum
654 971 723 998 laesa;
737 970 835 997 mentis
850 969 975 997 Macedo-

193 1018 268 1045 nium
281 1017 314 1044 ab
325 1016 507 1043 ecclesiastica
523 1016 715 1043 communione
731 1015 932 1046 exterminavit,
947 1019 976 1042 et

192 1062 317 1094 abscidit,
334 1062 379 1096 qui
397 1061 454 1096 pari
470 1065 551 1096 atque
570 1060 650 1087 Arius
665 1060 769 1087 insania
784 1060 932 1087 laborabat.
945 1059 975 1087 lu

192 1109 325 1138 creaturis
335 1109 407 1136 enim
421 1108 463 1136 hic
473 1115 581 1143 quoque
591 1108 802 1140 sanctissimum,
815 1111 842 1134 et
853 1107 975 1134 omnium

192 1155 317 1191 opiﬁcem
334 1162 439 1189 ponens
457 1153 599 1188 Spiritum,
616 1158 768 1181 creaturam
785 1153 898 1180 adorare
919 1160 975 1180 non

192 1201 379 1229 erubescebat.
392 1200 633 1228 Verumenimvero
655 1203 682 1226 et
708 1199 832 1232 tertiam,
847 1207 908 1234 quae
927 1199 975 1226 de-

190 1247 285 1283 posuit
295 1247 409 1281 impinm
423 1245 590 1278 Nestorium,
601 1252 632 1272 ac
643 1245 742 1272 evertit
759 1245 913 1272 innovatum
941 1245 976 1272 ab

192 1302 225 1321 eo
239 1294 293 1321 Deo
303 1300 411 1320 exesam
431 1291 675 1327 superstitionem:
692 1291 736 1318 hic
751 1291 823 1318 enim
846 1291 973 1324 indivise,

193 1344 221 1367 et
233 1340 381 1368 secundum
397 1338 551 1374 hypostasin
570 1338 674 1365 unitum
691 1337 745 1365 Deo
759 1338 849 1365 Verbo
864 1338 974 1365 totalem

191 1386 330 1414 hominem
342 1385 470 1412 audacter
486 1388 513 1411 ct
530 1384 672 1411 dementer
688 1391 702 1410 a
719 1383 809 1410 divina
825 1382 903 1409 Verbi
914 1383 976 1410 abs-

194 1432 306 1459 traliens
335 1430 489 1466 hypostasi,
503 1429 530 1456 in
546 1429 655 1464 propria
669 1437 730 1456 eum
748 1429 884 1465 hypostasi
904 1437 974 1462 esse,

192 1481 346 1505 monstrose
372 1476 479 1504 dicebat
507 1480 535 1502 et
561 1475 770 1510 imaginabatur.
805 1475 845 1504 Ac
875 1475 976 1503 idcirco

992 847 1013 875 Β

1061 693 1140 720 Οὕτω
1153 691 1270 727 φρονῶν,
1288 691 1334 717 καὶ
1347 687 1512 724 διομολογῶν
1532 687 1750 723 ἀπαρατρὲπτως
1760 688 1810 722 τὴν

1027 740 1056 766 ὲν
1070 740 1103 774 τῇ
1118 738 1248 773 καθολικῇ
1261 745 1291 763 τε
1307 737 1355 763 καὶ
1368 734 1689 770 ἀποστολικῇἙκκλησίᾳ.
1702 734 1811 769 ἑφιδρυ-

1029 786 1114 821 μένην
1130 794 1159 812 τε
1171 785 1217 811 καὶ
1240 783 1450 819 κηρυσσομένην
1475 781 1578 813 πίστιν,
1590 781 1640 812 τὰς
1660 781 1742 815 ἁγίας
1763 781 1810 808 καὶ⁸

1027 833 1219 869 οἱκουμενικὰς
1234 832 1304 858 ἑπτὰ
1327 830 1453 861 συνόδους
1478 829 1662 864 ἀποδέχομαι·
1686 828 1735 863 τὴν
1761 828 1810 863 μὲν

1029 879 1154 915 πρώτην,
1179 879 1229 906 ἅτε
1246 877 1278 913 δὴ
1300 878 1408 911 Ἀρειον
1440 875 1486 903 καὶ
1509 875 1572 906 τοὺς
1594 874 1810 910 ὁμοφρονοῦντας

1028 926 1103 961 αὺτῷ
1128 926 1185 961 ἅμα
1211 925 1259 959 τῆς
1277 923 1424 959 βδελυκτῆς
1439 922 1530 949 αὐτῶν
1547 921 1810 956 κτισματολατρείας

1028 971 1210 1008 διαρῤήξασάν
1223 979 1253 997 τε
1274 970 1322 996 καὶ
1338 968 1521 996 καθελοῦσαν·
1547 968 1597 1002 τὴν
1618 967 1646 994 δὲ
1665 967 1808 1002 δευτέραν,

1028 1020 1066 1050 ὡς
1080 1019 1125 1045 τὸν
1138 1017 1306 1052 φρενοϐλαδῆ
1317 1016 1483 1043 Μακεδόνων
1506 1015 1556 1050 τῆς
1581 1013 1811 1049 ὲκκλησιαστικῆς

1029 1063 1206 1100 χοροστασίας
1233 1061 1464 1096 ὲξοστρακίσασάν
1495 1069 1525 1087 τε
1561 1061 1610 1086 καὶ
1638 1058 1810 1093 ὲκτεμοῦσαν

1035 1109 1134 1144 Ἀρείῳ
1148 1108 1341 1142 παραπλησίαν
1369 1107 1417 1142 τὴν
1441 1106 1537 1142 μανίαν
1558 1107 1742 1141 ὲκμεμηνὸτα.
1767 1105 1812 1131 Ἐν

1029 1155 1159 1190 κτίσμασι
1174 1155 1227 1189 γὰρ
1247 1154 1294 1180 καὶ
1309 1150 1386 1185 οὗτος
1396 1153 1426 1180 τὸ
1450 1153 1581 1186 πανάγιον
1609 1152 1656 1178 καὶ
1675 1160 1810 1186 παντουρ-

1029 1201 1076 1235 γὺν
1090 1201 1174 1232 τιθεὶς
1192 1200 1314 1235 Πνεῦμα,
1335 1200 1582 1234 κτισματολατρεῖν
1601 1199 1651 1224 οὐκ
1667 1198 1811 1233 ᾐσχύνετο.

1035 1247 1114 1274 Ἀλλά
1127 1246 1198 1281 γεδὴ
1218 1247 1265 1273 καὶ
1286 1245 1336 1281 τὴν
1355 1245 1450 1280 τρίτην
1474 1244 1635 1280 καθαίρεσιν
1660 1243 1742 1271 οὖσαν
1762 1243 1811 1270 τοῦ

1029 1292 1175 1324 δυσσεϐοῦς
1189 1292 1348 1327 Νεστορίου,
1373 1292 1422 1318 καὶ
1445 1291 1495 1326 τῆς
1517 1290 1591 1326 αὐτῷ
1612 1290 1813 1325 καινοποιηθεί-

1030 1348 1078 1374 σης
1089 1338 1252 1373 θεοστυγοῢς
1267 1338 1488 1372 δεισιδαιμονίας.
1506 1334 1589 1370 Οὗτος
1603 1337 1657 1372 γὰρ
1670 1337 1715 1363 τὸν
1727 1337 1814 1364 ἀδιαι-

1031 1386 1114 1420 ρέτως
1134 1385 1181 1412 καὶ¹
1195 1384 1256 1411 καθ’
1279 1384 1426 1410 ὑπόστασιν
1449 1382 1583 1409 ὲνωθέντα
1599 1382 1637 1417 τῷ
1659 1382 1719 1417 Θεῷ
1732 1382 1813 1416 Λόγῳ

1029 1431 1118 1458 ὑλικὸν
1133 1431 1275 1466 ἄνθρωπον
1288 1430 1430 1465 τολμηρῶς
1446 1430 1493 1456 καὶ
1509 1429 1636 1464 ἀφρόνως
1658 1429 1706 1464 τῆς
1718 1429 1813 1463 θεῖκῆς

1029 1477 1076 1504 τοῦ
1087 1477 1174 1512 Λόγου
1190 1477 1314 1504 διασπῶν
1323 1476 1508 1507 ὑποστάσεως,
1522 1476 1721 1502 ίδιοῦπόστατον
1731 1475 1813 1501 αὐτὸν

193 1523 297 1550 nudum
314 1521 452 1550 hominem
464 1528 525 1548 eum
538 1521 584 1556 qui
598 1529 680 1549 carne
694 1526 868 1556 apparuerat,
880 1521 975 1548 Filium

1029 1523 1215 1559 ὲτερατολόγει
1230 1531 1261 1549 τε
1273 1523 1321 1550 καὶ
1336 1522 1512 1557 ὲφαντάζετο.
1529 1522 1574 1548 Διὸ
1587 1522 1634 1548 καὶ
1656 1521 1734 1554 ψιλὸν
1763 1521 1813 1547 ἆν-

193 1572 222 1596 et
237 1568 354 1595 Verbum
370 1567 419 1594 Dei
434 1567 583 1599 somnians,
604 1572 802 1600 consequenter
818 1567 863 1594 hic
884 1567 977 1595 infelix

194 1613 331 1649 appellare
352 1612 549 1640 sanctissimam
573 1612 618 1639 Dei
643 1611 808 1639 Genitricem
834 1612 977 1648 Deiparam

193 1659 304 1694 proprie
328 1658 483 1692 abnegavit.
501 1657 628 1690 Quartam
644 1662 745 1691 autem,
762 1662 792 1684 ut
812 1665 872 1692 qua:
894 1657 978 1693 Euty-

194 1705 278 1736 chen,
289 1703 442 1738 dysticlten,
452 1702 478 1730 id
490 1708 541 1734 est,
555 1703 690 1730 infelicem
703 1711 736 1730 ac
745 1703 889 1730 scelestum
914 1703 977 1730 Dio-

195 1758 303 1778 scorum
315 1749 397 1783 elisit,
413 1753 493 1784 atque
501 1749 738 1776 anathematizavit
751 1757 802 1775 una
812 1757 873 1776 cum
884 1757 978 1776 eorum

195 1795 368 1831 imaginativa
398 1794 534 1822 dementia
549 1814 556 1827 ,
580 1802 729 1828 eorumque
752 1795 826 1821 omni
857 1800 975 1822 caterva.

197 1840 303 1868 Domini
317 1840 390 1868 enim
405 1847 515 1867 carnem
529 1848 585 1867 non
610 1847 671 1867 esse
695 1840 774 1867 nobis
797 1840 978 1867 consubstan-

195 1885 297 1917 tialem,
317 1886 402 1913 delire
425 1886 592 1917 asserebant,
613 1885 661 1912 sed
689 1893 720 1912 ex
745 1886 849 1913 duabus
869 1885 978 1920 quidem

195 1931 301 1959 naturis
312 1931 439 1959 unionem
454 1931 552 1958 factam
563 1938 634 1964 esse,
645 1931 672 1958 in
685 1939 767 1958 unam
780 1939 843 1958 vero
853 1934 978 1958 naturam

195 1981 258 2014 post
277 1977 428 2004 unitionem
448 1981 636 2011 consumptam
663 1977 747 2004 fuisse
767 1977 891 2003 neutrius
911 1984 978 2003 con-

195 2027 349 2051 servantem
364 2023 554 2057 proprietates,
572 2030 624 2050 nec
637 2023 754 2054 divinae,
773 2030 823 2050 nec
840 2030 905 2049 vero
927 2022 979 2049 hu-

196 2075 296 2094 manm.
316 2066 446 2100 Quintam
473 2067 573 2100 etiam,
594 2075 654 2102 quae
683 2067 785 2095 excidit
811 2076 842 2095 ac
869 2069 980 2102 penitus

195 2112 326 2139 exstinxit
346 2119 378 2139 ea
401 2119 461 2146 qua:
481 2112 508 2139 in
526 2113 673 2147 perniciem
699 2117 840 2140 auctorum
867 2121 978 2141 suorum

194 2158 406 2190 suscitabantur,
428 2158 557 2185 scelerata
576 2158 711 2193 dogmata,
734 2163 762 2186 et
786 2164 880 2193 partus
905 2160 979 2194 impii

195 2202 323 2234 Nestorii,
340 2203 385 2238 qui
404 2204 483 2238 regiae
496 2204 572 2230 urbis
586 2203 645 2231 sine
669 2205 723 2231 Deo
737 2204 859 2239 pontifex
873 2205 976 2236 fuerat.

195 2252 223 2277 et
232 2249 381 2281 Theodori,
392 2250 439 2284 qui
451 2249 633 2284 Mopsuestia,
643 2250 729 2285 magis
742 2250 823 2277 etiam
840 2251 897 2278 sine
912 2251 977 2284 Deo,

195 2295 383 2331 episcopatum
404 2300 540 2331 gesserat;
565 2301 621 2323 tum
642 2303 700 2328 eos,
725 2301 782 2324 tum
803 2305 908 2331 onmes,
932 2298 978 2332 qui

194 2341 290 2368 eadem
313 2349 365 2376 qua
388 2341 425 2367 illi
451 2349 517 2368 vana
544 2342 677 2368 sententia
701 2343 887 2377 Legrotabant;
913 2344 978 2378 quin

195 2387 277 2414 etiam
301 2391 329 2414 et
351 2395 411 2421 quae
430 2387 589 2414 dilaceravit
611 2391 639 2414 et
659 2387 808 2415 (lemessuit
822 2388 977 2424 Origenem,

195 2432 348 2468 Didymum,
370 2432 525 2468 Evagrium,
546 2433 592 2467 qui
615 2433 720 2460 ratione
744 2441 806 2461 cum
833 2435 979 2470 gentilibus

194 2482 362 2513 congruente
378 2486 410 2506 ac
424 2478 569 2513 insipiente
584 2479 719 2506 sententia
732 2479 760 2506 in
776 2480 902 2507 ultimum
915 2489 978 2516 pro-

194 2523 309 2550 fundum
332 2523 387 2551 Deo
413 2524 574 2551 adversaria:
600 2525 784 2559 persuasionis
811 2526 976 2553 inciderunt.

193 2568 263 2597 Cum
276 2569 348 2596 enim
363 2570 462 2604 gradus
477 2574 505 2596 et
524 2569 666 2598 inferiores
685 2571 764 2598 sedes
781 2571 895 2598 Deitatis
912 2579 978 2598 con-

193 2614 346 2646 ﬂuxissent,
357 2619 384 2641 et
393 2615 544 2642 animarum
558 2617 797 2651 praeexsistentias,
813 2625 845 2645 ac
863 2617 978 2645 eilluxus

193 2662 222 2686 et
254 2657 419 2686 dccidentias
447 2660 621 2694 respectionis
651 2668 744 2688 earum
773 2662 807 2689 ad
833 2661 919 2689 Deum
951 2663 977 2689 in

194 2704 290 2739 seipsis
314 2704 521 2735 constituentes,
539 2713 639 2740 easque
659 2707 687 2733 in
710 2707 813 2734 diversa
837 2712 865 2734 et
884 2708 977 2734 multi—

193 2749 290 2777 formia
306 2757 419 2784 corpora
431 2755 642 2783 transvasantes,
662 2755 690 2779 et
712 2757 934 2785 lransmutantes;
952 2758 979 2780 ct

195 2795 275 2825 ﬁnem
291 2796 494 2831 suppliciorum,
512 2805 544 2824 ac
565 2797 718 2825 daemonum
730 2799 930 2827 restitutionem
941 2820 948 2832 ,
963 2808 978 2827 θ

199 2846 294 2868 ventre
314 2843 394 2876 (sicut
409 2843 520 2877 dicitur)
538 2847 702 2877 cruciantes,
726 2845 812 2873 libero
829 2850 855 2873 et
873 2850 974 2880 aperto,

997 2190 1017 2217 Ι)

1030 1569 1137 1604 θρωπον
1164 1569 1211 1596 τὸν
1241 1569 1323 1604 σαρκὶ
1337 1568 1503 1603 ἐπιφανέντα
1521 1567 1585 1594 Υἱδν
1606 1567 1653 1594 καὶ¹
1665 1568 1750 1601 Λόγον
1764 1566 1813 1593 τοῦ

1028 1617 1096 1643 θεοῦ
1113 1615 1268 1651 ὁνειρώξας,
1284 1614 1438 1646 ἀκολούθως
1452 1615 1465 1640 ὁ
1479 1614 1635 1650 τρισάθλιος
1657 1613 1749 1639 καλεῖν
1762 1613 1814 1640 τὴν

1029 1663 1165 1696 παναγίαν
1177 1661 1319 1694 Θεοτόκον,
1339 1661 1472 1688 Θεοτόκον
1486 1660 1600 1696 κυρίως,
1626 1660 1813 1695 ἀηρνήσατο.

1029 1709 1085 1744 Τὴν
1101 1709 1129 1735 δὲ
1141 1708 1284 1743 τετάρτην,
1297 1708 1334 1739 ὡς
1347 1707 1392 1734 τὸν
1406 1707 1527 1741 δυστυχῆ
1543 1706 1661 1741 Εὐτυχῆ,
1676 1706 1722 1732 καὶ
1734 1706 1813 1732 Διόσ-

1029 1763 1109 1789 κορον
1124 1754 1171 1779 rev
1191 1753 1329 1787 ἀλάστορα
1349 1751 1543 1787 καταράξασαν
1569 1751 1615 1777 καὶ
1645 1751 1812 1785 ἀναθεματί-

1030 1806 1115 1825 σασαν
1130 1797 1199 1832 μετὰ
1210 1797 1258 1832 τῆς
1270 1796 1471 1831 φαντασιώδους
1484 1796 1573 1822 αὐτῶν
1587 1795 1812 1830 φρενοϐλαϐείας,

1030 1844 1077 1870 καὶ
1105 1843 1193 1877 πάσης
1218 1841 1306 1868 αὐτῶν
1327 1841 1378 1877 τῆς
1411 1841 1579 1876 συμμορίας.
1605 1841 1660 1876 Τὴν
1686 1840 1740 1875 γὰρ
1764 1839 1814 1866 τοῦ

1029 1889 1132 1924 Κυρίου
1148 1888 1237 1923 σάρκα
1253 1888 1291 1923 μὴ
1307 1885 1378 1915 εἶναι
1391 1888 1457 1923 ἡμῖν
1480 1886 1624 1921 ὁμοοὺσιον
1649 1885 1813 1921 ὲληρῴδουν,

1029 1934 1086 1961 ἀλλ’
1102 1935 1134 1960 ὲκ
1147 1934 1194 1960 δύο
1210 1934 1259 1969 μὲν
1288 1933 1395 1968 φύσεων
1415 1933 1464 1968 τὴν
1491 1932 1588 1958 ἕνωσιν
1612 1932 1751 1966 γενέσθαι,
1773 1933 1816 1962 είς

1031 1980 1095 2014 μίαν
1110 1980 1138 2006 δὲ
1152 1979 1219 2015 μετὰ
1234 1979 1284 2014 τὴν
1294 1979 1391 2006 ἕνωσιν
1405 1978 1627 2013 συναναλωθῆναι
1649 1978 1742 2012 φύσιν,
1760 1987 1816 2012 μη-

1029 2025 1137 2060 δετέρας
1152 2023 1346 2055 ὰποσώζουσαν
1361 2023 1394 2050 τὰ
1405 2023 1548 2059 ἰδιώματα,
1569 2024 1636 2058 μήτε
1647 2023 1695 2057 τῆς
1707 2023 1813 2057 Θεῖκῆς,

1032 2072 1099 2106 μήτε
1129 2071 1182 2105 μὴν
1203 2070 1254 2104 τῆς
1272 2069 1455 2105 ἀνθρωπίνης.
1484 2070 1538 2096 Καὶ
1555 2069 1603 2104 τὴν
1624 2069 1754 2104 πέμπτην
1772 2069 1813 2100 δὲ,

1030 2116 1066 2148 ὡς
1080 2115 1250 2151 ὲκτεμοῦσάν
1276 2124 1307 2142 τε
1337 2115 1383 2142 καὶ
1409 2114 1644 2150 ἀποτεφρώσασαν
1667 2115 1758 2141 τέλεον
1778 2115 1815 2141 τὰ

1031 2163 1074 2188 ἐπ’
1089 2162 1191 2196 ὀλέθρῳ
1203 2160 1258 2186 τῶν
1272 2160 1476 2194 γεγεννηκότων
1485 2159 1717 2195 ἀναῤῥιπιζόμενα
1728 2160 1816 2194 μιαρὰ

1031 2208 1153 2242 δόγματα
1171 2215 1200 2232 τε
1216 2207 1263 2233 καὶ
1279 2207 1408 2241 κυήματα
1423 2206 1471 2232 τοῦ
1491 2205 1637 2237 ὁυσσεὸοὖς
1667 2206 1815 2240 Νεστορίου

1031 2254 1078 2281 τοῦ
1089 2254 1138 2289 τῆς
1152 2253 1286 2288 βασιλίδος
1301 2253 1388 2284 ἀθέως
1405 2252 1626 2288 ίεραρχήσαντος,
1643 2253 1690 2279 καὶ
1706 2252 1813 2278 Θεοδώ-

1033 2310 1078 2337 ρου
1096 2299 1143 2326 τοῦ
1159 2299 1370 2334 Μομψουεστίας
1387 2299 1539 2334 ἀθεώτερον
1564 2299 1815 2334 ὲπισκοπήσαντος,

1031 2347 1130 2378 αὐτούς
1143 2355 1184 2378 τε,
1211 2347 1258 2373 καὶ
1283 2346 1386 2377 πάντας
1404 2346 1468 2377 τοὺς
1486 2345 1535 2380 τὴν
1552 2345 1636 2381 αὐτὴν
1654 2345 1746 2376 αὐτοῖς
1761 2353 1816 2379 μα-

1031 2392 1229 2427 ταιοφροσύνην
1242 2392 1454 2427 ὲκνοσὴσαντας.
1467 2392 1504 2418 Οὐ
1520 2391 1572 2425 μὴν
1586 2391 1653 2417 ἀλλά
1667 2399 1699 2424 γε
1712 2391 1744 2425 δὴ
1765 2391 1815 2417 καὶ

1031 2438 1069 2470 ὡς
1094 2437 1282 2464 διασπάσασάν
1313 2445 1342 2463 τε
1372 2437 1419 2463 καὶ
1448 2437 1629 2472 ὲκθερίσασαν
1661 2436 1814 2471 Ὠριγένην,

1032 2485 1160 2519 Δίδυμον,
1179 2483 1313 2518 Εὐάγριον
1329 2483 1519 2518 Ἐλληνόφρονι
1535 2482 1658 2517 λογισμῷ
1674 2481 1721 2508 καὶ
1732 2482 1815 2508 ἀσυν-

1032 2530 1084 2564 έτῳ
1104 2529 1200 2564 γνώμῃ
1212 2530 1251 2560 εἰς
1263 2529 1374 2563 ἔσχατον
1404 2528 1483 2563 βυθὸν
1499 2528 1644 2562 ἀθεότητος
1663 2529 1815 2562 ἐμπετπωδ
1838 2560 1841 2563 _

1032 2575 1123 2602 κόταε.
1141 2574 1192 2601 Βαο
1198 2575 1265 2610 μοὺς
1275 2574 1329 2609 γὰρ
1342 2575 1387 2600 καὶ
1399 2574 1545 2605 ὑποϐἀσεις
1555 2573 1682 2607 θεότητος
1692 2572 1815 2599 ἀναπλάά
1839 2566 1841 2569 ’

1032 2629 1138 2652 σαντες,
1155 2622 1201 2648 καὶ
1222 2620 1317 2655 ψυχῶν
1334 2619 1531 2655 προῦπάρξεις,
1551 2620 1598 2646 καὶ
1624 2621 1674 2654 τῆς
1699 2618 1767 2653 πρὸς
1783 2618 1818 2644 τὸ

1035 2667 1112 2693 Θείον
1128 2667 1216 2693 αὐτῶν
1228 2666 1344 2697 νεύσεως
1359 2666 1508 2701 ἀπορροίας
1521 2674 1551 2691 τε
1576 2665 1625 2692 καὶ
1639 2664 1817 2694 ἀποπτώσεις

1031 2714 1060 2739 ὲν
1069 2713 1173 2743 ἑαυτοῖς
1187 2712 1397 2746 ὑποστήσαντες,
1410 2712 1450 2742 εἰς
1460 2710 1576 2745 διάφορά
1586 2719 1616 2737 τε
1625 2711 1673 2736 καὶ
1688 2709 1816 2744 πολυειδῆ

1033 2756 1146 2791 σώματα
1163 2756 1372 2790 μεταγγίζοντες
1392 2756 1506 2786 ταύτας,
1525 2755 1572 2781 καὶ
1590 2753 1816 2788 μεταϐάλλοντεε,

1031 2803 1078 2828 καὶ
1103 2801 1179 2832 τέλος
1196 2801 1341 2832 κολάσεων,
1360 2801 1407 2826 καὶ
1429 2800 1563 2834 δαιμόνων
1578 2798 1816 2829 ἀποκατάστασιν,

1034 2846 1060 2871 τὸ
1078 2845 1110 2880 δὴ
1128 2844 1273 2879 λεγόμενον
1289 2845 1342 2871 ἀπὸ
1355 2845 1459 2875 κοιλίας
1481 2844 1652 2879 ἐρευγόμενοι
1666 2843 1818 2877 ἀθυροστὸ-
