1945 3088
168 133 222 166 595

734 140 866 171 ΡΗΟΤΙΙ
886 140 1141 172 PATRIARCH/E
1159 140 1214 170 (ΖΡ.

1746 139 1794 171 596

166 197 219 224 est,
240 196 268 220 et
293 192 381 221 sacris
402 193 519 228 eloquiis
547 198 689 222 testatum.
721 195 773 224 Per
799 204 859 224 cam
885 197 959 225 enim

1013 205 1105 232 γηται,
1126 197 1174 223 καὶ
1198 196 1255 227 τοῖς
1280 195 1364 227 θείοις
1380 194 1489 230 Λογίοις
1508 194 1738 231 ὲπιμσρτΰρεται.
1759 197 1794 224 Δι’

165 244 290 273 Separata
308 239 521 276 coniunguntur,
541 245 569 268 et
584 241 763 276 paciﬁcantur
775 243 923 278 pugnantia
940 244 960 276 ‘,

166 289 196 312 et
210 285 317 319 juncta,
334 286 539 322 domesticaque
552 288 639 322 magis
657 289 863 321 consociantur,
886 289 961 317 sedi-

167 331 298 364 tionibus,
321 333 598 369 contentionibusque
612 334 715 361 aditum
734 343 788 362 non
800 335 960 370 praebentia-

167 377 228 412 lpsa
251 379 324 405 enim
349 386 405 406 non
421 380 522 414 cogitat
547 380 660 412 malum,
681 381 728 408 sed
738 382 829 408 omnia
851 381 959 412 sull‘ert,

166 424 258 451 omnia
271 428 373 459 sperat.
388 425 481 453 omnia
503 427 621 454 sustinet
632 448 639 459 ,
655 435 707 454 nec
726 435 846 462 unquam
872 428 959 462 (iuxta

170 470 269 498 bonum
282 470 409 507 Paulum)
423 473 537 500 excidit.
552 473 613 507 Ipsa
634 478 661 500 et
678 472 795 501 famulos
811 474 857 509 qui
871 474 960 501 θαι-η-

167 516 277 548 derunt.
294 517 413 545 dominis
424 518 594 551 reconciliat,
609 524 715 547 natura:
727 520 855 548 eumdem
876 520 959 547 hono-

170 570 224 590 rem
242 563 275 590 ad
287 563 476 591 defensionem
499 564 596 600 lapsus
613 572 767 600 opponens.
784 566 846 601 lpsa
862 570 890 593 et
910 566 959 593 do-

170 609 306 637 minorum
322 611 483 638 saevientem
499 610 619 639 mrorem
648 611 750 640 leniter
780 612 853 640 ferre
878 612 959 640 mini-

170 659 238 683 stros
257 656 363 688 edocet,
387 656 504 684 fortunae
528 657 732 692 imparilitatem
759 658 904 686 consolans
923 665 957 686 ex

171 708 263 728 eorum
280 701 326 736 qui
341 701 437 730 eadem
451 703 592 737 patiuntur
605 704 795 732 similitudine.
806 704 838 731 Et
850 709 959 740 patrum

172 746 196 773 in
223 746 294 774 ﬁlios
320 747 487 776 iracundiam
511 749 618 785 mitigat
643 755 724 785 atque
751 749 902 783 exhilarat;
932 753 960 777 et

173 792 389 820 .nussitationem
422 793 540 820 ﬁliorum
578 794 757 829 inparentes,
792 794 853 822 sine
865 794 959 822 dolore

172 838 295 873 recipere
316 839 453 871 hortatur,
469 840 621 867 naturalem
649 840 771 867 habitum
784 844 812 867 et
831 839 958 867 atl'cctum

178 888 293 912 nutuum
308 892 417 912 armans
431 889 527 912 contra
548 893 607 912 eam
634 885 846 920 disiunctionem
862 893 924 921 quae
944 892 959 912 a
975 873 997 903 Β

169 935 269 956 natura
283 930 432 958 abhorret:
448 935 476 958 et
492 930 588 958 amicis
603 930 689 958 rixam
702 930 869 958 incidentem
883 930 960 957 facile

168 975 288 1010 repellit,
305 980 336 1003 ut
349 983 508 1003 communes
519 975 592 1003 sales
606 983 682 1011 aeque
694 983 726 1003 ac
736 979 862 1002 naturam
877 982 959 1002 reve-

170 1026 285 1050 reautur
309 1022 460 1050 adhortans
476 1031 483 1050 :
497 1027 525 1050 et
538 1030 586 1050 eos
605 1022 651 1058 qui
671 1023 698 1050 in
715 1023 810 1050 eadem
834 1022 868 1049 de
892 1021 959 1053 Deo,

170 1067 307 1101 rebusque
320 1066 418 1094 divinis
430 1067 569 1095 sententia
580 1071 654 1100 sunt,
671 1067 796 1102 quamvis
816 1067 871 1094 sint
885 1067 962 1094 loco-

169 1119 230 1139 rum
244 1112 388 1140 intervallo
402 1113 543 1148 disiuncti.
556 1118 584 1141 et
600 1113 687 1141 oculis
695 1113 766 1140 inter
779 1121 809 1141 se
819 1120 959 1148 nunquam

171 1159 300 1192 viderint,
326 1159 469 1196 coniungit
498 1164 526 1188 et
555 1160 701 1188 sententiis
723 1159 904 1195 conglutinat,
933 1163 962 1187 et

169 1213 252 1234 veros
271 1205 334 1234 facit
348 1206 450 1234 amicos
462 1215 471 1240 ς
486 1214 518 1234 ac
531 1206 554 1234 si
566 1205 635 1233 forte
648 1206 778 1233 alteruter
790 1205 823 1233 ad
849 1205 961 1232 incusa-

171 1251 262 1278 tiones
279 1250 527 1279 inconsiderantius
538 1251 654 1284 venerit,
673 1251 748 1278 casui
764 1249 802 1278 illi
823 1250 960 1283 medetur,

170 1297 317 1332 omniaque
346 1296 523 1333 redintegrat,
548 1296 656 1325 ﬁrmum
680 1296 881 1332 coniunctionis
901 1296 962 1324 viu-

171 1342 264 1370 culum
279 1350 457 1371 conservans.

209 1431 275 1459 Haec
293 1436 322 1460 et
333 1435 435 1460 nostrae
458 1432 643 1461 mediocritati
656 1432 804 1468 persuasit,
825 1439 881 1459 non
897 1438 962 1466 gra-

172 1477 244 1505 viter
268 1478 474 1514 obiurgationes
496 1478 579 1510 ferre.
604 1486 665 1514 quae
693 1486 707 1505 a
734 1482 824 1505 vestra
850 1481 963 1512 paterna

172 1524 318 1552 sanctitate
331 1525 484 1560 iaculorum
500 1525 588 1552 instar
614 1524 721 1552 emissae
736 1528 817 1557 sunt;
830 1531 862 1552 ac
884 1523 961 1556 fecit,
976 1545 998 1574 α

173 1575 203 1598 ut
220 1571 379 1604 arbitrarer,
397 1570 548 1606 perturbati
562 1570 646 1597 animi
663 1570 714 1598 hos
728 1570 800 1598 fetus
819 1578 875 1598 non
889 1578 960 1602 esse,

173 1625 226 1645 nec
249 1617 350 1644 mentis
371 1616 556 1644 oﬂensionum
576 1621 604 1644 et
624 1616 831 1644 inimicitiarum
856 1617 961 1652 cupida:

172 1663 279 1695 verba;
293 1663 341 1690 sed
357 1663 449 1698 potius
471 1662 587 1690 aﬂ‘eetus
601 1663 656 1690 veri
675 1670 707 1690 ac
729 1662 798 1690 nihil
822 1663 960 1698 ﬁngentis,

172 1713 201 1736 et
225 1708 441 1737 ecclesiasticum
452 1708 576 1736 ordinem
599 1708 738 1736 subtiliter
765 1708 959 1740 examinantis,

172 1759 255 1789 atque
268 1754 302 1782 ad
323 1762 460 1783 summum
480 1759 608 1782 accurata
634 1754 774 1790 diligentia
794 1755 896 1782 ducere
917 1754 960 1782 ni-

173 1801 268 1829 tentis.
284 1801 351 1829 Nam
365 1801 388 1828 si
405 1807 518 1837 propter
530 1809 664 1829 summam
690 1801 888 1836 benignitatem
901 1809 961 1829 non

172 1848 300 1875 concedit
310 1847 410 1875 malum
424 1853 455 1876 ut
465 1848 567 1875 malum
581 1847 718 1883 cogitare:
729 1847 867 1883 quomodo
879 1847 960 1881 sinet,

172 1895 275 1922 malum
287 1902 359 1925 esse.
378 1895 582 1929 pronuntiare?
594 1902 626 1922 ea
637 1895 710 1922 enim
737 1895 808 1923 ratio
834 1894 961 1929 benigni-

173 1946 257 1970 tatem
274 1950 333 1970 esse
352 1943 439 1974 novit,
455 1951 516 1978 qua:
536 1950 657 1978 eousque
669 1943 851 1978 progreditur,
871 1947 900 1970 ut
914 1950 962 1970 eos

174 1987 256 2015 etiam
272 1988 319 2022 qui
339 1988 462 2016 dolorem
479 1989 546 2016 dant
561 1989 693 2016 beneﬁcio
706 1989 813 2016 alliciat.
825 1988 959 2021 Quoniam

173 2040 241 2060 vero
256 2032 326 2060 nihil
341 2032 479 2068 prohibet,
492 2033 641 2067 quominus
655 2037 683 2060 et
704 2033 802 2060 fratres
819 2041 882 2060 cum
904 2033 961 2060 fra-

174 2081 274 2112 tribus,
288 2085 315 2108 et
329 2089 391 2108 cum
407 2079 537 2109 Patrlbus
552 2080 599 2108 filii
615 2081 642 2107 in
656 2088 721 2108 vero
739 2080 856 2108 dicendo
875 2080 959 2107 liber-

173 2131 258 2155 tatem
276 2127 420 2155 obtineant
433 2126 514 2162 (nihil
534 2127 607 2154 enim
625 2126 741 2154 amicius
756 2126 881 2160 veritate)
896 2126 961 2154 licet

172 2177 201 2201 ct
213 2173 293 2201 nobis
307 2173 395 2201 libero
408 2181 535 2200 sermone
550 2173 590 2200 uti
599 2181 631 2201 ac
646 2173 766 2201 scribere
781 2181 836 2201 non
849 2178 960 2202 contra-

1014 244 1100 278 αὐτῆς
1112 243 1166 278 γὰρ
1182 242 1216 269 τὰ
1227 242 1358 269 διεστῶτα
1368 242 1542 273 συνάπτεται,
1559 242 1607 268 καὶ
1618 242 1795 277 εἰρηνοποιεῑα

1012 298 1058 315 ται
1072 289 1106 316 τὰ
1125 288 1278 324 μαχόμενα,
1291 289 1339 315 καὶ
1359 288 1394 315 τὰ
1408 289 1497 315 οίκεῖα
1532 287 1632 323 μᾶλλον
1648 287 1794 323 συσφίγγε-

1012 343 1069 367 ται,
1085 335 1147 366 ταῖς
1161 335 1282 366 στάσεσι,
1295 335 1342 361 καὶ
1357 335 1417 365 ταῖς
1434 334 1623 368 φιλονεικίαις,
1639 334 1756 370 πάροδον
1767 335 1794 361 οὐ

1011 381 1203 417 παρεχόμενα·
1220 380 1289 416 αὓτη
1303 380 1358 416 γὰρ
1371 381 1401 407 οὐ
1420 380 1558 414 λογίζεται
1570 380 1601 406 τὸ
1617 381 1714 413 κακὸν,
1732 380 1795 408 ἀλλὰ

1012 429 1102 455 πάντα
1116 428 1236 464 στέργει,
1255 428 1345 454 πάντα
1356 427 1497 463 ὑπομένει,
1513 428 1561 454 καὶ
1572 427 1713 460 οὐδέποτε,
1728 429 1794 457 κατὰ

1010 474 1057 501 τὸν
1072 474 1207 510 μακάριον
1222 473 1340 507 Παῦλον,
1353 473 1493 500 ἐκπίπτει·
1504 473 1573 509 αὕτη
1588 474 1636 500 καὶ
1646 473 1795 509 θεράποντα

1011 519 1224 555 ἐξημαρτηκότα
1233 519 1380 551 δεσπόταις
1393 519 1578 546 καταλλάσσει
1592 519 1643 555 τὴν
1653 520 1796 555 ὁμοτιμίαν

1010 568 1060 603 τῆς
1074 567 1184 602 φύσεως
1195 567 1236 599 είς
1251 566 1400 601 ἀπολογίαν
1414 565 1622 602 προϐαλλομένη
1633 566 1680 593 τοῦ
1691 566 1797 601 ὀλισθή-

1013 621 1099 649 ματος
1108 621 1116 629 ·
1130 612 1200 648 αὕτη
1213 612 1259 640 καὶ
1269 612 1407 640 δεσποτῶν
1420 611 1597 648 ἀγριαίνοντα
1605 612 1691 648 θυμὸν
1703 612 1795 647 πράως

1011 659 1105 695 φέρειν
1116 659 1180 691 τοὺς
1193 658 1430 694 ὐπηρετουμὲνους
1440 657 1574 691 παιδεύει,
1589 657 1638 693 τὴν
1650 657 1700 693 τῆς
1713 657 1796 693 τύχης

1010 704 1157 739 ἀνισότητα
1173 703 1411 740 παραμυθουμένη
1437 703 1492 731 ἀπὸ
1521 703 1572 738 τῆς
1590 702 1645 729 τῶν
1667 703 1702 730 τὰ
1729 703 1796 730 αὐτὰ

1011 749 1169 785 πασχόντων
1182 749 1352 784 ὁμοιότητος.
1363 748 1418 775 Καὶ
1429 747 1533 783 πατρὸς
1547 747 1594 774 ἐπὶ
1606 747 1712 778 τέκνοις
1728 755 1796 782 παρ-

1010 795 1141 832 οργισμὸν
1159 795 1290 831 ίλαρύνει,
1312 794 1359 821 καὶ
1372 793 1528 829 γογγυσμδν
1554 793 1657 820 τέκνων
1672 794 1729 825 τοῖς
1745 801 1797 820 πα-

1010 843 1108 879 τράσιν
1123 841 1234 873 ἀλύπως
1250 840 1406 877 παρακαλεῖ
1425 840 1632 875 καταδέχεσθαι,
1649 840 1699 875 τὴν
1716 847 1797 875 φυσι-

1011 887 1064 923 κὴν
1080 887 1173 923 σχέσιν
1186 887 1257 914 κατὰ
1266 886 1317 921 τῆς
1333 886 1406 922 παρὰ
1417 885 1500 920 φύσιν
1513 885 1616 920 λύσσης
1629 884 1778 916 ὁπλίζουσα
1787 892 1795 899 ·

1011 933 1058 960 καὶ
1075 932 1163 967 φίλοις
1189 931 1247 967 ἔριν
1272 930 1446 966 ἐμπεσοῦσαν
1470 930 1569 966 ῥᾳδίως
1582 929 1722 961 ἀπώσατο,
1736 929 1797 960 τοὺς

1011 979 1118 1011 κοινοὺς
1132 978 1200 1010 ἆλας
1211 978 1258 1005 ῐσα
1270 977 1378 1012 φύσεως
1399 975 1583 1003 δυσωπεῖσθαι
1596 975 1796 1011 παραινέσασα.

1011 1025 1067 1052 Καὶ
1079 1025 1143 1056 τοὺς
1156 1024 1207 1059 τὴν
1224 1023 1309 1059 αὐτὴν
1329 1023 1411 1050 πάλιν
1426 1022 1492 1057 περ)¹
1507 1021 1539 1048 τδ
1551 1022 1627 1048 Θεῖον
1643 1021 1721 1053 δόξαν
1733 1029 1799 1056 κρα-

1011 1071 1151 1103 τύνοντας,
1181 1070 1234 1098 κᾶν
1245 1069 1283 1101 ὠς
1305 1068 1474 1106 πορρωτάτω
1499 1067 1693 1103 παροικοῦντες
1719 1063 1797 1099 ὦσιν,

1012 1117 1064 1145 κᾶν
1078 1117 1229 1153 ὀφθαλμοῖς
1243 1116 1367 1151 ἀλλήλων
1380 1114 1458 1142 οὔπω
1472 1114 1630 1150 ὠράθησαν,
1650 1115 1689 1145 είς
1701 1113 1798 1140 ἕνωσιν

1011 1164 1085 1198 ἄγει,
1097 1163 1145 1190 καὶ
1156 1162 1278 1197 γνώμαις
1286 1161 1427 1190 συνάπτει.
1439 1160 1486 1187 καὶ
1495 1160 1588 1195 φίλους
1598 1159 1707 1195 ἀληθεῖς
1716 1159 1800 1194 ἀπερς

1012 1209 1136 1245 γὰζεται.
1151 1208 1211 1236 Κάν
1226 1217 1278 1234 που
1300 1207 1378 1242 τύχοι
1395 1206 1508 1242 θάτερον
1528 1207 1567 1237 είς
1581 1204 1799 1241 ἀπερισκέπτως

1015 1253 1134 1292 μέμψεις
1148 1253 1262 1289 θατέρου
1281 1251 1486 1286 κατολισθῆσαι,
1510 1249 1557 1276 τδν
1574 1249 1624 1285 μὲν
1637 1248 1675 1284 μὴ
1689 1248 1798 1281 λογίσα-

1014 1299 1087 1332 σθαι,
1100 1299 1146 1326 τὴν
1161 1298 1190 1325 δὲ
1208 1297 1419 1334 μεταμελεῖσθαι
1441 1295 1689 1331 παρασκευάσασα,
1712 1294 1799 1329 ῥᾷστα

1012 1345 1044 1372 τὸ
1063 1344 1172 1380 συμϐὰν
1186 1342 1353 1376 ἀνεσώσατο,
1371 1341 1416 1369 τὸν
1430 1340 1480 1376 τῆς
1500 1339 1623 1371 ἑνώσεως
1637 1337 1735 1374 δεσμὸν
1747 1337 1799 1372 ἀρ-

1015 1391 1086 1429 ραγῆ
1104 1399 1185 1425 συντη
1191 1389 1223 1424 ρή
1228 1397 1296 1416 σασα
1301 1409 1308 1417 .

1047 1436 1123 1472 Αὕτη
1146 1435 1194 1462 καὶ
1217 1433 1266 1470 τὴν
1290 1433 1428 1470 ἡμετέραν
1446 1430 1611 1468 μετριότητα
1637 1429 1801 1465 ἀνεπαχθῶς

1013 1484 1099 1512 οἴσειν
1113 1482 1163 1513 τὰς
1172 1481 1358 1516 ἐπιτιμήσεις,
1370 1479 1398 1506 αῐ
1421 1478 1497 1513 παρὰ
1512 1478 1562 1512 τῆς
1574 1477 1588 1504 ὑ
1593 1475 1652 1512 μῶν
1664 1475 1802 1510 πατρικῆς

1013 1529 1153 1565 ὁσιότητος
1168 1527 1280 1562 βολίδων
1295 1526 1374 1562 δίκην
1394 1525 1545 1560 ήφέθησαν,
1561 1523 1679 1550 ἔπεισεν.
1695 1522 1734 1550 Οὐ
1747 1522 1804 1557 γὰρ

1015 1573 1171 1611 ὲμπαθείας
1184 1571 1271 1599 ταῦτα
1295 1571 1444 1606 κινήματα,
1473 1569 1534 1596 οὐδὲ
1560 1567 1673 1603 γνώμης
1698 1566 1802 1600 φιλαπ-

1016 1620 1167 1656 εχθήμονας
1186 1618 1308 1653 ῥήματα,
1328 1615 1465 1643 ἄπλαστον
1485 1614 1513 1641 δὲ
1532 1614 1631 1649 μᾶλλον
1642 1611 1801 1644 διαθέσεως,

1015 1666 1063 1694 καὶ
1091 1663 1141 1700 τὴν
1165 1660 1395 1698 ὲκκλησιαστικήν
1408 1660 1484 1692 τάξιν
1497 1661 1538 1691 εἰς
1558 1659 1643 1695 ἄκρον
1655 1656 1802 1693 ἀκριϐολοο

1015 1711 1117 1747 γούσης
1133 1708 1290 1744 λογίζεσθαι
1307 1707 1523 1743 παρεσκεύασεν.
1549 1706 1582 1732 Et
1608 1705 1663 1740 γὰρ
1688 1703 1750 1731 οὐδὲ
1771 1703 1804 1730 τὸ

1015 1757 1099 1785 κακὸν
1114 1756 1148 1783 δι’
1164 1754 1319 1791 ὑπερϐολὴν
1334 1753 1520 1789 χρηστότητος
1544 1752 1582 1784 ὡς
1598 1751 1684 1779 κακὸν
1696 1750 1804 1785 λογίζε-

1016 1804 1079 1831 σθαι
1091 1802 1209 1835 δίδωσιν,
1220 1802 1289 1836 ὅπερ
1306 1800 1361 1827 οὐδ’
1376 1800 1430 1827 ἀπὸ
1442 1799 1543 1830 κακίας
1557 1798 1623 1830 ἴσως
1638 1798 1802 1833 προάγεται,

1015 1849 1096 1877 είκαὶ
1106 1849 1198 1880 λυπεῖ,
1215 1847 1262 1875 καὶ
1273 1847 1397 1882 πλήττει,
1410 1845 1459 1872 καὶ
1473 1845 1547 1880 ἀνιᾷ,
1561 1844 1618 1876 πῶς
1629 1844 1704 1872 ἐάσει
1715 1842 1804 1870 κακὸν

1014 1894 1230 1930 ἀποφαίνεσθαι;
1246 1893 1355 1928 εκείνην
1364 1893 1418 1928 γὰρ
1432 1893 1446 1919 ὁ
1457 1892 1535 1927 λόγος
1547 1888 1601 1917 οἵδε
1616 1890 1803 1926 χρηστότητα,

1014 1941 1076 1975 ἣτις
1087 1940 1140 1966 κάν
1151 1940 1210 1971 ταῖς
1223 1937 1278 1965 τῶν
1284 1936 1442 1965 λυπούντων
1456 1934 1626 1970 εὐεργεσίαις
1637 1932 1805 1968 ὑπερεκτεί-

1014 1996 1100 2014 νεται.
1119 1985 1195 2012 Ἐπεὶ
1208 1985 1236 2011 δὲ
1248 1984 1325 2011 οὐδὲν
1340 1982 1440 2010 κωλύει
1456 1982 1504 2008 καὶ
1515 1980 1639 2014 ἀδελφοῖς
1656 1978 1802 2013 ἀδελφοὺς,

1014 2033 1063 2060 καὶ
1075 2032 1196 2067 πατράσι
1207 2030 1290 2057 τέκνα
1305 2030 1334 2056 ὲν
1348 2028 1387 2063 τῷ
1400 2027 1544 2063 ἀληθεύειν
1558 2024 1803 2062 παρρησιάζεσθαι

1015 2077 1102 2114 (οὐδὲν
1117 2077 1172 2112 γὰρ
1187 2076 1236 2110 τῆς
1250 2074 1380 2110 ἀληθείας
1390 2072 1566 2109 φιλαίτερον),
1579 2072 1669 2105 ἔξεστι
1680 2071 1725 2098 καὶ
1734 2070 1805 2106 ἡμῖν

1015 2122 1295 2160 παρῤησιασαμένους
1307 2121 1394 2147 εἰπεῖν
1403 2120 1454 2147 οὐκ
1468 2118 1624 2154 ἀντιλογίαν
1632 2118 1803 2153 γράφοντας,

1014 2170 1071 2198 ἀλλ’
1087 2168 1235 2202 ἀπολογίαν
1250 2167 1440 2203 προΐσχοντας,
1451 2166 1489 2198 ὡς
1504 2165 1588 2201 ἐχρῆν
1603 2164 1651 2200 τὴν
1665 2164 1806 2198 ὑμετέραν

172 2218 281 2246 dicendi
305 2218 405 2252 studio,
431 2218 479 2246 sed
503 2218 668 2246 defendendi
697 2219 848 2247 voluntate.
871 2219 960 2254 Opor-

1014 2216 1058 2243 ἐπ’
1074 2215 1159 2252 ἀρετῇ
1172 2213 1340 2249 τελειότητα,
1356 2212 1409 2247 πρὸ
1422 2211 1476 2238 τῶν
1489 2211 1577 2239 ἄλλων
1594 2211 1644 2245 μὲν
1659 2210 1805 2241 ἁπάντων,

173 2264 259 2292 tuisse
286 2271 386 2300 nempe
421 2269 541 2292 vestram
568 2265 596 2292 in
621 2264 723 2292 virtute
751 2265 960 2300 perfectionem,

172 2314 236 2338 ante
250 2309 303 2338 alia
322 2309 414 2338 omnia
429 2310 650 2338 considerantem
665 2310 767 2338 invitos
782 2319 833 2338 nos
848 2310 882 2338 ad
909 2311 962 2339 hoc

169 2358 264 2393 iugum
279 2361 379 2385 tractos
393 2364 463 2390 esse,
471 2364 526 2384 non
542 2357 694 2392 increpare,
704 2357 751 2384 sed
759 2356 898 2390 misereri;
912 2364 965 2384 nec

172 2403 324 2438 despicere,
351 2403 400 2430 sed
427 2403 587 2431 condolcre.
617 2402 804 2430 Misericordia
827 2402 902 2430 enim
934 2407 964 2430 et

173 2449 330 2477 humanitas
343 2450 376 2477 iis
386 2450 485 2485 quibus
508 2449 623 2477 affertur
635 2449 687 2481 vis,
697 2448 823 2482 debetur,
835 2456 891 2476 non
912 2447 962 2475 ob-

168 2495 290 2531 iurgatio
322 2499 370 2523 aut
398 2501 583 2531 contemptus.
616 2495 675 2522 Vim
701 2495 774 2522 enim
806 2494 960 2529 subiimus;

171 2546 301 2577 quantam
308 2546 410 2573 autem.
420 2541 491 2569 Deus
499 2542 542 2569 cui
554 2541 646 2569 omnia
655 2541 737 2569 etiam
751 2541 857 2569 occulta
868 2544 962 2575 aperta

172 2596 248 2624 sunt,
263 2590 322 2625 ipse
335 2589 415 2618 simul
429 2590 490 2622 scit,
508 2590 586 2618 inviti
594 2590 697 2617 detenti
707 2597 801 2617 sumus
811 2597 819 2623 ;
831 2588 859 2616 in
873 2592 966 2616 custo—

171 2638 215 2665 dia
230 2645 307 2672 atque
322 2644 354 2664 ac
369 2641 461 2664 sontes
475 2636 572 2669 habiti,
594 2636 723 2665 custodiis
736 2635 965 2666 observabamur;

172 2682 334 2718 suffragium
357 2681 391 2709 de
420 2681 510 2713 nobis,
541 2681 621 2709 nobis
646 2679 836 2711 renuentibus,
862 2678 965 2705 latum:

171 2727 256 2755 creati
273 2735 368 2754 sumus
378 2727 484 2759 ﬂentes,
500 2731 656 2760 querentes,
667 2725 717 2761 ipsi
732 2725 914 2760 nosmetipsos
926 2723 966 2751 fe-

174 2774 285 2805 rientes,
294 2777 322 2800 et
336 2773 506 2800 aﬂlictantes.
517 2771 613 2799 Sciunt
635 2773 692 2799 haec
706 2778 817 2798 omnes:
827 2777 882 2797 non
893 2769 967 2796 enim

1013 2263 1044 2290 τὸ
1059 2261 1176 2292 ἄκοντας
1198 2260 1272 2296 ἡμᾶς
1299 2259 1339 2291 είς
1352 2258 1399 2285 τὸν
1415 2257 1498 2292 ζυγὸν
1518 2256 1613 2284 τοῦτον
1636 2254 1806 2289 ἑλκυσθῆναι

1011 2307 1212 2336 διασκοποῦσαν
1231 2305 1268 2342 μὴ
1288 2304 1430 2340 ἐπιτιμᾷν,
1448 2303 1505 2331 ἀλλ’
1521 2302 1618 2334 ἐλεεῖν,
1632 2300 1695 2337 μηδ’
1713 2300 1806 2335 ὑπερη

1014 2355 1092 2390 ορᾷν,
1110 2353 1178 2380 ἀλλὰ
1198 2351 1341 2385 συναλγεῖν
1351 2358 1358 2366 ·
1387 2349 1462 2381 ἔλεος
1477 2348 1532 2384 γὰρ
1548 2348 1596 2374 καὶ
1607 2344 1806 2382 φιλανθρωπία

1013 2401 1072 2432 τοῖς
1084 2398 1143 2434 βίαν
1158 2397 1302 2429 παθοῦσιν,
1316 2395 1375 2423 ἀλλ’
1397 2395 1446 2422 οὐκ
1462 2393 1621 2430 ἐπιτίμησις
1637 2393 1654 2428 ή
1675 2392 1806 2427 παρόρα-

1015 2454 1059 2477 σις
1076 2443 1265 2478 ὲποφείλεταιο
1282 2442 1343 2477 βίαν
1369 2441 1424 2476 γὰρ
1439 2440 1608 2475 ὑπέστημεν,
1631 2437 1678 2465 καὶ
1691 2437 1806 2473 ήλίκην,

1015 2492 1093 2523 Θεὸς,
1146 2490 1236 2518 πάντα
1253 2488 1301 2516 καλ⁵
1316 2488 1352 2515 τὰ
1375 2488 1480 2524 κρύφια
1498 2487 1703 2521 πεφανέρωται,
1720 2483 1808 2515 αὐτὸς

1014 2537 1217 2564 συνεπίσταται.
1248 2534 1455 2569 Συνεσχέθημεν
1481 2532 1605 2563 ἄκοντες,
1633 2529 1807 2564 κακούργοις

1016 2583 1061 2611 ῐσα
1076 2582 1289 2618 καθείρχθημεν,
1314 2579 1487 2615 ὲτηρούμεθα
1504 2577 1714 2613 φυλασσόμενοι,
1733 2575 1808 2610 ἐψη-

1017 2630 1155 2665 φίσθημιν
1176 2627 1364 2658 ὰνανεύοντες,
1381 2625 1629 2662 ὲχειροτονήθημεν
1655 2623 1808 2653 κλαίοντες

1015 2675 1183 2712 ὀδυρόμενοι,
1207 2673 1387 2708 κοπτόμενοι,
1410 2671 1483 2698 ῖσασι
1496 2670 1584 2698 ταῦτα
1607 2670 1725 2700 πάντες·
1740 2667 1810 2695 οὐδὲ

1015 2722 1070 2757 γὰρ
1082 2722 1112 2748 ὲν
1123 2720 1210 2756 γωνίᾳ
1224 2719 1343 2754 ἐγένετο,
1361 2718 1408 2745 καὶ
1425 2712 1462 2744 τὺ’
1478 2717 1592 2752 μέγεθος
1606 2716 1655 2751 τῆς
1669 2714 1810 2750 ἐπηρείας

1016 2766 1064 2803 τὴν
1077 2766 1197 2801 ἱστορίαν
1210 2765 1250 2796 είς
1263 2764 1351 2792 πάντα
1365 2763 1519 2799 ἐξήνεγκεν.

171 2819 199 2849 in
213 2820 311 2854 angulo
319 2819 388 2847 facta
399 2822 464 2846 sunt
475 2827 482 2852 ;
499 2822 526 2846 at
537 2819 723 2853 imprcssionis
736 2821 772 2851 et,
783 2821 814 2845 ut
822 2817 857 2845 ita
873 2815 973 2848 dicam,
984 2812 1187 2842 obtrectationis
1197 2810 1354 2848 magnitudo
1369 2809 1506 2838 historiam
1520 2808 1554 2837 ad
1566 2815 1661 2837 omnes
1676 2805 1809 2843 pertulit.

208 2885 315 2913 ’ICor.
332 2893 389 2917 sui,
401 2885 427 2918 7,
445 2885 470 2913 8,

1340 2918 1359 2934 m‘
