1945 3088
123 155 175 188 597

698 155 966 186 EPISTOLABUM
987 155 1103 185 LIBER
1120 155 1144 184 Ι.

1694 152 1746 183 598

157 199 225 230 Εἶτα
251 201 278 228 τί
303 201 344 227 δεῖ
372 202 428 233 τοῖς
456 201 542 228 πολλὰ
571 201 618 228 καὶ
645 201 721 228 δεινὰ
747 201 910 228 πεπονθόσιν

997 201 1066 234 Quid
1082 201 1164 236 igitur
1191 205 1298 236 oportet
1316 202 1342 228 in
1357 209 1416 233 eos,
1433 200 1479 236 qui
1493 201 1577 228 multa
1605 199 1697 235 gravia
1719 203 1747 226 et

122 247 307 283 ἐπεμϐαίνειν,
321 246 508 281 ἐπιπλήττειν,
521 246 706 282 διαλοιδορείν,
721 246 737 281 ἢ
749 246 905 282 οἰκτείρειν,

123 295 169 320 καὶ
188 292 406 329 παραμυθεῖσθαι
421 293 470 328 ὅση
491 293 622 328 δύναμις;
646 292 790 326 Ἑξέπεσον
806 293 908 327 εἰρηνι-

123 339 174 374 κῆς
195 339 278 374 ζωῆς,
294 339 423 372 ἐξέπεσον
439 339 562 374 γαλήνης
577 339 717 373 γλυκείας,
735 339 865 371 ἐξέπεσον
879 338 907 365 δὲ

122 385 168 410 καὶ
185 384 264 419 δόξης
279 385 368 419 (εἴπερ
385 384 440 410 τισὶ
459 384 506 410 καὶ
525 384 661 419 κοσμικῆς
683 383 763 418 δόξης
791 383 906 418 ἔφεσις),

121 430 247 462 ἐξέπεσον
255 430 305 465 τῆς
317 429 396 465 φίλης
411 429 534 465 ἡσυχίας,
546 429 596 464 τῆς
607 429 729 464 καθαρᾶς
742 429 851 464 ὲκείνης
860 429 908 455 καὶ

121 476 233 511 ἡδίστης
251 475 321 511 μετὰ
335 476 389 502 τῶν
405 475 521 512 πλησίον
542 476 696 508 συνουσίας,
718 476 769 510 τῆς
791 475 906 508 ἀλύπου,

121 521 168 548 καὶ
186 521 292 554 ἀδόλου,
308 522 355 548 καὶ
370 522 574 557 ἀνεπιπλήκτου
598 530 734 548 συναναστ
741 522 838 557 ροφῆς.
856 522 908 549 Οὑ-

121 567 175 599 δεὶς
186 565 220 603 ἦν
233 569 247 595 6
261 568 339 603 δίκην
352 568 476 608 ἐγκαλῷν
487 567 559 603 ὲμοί.
575 568 632 595 Οὐκ
649 568 844 604 ὲνεγραψάμην
861 568 907 595 ἄλ-

122 613 166 639 λον
182 614 248 647 ἐγὼ,
261 614 292 640 οὺ
308 613 362 640 τῶν
377 614 529 648 ἐπηλύδων,
547 614 577 640 οὐ
601 614 656 640 τῶν
673 614 826 650 ἐγχωρίων,
847 613 908 640 οὐδὲ

122 658 176 686 τῶν
190 660 343 694 ἀσυνήθων,
356 660 394 695 μή
410 660 436 687 τί
459 668 491 694 γε
503 660 557 687 τῶν
568 660 653 695 φίλων
664 668 671 675 '
685 661 735 695 οὐχ
746 659 833 692 οὕτως
845 660 907 687 ἐλύ-

122 713 198 740 πησα
217 705 328 732 πώποτέ
341 714 412 738 τινα,
436 705 475 738 ὡς
494 705 574 741 ὕϐριν
597 706 638 737 είς
656 706 731 741 ἡμᾶς
760 706 908 739 ὲκπ-ιύσαι,

122 751 191 787 πλὴν
201 752 227 779 εί
246 753 329 788 μήπω
344 752 408 784 τοὺς
426 752 498 787 ὑπὲρ
509 752 650 784 εὐσεϐείας
664 752 806 784 κινδύνους
815 751 910 787 ὲθελή-

124 806 167 824 σει
174 806 217 830 τις
232 798 392 826 ἐπισκοπεῖν
402 807 410 814 θ
424 798 480 825 οὐδ’
495 798 581 830 οὕτως
595 799 720 834 ἥμαρτεν
737 798 817 831 ἄλλος
834 799 908 834 ἐμοὶ,

122 843 160 875 ὡς
169 844 215 870 καὶ
227 843 308 879 μέχρι
317 844 367 879 τῆς
385 846 426 876 είς
437 844 520 871 αὑτὸν
531 844 638 880 ὕὸρεως
646 845 695 880 τὴν
709 844 836 879 γλῶσσαν
865 845 910 879 ἑξ-

123 888 275 925 ολισθῆσαι.
294 890 389 923 οὕτως
398 888 468 926 ἦσαν
479 892 545 926 ἡμῖν
562 890 681 923 ἅπαντες
697 892 860 928 χρηστοὶ,τδ
881 892 910 919 δὲ

122 935 257 970 ἡμέτερον
269 935 356 968 αὐτοὶ,
370 935 421 962 κᾶν
441 935 480 972 μὴ
493 936 576 971 λέγω,
593 937 763 972 κεκράγασιν
773 946 781 955 ο
795 937 910 972 ὴγαπώ-

124 989 178 1016 μην
193 982 250 1013 τοῖς
268 981 354 1016 φίλοις
367 981 437 1018 ὑπὲρ
453 982 517 1014 τοὺς
531 986 683 1016 συγγενεῖς,
702 983 787 1019 ἄμφω
803 983 831 1010 δὲ
854 984 910 1015 τοῖς

123 1026 284 1061 συγγενέσιν
295 1027 471 1064 ἐλογιζόμην,
492 1027 540 1055 καὶ
565 1028 619 1055 τῶν
635 1029 777 1062 συγγενῶν
790 1029 803 1055 6
816 1029 912 1063 φίλτα-

122 1081 179 1106 τος,
197 1074 245 1101 καὶ
260 1073 314 1102 τῶν
327 1074 446 1110 μάλιστα
462 1075 616 1110 φιλούντων
627 1076 641 1102 6
659 1076 805 1111 συγγενής.

164 1218 199 1245 Ἦ
218 1217 248 1245 δὲ
262 1218 327 1254 περὶ
342 1218 393 1254 ἐμὲ
408 1219 462 1246 τῶν
489 1219 604 1256 πλησίον
615 1220 694 1257 φήμη
709 1222 759 1256 τῆς
780 1221 910 1257 σπουδῆς,

124 1263 172 1290 καὶ
187 1264 250 1296 τοὺς
268 1264 395 1299 ἀγνῶτας
411 1263 502 1292 εἷλκεν
517 1267 557 1298 εἰς
570 1265 661 1302 ἔρωτα
673 1267 744 1295 θεῖον
757 1268 804 1294 καὶ
819 1268 911 1303 φιλίας

123 1309 233 1345 δεσμὸν,
252 1310 316 1342 ἴσως
328 1310 350 1336 δ’
361 1310 394 1337 ἂν
408 1311 508 1338 ἐκεῖνοι
526 1313 573 1339 καὶ
589 1313 798 1350 ἀμεταμέλητον
823 1315 910 1351 εὐφη-

126 1356 268 1391 μήσωμεν.
293 1357 375 1384 Ἀλλὰ
387 1358 447 1390 πῶς
463 1355 520 1386 οἷόν
539 1359 569 1386 τέ
582 1360 656 1386 ἐστιν
675 1360 809 1396 ἀδακρυτὶ
826 1361 913 1389 ταῦτα

123 1402 284 1436 παρελθεῖν;
310 1404 379 1430 οἶκοι
396 1403 447 1439 μὲν
473 1405 528 1440 γὰρ
554 1405 662 1441 μένοντι
675 1407 692 1441 ἡ
704 1406 837 1442 χαρίεσσα
857 1407 913 1434 τῶν

123 1449 226 1483 ἡδονῶν
238 1449 433 1485 περιεπλέκετο
441 1450 537 1486 τέρψις
544 1451 599 1478 τῶν
612 1450 803 1486 μανθανόντων
813 1452 913 1487 ὁρῶντι

124 1494 171 1521 τὸν
182 1494 273 1529 πόνον,
291 1495 341 1530 τὴν
355 1495 476 1532 σπουδὴν
492 1495 548 1523 τῶν
561 1496 836 1534 ὲπερωτώντων,τὴν
852 1506 913 1532 τρι-

124 1540 176 1576 σὴν
189 1541 245 1568 τῶν
260 1541 542 1577 προσδιαλεγομένων,
560 1543 593 1569 δι’
611 1539 649 1569 ὧν
666 1543 682 1577 ἡ
698 1543 767 1578 πρὸς
783 1543 813 1569 τὸ
825 1543 912 1579 ῥᾷστα

124 1586 300 1622 παράγεσθαι
314 1588 507 1623 καταρτίζεται
518 1587 628 1624 γνώμη,
641 1588 696 1615 τῶν
708 1577 769 1621 ταῖς
782 1577 912 1625 μαθημα-
928 1577 948 1604 C

124 1634 215 1665 τικαῖς
229 1634 339 1670 σχολαῖς
351 1635 558 1671 λεπτυνομένων
571 1636 622 1671 τὴν
640 1635 770 1669 διάνοιαν,
785 1635 840 1662 τῶν
853 1637 914 1668 ταῖς

124 1678 249 1714 λογικαῖς
267 1680 390 1716 μεθόδοις
419 1681 579 1717 ίχνευόντων
595 1681 625 1708 τὸ
651 1681 762 1716 ἀληθὲς,
779 1681 833 1709 τῶν
857 1683 914 1714 τοῖς

125 1724 209 1757 θείοις
221 1726 331 1760 Λογίοις
347 1726 513 1761 ἰθυνομένων
528 1727 575 1754 τὸν
590 1727 652 1754 νοῦν
671 1727 740 1762 πρὸς
760 1727 913 1761 εὐσέϐειαν,

125 1770 140 1797 ὃ
165 1770 220 1797 τῶν
245 1771 333 1798 ἄλλων
362 1772 489 1800 ἁπάντων
512 1773 632 1809 ὑπάρχει
649 1774 738 1800 πόνων
758 1775 772 1800 6
794 1774 912 1810 καρπός.

127 1816 256 1848 Τοιοῦτος
272 1817 325 1853 γὰρ
340 1818 422 1853 χορὸς
436 1819 484 1853 τῆς
501 1819 571 1854 ἐμῆς
591 1819 679 1851 οίκίας
695 1817 729 1855 ἦν
745 1820 759 1846 6
771 1820 875 1855 χορός..

169 1897 283 1931 Ἐξιόντι
310 1898 339 1925 δὲ
367 1898 449 1925 πάλιν
472 1898 542 1934 πρὸς
555 1899 605 1935 τὴν
629 1899 764 1935 βασίλειον
784 1899 916 1932 πολλάκις

125 1945 212 1980 αὐλὴν
240 1945 270 1971 αἱ
289 1946 513 1981 προπεμπτήριοι
535 1946 589 1972 τῶν
605 1946 704 1981 εὐχῶν,
729 1947 776 1974 καὶ
802 1947 850 1974 τοῦ
877 1947 915 1982 μὴ

126 1991 268 2026 βραδύνειν
283 1992 300 2027 ὴ
317 1992 472 2028 προτροπή.
486 1989 541 2019 Ἦν
553 1992 607 2028 γάρ
621 2001 666 2028 μοι
679 1993 726 2020 καὶ
739 1992 819 2020 τοῦτο
830 1993 916 2029 γέρας

125 2037 497 2080 ἀφωεωμέκοπμίὲξαξρετον,
513 2039 545 2067 τὸ
563 2041 662 2075 μέτρον
684 2040 757 2076 ἔχειν
775 2040 826 2075 τὴν
853 2039 916 2074 βού-

125 2079 206 2122 λησιν
216 2087 266 2122 τῆς
287 2087 316 2113 έν
331 2087 388 2118 τοῖς
417 2086 563 2121 βασιλείοις
587 2086 737 2122 διατριϐῆς.
761 2086 916 2114 Ἐπανιόντι

124 2132 155 2159 δὲ
166 2133 246 2160 πάλιν
257 2133 309 2167 πρὸ
318 2133 409 2160 πυλῶν
421 2133 566 2169 ἱστάμενος
581 2135 595 2161 6
605 2133 687 2168 σοφὸς
695 2134 799 2165 ἐκεῖνος
809 2134 916 2168 ὑπήντα

126 2179 217 2215 χορός.
240 2178 284 2210 Ἐξ
299 2175 338 2206 ὧν
351 2180 376 2206 oi
392 2179 440 2214 μὲν
456 2179 601 2207 ἐνεκάλουν
628 2179 677 2215 τὴν
696 2179 862 2215 βραδυτῆτα,
875 2176 916 2211 οἷς

961 247 1057 274 acerba
1071 246 1143 282 passi
1150 251 1234 279 ,sunt,
1253 247 1357 279 invehi,
1371 247 1528 282 objurgare,
1549 245 1680 273 conviciis
1696 252 1746 279 ap-

958 297 1051 327 petere
1065 293 1157 327 potius
1185 301 1267 328 quam
1291 293 1426 325 misereri.
1443 297 1471 320 et
1493 300 1544 327 pro
1554 292 1658 319 viribus
1681 298 1747 318 cou-

959 337 1059 365 solari?
1073 337 1164 366 Decidi
1184 346 1199 365 e
1212 339 1265 365 vita
1280 345 1375 373 pacem
1391 338 1525 369 habente;
1541 337 1629 364 decidi
1643 344 1657 362 a
1672 340 1748 362 tran-

962 385 1098 420 quillitate
1110 385 1194 417 :dulci
1223 390 1251 412 et
1283 384 1408 420 placida;
1437 385 1524 412 decidi
1548 384 1582 410 de
1605 382 1688 418 gloria
1714 382 1747 414 (si

959 436 1051 459 tamen
1066 431 1227 466 quibusdam
1238 430 1382 458 mundana:
1394 430 1486 466 gloriae
1503 437 1580 457 amor
1588 429 1647 468 θεῖ’(
1660 427 1749 456 excidi

959 486 974 505 e
986 478 1068 506 chara
1083 479 1185 514 quiete,
1201 486 1217 505 e
1231 486 1299 513 pura
1313 478 1358 505 illa
1373 482 1402 505 et
1418 476 1618 512 iucundissima
1633 482 1695 502 cum
1715 474 1749 501 iis

959 525 1006 559 qui
1022 525 1088 552 mihi
1105 525 1223 559 proximi
1238 529 1328 558 erant,
1351 523 1560 555 consuetudine,
1581 527 1609 550 et
1631 528 1749 549 conver-

959 570 1065 599 satione
1082 571 1185 598 doloris
1207 575 1320 606 experte
1335 574 1363 597 et
1381 569 1436 598 doli
1458 574 1486 597 et
1515 567 1746 604 reprehensionis.

960 615 1047 644 Nemo
1059 621 1118 644 erat
1129 617 1175 652 qui
1189 624 1234 644 me
1252 617 1401 649 incusaret,
1415 623 1466 643 nec
1486 615 1568 642 alium
1580 621 1748 649 quemquam

959 670 1010 698 ego
1025 663 1154 690 accusavi
1169 663 1211 690 vel
1226 663 1394 690 advenarum
1420 661 1462 689 vel
1485 661 1685 695 indigenarum,
1698 667 1750 687 nec

959 716 1024 736 vero
1040 708 1180 735 hominum
1201 708 1292 736 minus
1307 707 1491 739 familiarium,
1513 706 1615 734 nedum
1643 705 1749 733 amico-

960 763 1032 782 rum.
1050 755 1110 782 Nou
1139 762 1189 790 ego
1212 756 1252 782 sic
1280 761 1399 789 unquam
1423 754 1484 782 dedi
1511 752 1594 781 alicui
1617 752 1750 783 dolorem,

960 807 991 830 ut
1007 802 1204 830 contumeliam
1221 802 1248 828 in
1275 809 1326 829 nos
1343 804 1490 836 exspueret
1503 809 1510 827 :
1523 799 1577 828 nisi
1599 799 1670 827 forte
1686 798 1752 826 velit

961 849 1022 884 quis
1031 853 1158 884 suscepta
1170 856 1220 883 pro
1229 848 1330 883 pietate
1344 848 1465 883 pericula
1481 847 1598 874 intueri:
1615 853 1666 874 nec
1677 845 1752 881 quis-

961 903 1043 931 quam
1061 896 1089 922 in
1105 903 1148 923 me
1159 895 1195 922 ita
1209 896 1343 930 peccavit,
1361 899 1392 922 ut
1410 901 1497 930 usque
1512 894 1546 921 ad
1557 893 1752 921 contumeliam

962 942 990 969 in
1001 942 1089 977 ipsum
1100 941 1191 977 lingua
1199 942 1428 969 laberetur.Adeo
1439 945 1517 968 erant
1526 948 1622 968 omnes
1630 947 1693 975 erga
1702 947 1752 967 uos

961 989 1072 1024 benigni
1082 998 1088 1015 :
1098 993 1192 1016 nostra
1208 996 1274 1016 vero
1288 988 1367 1021 ratio,
1381 996 1441 1023 quae
1457 987 1548 1019 fuerit,
1563 987 1612 1021 illi,
1627 986 1752 1022 quamvis

962 1039 1077 1066 taceam.
1093 1035 1220 1062 clamant.
1245 1034 1286 1062 Me
1299 1034 1378 1062 amici
1394 1034 1478 1070 magis
1491 1033 1639 1069 diligebant
1669 1040 1752 1068 quam

963 1082 1182 1117 consanguineos
1198 1089 1282 1109 suos:
1304 1086 1332 1108 at
1345 1088 1411 1108 vero
1425 1080 1549 1116 cognatis
1565 1079 1633 1107 meis
1657 1080 1751 1106 existi-

963 1129 1058 1156 mabar
1084 1133 1112 1156 et
1143 1133 1322 1164 cognatorum
1351 1127 1530 1155 charissimus
1566 1131 1594 1154 et
1623 1131 1751 1162 cognatos

962 1175 1085 1202 omnium
1102 1175 1315 1202 amantissimus.

997 1220 1080 1248 Fama
1094 1228 1159 1248 vero
1174 1221 1256 1248 studii
1276 1227 1339 1256 erga
1350 1227 1395 1247 me
1413 1219 1599 1255 proximorum
1614 1227 1749 1251 meorum.

963 1267 1072 1304 ignotos
1087 1274 1197 1302 quoque
1219 1267 1253 1294 ad
1275 1267 1397 1294 divinum
1422 1274 1542 1293 amorem
1559 1265 1694 1297 trahebat,
1724 1269 1752 1292 et

963 1314 997 1342 ad
1024 1313 1150 1342 amicitia:
1177 1313 1339 1341 vinculum:
1359 1320 1410 1340 nec
1429 1321 1477 1340 eos
1502 1312 1616 1339 fortasse
1640 1312 1752 1340 laudum

963 1361 997 1388 de
1014 1369 1057 1389 me
1074 1361 1229 1388 habitarum
1243 1368 1364 1395 unquam
1381 1359 1538 1395 paenitebit.
1550 1361 1584 1387 At
1601 1359 1659 1386 haec
1684 1366 1753 1394 quo-

963 1406 1044 1434 modo
1057 1406 1116 1434 sine
1133 1406 1261 1442 lacrymis
1279 1405 1489 1434 commemorari
1516 1405 1652 1441 possunt?
1684 1403 1751 1431 Nam

963 1451 1038 1479 domi
1054 1455 1209 1479 manentem
1227 1455 1303 1487 grata
1320 1451 1490 1486 voluptalum
1523 1449 1753 1485 complectebatur

963 1497 1120 1528 oblectatio,
1135 1505 1197 1524 cum
1220 1497 1383 1525 discentium
1405 1497 1527 1524 laborem
1541 1496 1674 1527 intuerer,
1695 1500 1754 1522 stu-

964 1543 1038 1571 dium
1055 1543 1294 1578 interrogantium,
1308 1542 1505 1576 alloquentium
1512 1541 1753 1573 exercitationem;

965 1589 1066 1625 quibus
1089 1590 1173 1617 rebus
1205 1589 1370 1616 informatur
1397 1589 1543 1622 sententia,
1567 1596 1602 1616 ne
1626 1587 1754 1615 facillime

965 1636 1054 1671 possit
1063 1636 1172 1671 decipi:
1188 1643 1282 1663 eorum
1298 1640 1442 1671 prmterea,
1453 1643 1569 1669 quorum
1581 1641 1658 1662 mens
1673 1634 1756 1661 scho-

965 1682 1001 1710 lis
1015 1682 1219 1710 mathematicis
1240 1680 1493 1715 exacuebatur,"vel
1508 1681 1554 1716 qui
1580 1680 1674 1715 logicis
1697 1687 1756 1718 me-

966 1727 1057 1756 thodis
1091 1735 1188 1754 verum
1212 1727 1422 1762 investigabant,
1446 1726 1488 1753 vel
1516 1733 1632 1760 quorum
1657 1732 1755 1752 sensus

966 1773 1067 1801 divinis
1083 1773 1206 1809 Eloquiis
1222 1773 1256 1800 ad
1276 1772 1407 1807 pietatem
1423 1771 1610 1807 dirigebatur:
1625 1770 1671 1805 qui
1686 1770 1765 1797 alio-.

967 1828 1027 1848 rum
1038 1819 1162 1848 omnium
1181 1820 1304 1847 laborum
1319 1824 1360 1846 est
1374 1818 1496 1846 fructus:
1511 1817 1573 1846 talis
1592 1817 1667 1845 enim
1687 1816 1755 1845 cho-

967 1874 1024 1899 rus,
1039 1866 1137 1894 domus
1154 1873 1221 1893 mea:
1233 1865 1336 1892 chorus
1350 1869 1419 1892 erat.

1002 1911 1043 1939 Ad
1067 1911 1168 1947 regiam
1195 1920 1291 1939 rursus
1313 1911 1402 1939 aulam
1423 1918 1496 1946 saepe
1522 1909 1633 1938 adeunti
1656 1913 1757 1944 praesto

967 1963 1046 1986 erant
1075 1958 1300 1994 prosequentium
1319 1962 1393 1991 vota,
1430 1957 1588 1987 hortatione
1612 1963 1753 1984 morarer:

968 2012 1031 2032 nam
1053 2010 1185 2040 praeterea
1207 2005 1254 2040 qui
1277 2004 1436 2032 satisfacere
1461 2003 1553 2031 animo
1577 2010 1639 2030 meo
1661 2009 1757 2030 omnes

968 2050 1079 2083 vellent,
1106 2050 1151 2078 hic
1181 2051 1270 2078 honor
1299 2050 1365 2078 mihi
1397 2050 1548 2078 habebatur
1575 2049 1701 2082 eximius,
1728 2054 1759 2076 ut

968 2097 1138 2125 voluntatem
1161 2097 1303 2130 haberem,
1332 2096 1443 2125 modum
1469 2096 1497 2124 in
1525 2096 1608 2131 Regia
1634 2103 1757 2124 commo-

968 2142 1059 2170 randi.
1081 2142 1219 2170 Redeunti
1243 2150 1340 2170 rursus
1360 2147 1423 2172 ante
1439 2147 1532 2177 portas
1553 2146 1630 2169 stans
1657 2141 1758 2169 chorus

969 2187 1014 2216 ille
1040 2187 1151 2224 sapiens
1177 2188 1478 2224 occurrebat:quibus
1501 2192 1613 2223 propter
1647 2188 1758 2215 virtutis

126 2225 176 2252 καὶ
189 2225 300 2262 θαρρεῖν
315 2234 342 2252 τι
362 2225 417 2252 τῶν
432 2225 520 2253 ἄλλων
543 2225 624 2252 πλέον
634 2225 668 2252 δι’
683 2225 835 2261 ὑπερϐολὴν
850 2225 911 2260 ἀρε-

970 2234 1156 2269 praestantiam
1175 2234 1262 2269 major
1275 2235 1481 2270 quamvemteris
1494 2234 1593 2262 fiducia
1622 2242 1757 2261 concessa

124 2273 176 2308 τῆς
189 2272 366 2308 ἐκεχάριστο²
379 2272 434 2298 τισὶ
445 2272 473 2299 δὲ
484 2274 532 2298 καὶ
546 2272 703 2308 προσειπεῖν
720 2272 811 2307 ἤρκει,
822 2271 915 2303 ἄλλοις

124 2319 154 2346 δὲ
175 2320 222 2346 καὶ
238 2319 268 2345 τὸ
280 2318 368 2352 δεῖξαι
386 2318 466 2353 μόνον
481 2318 522 2344 ὅτι
545 2317 718 2353 μεμενήκασι
732 2325 739 2332 ·
755 2317 803 2344 καὶ
832 2316 913 2344 τοῦτο

126 2365 220 2400 κύκλῳ
235 2365 342 2400 ἐγένετο
364 2365 414 2391 οὐκ
433 2364 591 2396 ὲπιὸουλαίς
611 2363 751 2399 λυόμενον,
767 2364 798 2391 οὐ
825 2364 915 2399 φθόνῳ

125 2412 306 2448 κοπτόμενον,
322 2412 372 2439 οὐκ
382 2411 514 2447 ὀλιγωρίᾳ
535 2410 746 2446 μαραινόμενον.

162 2471 217 2497 Καὶ
231 2470 272 2502 τίς
285 2470 318 2496 ἂν
332 2469 453 2496 τοιούτου
469 2468 526 2504 βίου
540 2467 635 2494 παθὼν
646 2468 833 2495 ἐπανάστασιν
843 2467 914 2494 ἑκὼν

123 2515 175 2552 ’τὴν
193 2514 346 2550 μεταϐολὴν
372 2515 420 2542 καὶ
438 2514 545 2550 θρήνων
565 2513 644 2543 me;
657 2512 819 2547 ύπενέγκοις
843 2512 913 2538 Τού-

125 2571 182 2590 των
208 2561 337 2589 ἁπάντων
365 2561 504 2595 ἐξέπεσον,
532 2560 603 2595 ὑπὲρ
628 2560 731 2587 τούτων
757 2559 913 2595 ὡδυρόμην,

122 2609 229 2637 τούτων
245 2608 437 2643 ἀποσπωμένῳ
451 2607 537 2643 πηγαὶ
560 2606 685 2642 δακρύων
701 2605 912 2640 ἀνεστομοῦντο,

123 2656 174 2684 καὶ
187 2655 276 2690 λύπης
291 2654 375 2689 ἀχλὺς
392 2654 581 2689 περιεκέχυτο.
603 2653 696 2688 "nam
717 2653 772 2688 γὰρ
792 2652 840 2680 καὶ
860 2652 915 2687 πρὸ

123 2702 176 2737 τῆς
196 2702 295 2736 πείρας
310 2700 340 2726 τὺ
358 2699 545 2734 πολυτάραχον
567 2699 615 2726 καὶ
638 2698 841 2734 πολυμέριμνον
863 2698 914 2733 τῆς

124 2748 261 2784 καθέδρας
273 2747 375 2782 ταύτης
388 2755 394 2762 ·
411 2746 485 2782 ᾔδειν
507 2746 537 2772 τὸ
549 2745 716 2781 δυσάρεστον
727 2746 776 2772 καὶ
787 2745 914 2780 δυσήνιον

124 2794 174 2821 τοῦ
190 2794 303 2830 μιγάδος
317 2794 407 2829 ὄχλου,
419 2793 468 2828 τὴν
482 2792 550 2828 πρὸς
559 2792 689 2828 ἀλλήλους
704 2792 773 2827 ἔριν,
791 2792 836 2818 τὸν
851 2791 915 2825 φθό-

126 2851 183 2873 νον,
206 2842 255 2873 τὰς
271 2842 389 2872 στάσεις,
410 2841 458 2872 τὰς
470 2841 680 2871 ἐπαναστάσεις,
696 2840 745 2874 τὴν
768 2839 838 2865 κατὰ
860 2839 914 2865 τίον

127 2889 342 2924 παρεστηκότων
361 2888 449 2923 ὕϐριν,
473 2887 519 2914 καὶ
545 2887 590 2914 τὸν
612 2886 782 2922 xcv-(usuin,
796 2886 859 2913 ὅταν
878 2886 915 2921 μὴ

969 2285 1045 2313 erat;
1072 2280 1120 2308 alii
1147 2280 1270 2308 contenti
1304 2285 1383 2307 erant
1415 2280 1533 2307 salulem
1565 2279 1683 2310 dixisse;
1712 2279 1758 2306 alii

969 2325 1122 2354 ostendisse
1159 2330 1266 2353 tantum
1302 2326 1536 2361 exspectationem
1575 2334 1665 2354 suam.
1706 2325 1758 2352 Al—

968 2379 1021 2406 que
1040 2372 1093 2399 hoc
1119 2371 1146 2399 in
1173 2372 1267 2401 orbem
1295 2372 1388 2406 ﬁebat,
1421 2380 1473 2400 nec
1498 2372 1613 2400 occullis
1638 2372 1759 2400 consiliis

971 2417 1153 2452 prohibitum,
1169 2424 1219 2444 nec
1234 2416 1336 2445 invidia
1352 2417 1552 2444 intermissum.

1002 2473 1169 2509 Ecquisnam
1202 2474 1247 2501 tali
1269 2474 1324 2502 vita
1348 2474 1491 2502 submotus
1519 2475 1607 2502 libens
1629 2476 1759 2503 mutatim

966 2528 1041 2554 nem,
1059 2527 1092 2548 ac
1114 2521 1175 2548 sine
1191 2521 1319 2548 lamentis
1335 2521 1424 2548 ferat?
1445 2521 1493 2549 His
1509 2522 1640 2550 omnibus
1673 2523 1762 2551 excidi

967 2574 1049 2602 super
1067 2567 1111 2594 bis
1127 2567 1349 2602 ingemiscebam.
1378 2568 1442 2596 Haec
1470 2576 1534 2596 cum
1561 2569 1757 2596 abstraheren-

969 2617 1025 2646 tur,
1054 2613 1146 2642 fontes
1170 2613 1352 2649 lacrymarum
1380 2613 1565 2649 proflua-bant,
1593 2623 1624 2642 ac
1653 2615 1758 2642 doloris

967 2660 1054 2695 caligo
1069 2659 1353 2688 circumfundebatur.
1376 2661 1502 2689 Sciebam
1518 2662 1592 2689 enim
1609 2669 1673 2688 cum
1690 2669 1759 2688 non—

967 2705 1032 2732 dum
1067 2712 1158 2732 essem
1195 2711 1337 2739 expertus.
1362 2706 1541 2740 multiplicem
1577 2706 1659 2741 huius
1686 2705 1761 2733 sedis

971 2750 1155 2778 turbationem
1179 2754 1207 2777 et
1227 2750 1452 2783 sollicitudinem,
1481 2751 1602 2778 sciebam
1619 2750 1760 2778 fastidium

970 2801 997 2824 et
1029 2796 1231 2824 contumaciam
1271 2797 1434 2831 promiscua:
1459 2797 1556 2829 turbze,
1590 2796 1651 2824 lites
1689 2796 1760 2824 inter

968 2842 1055 2876 ipsos,
1075 2841 1205 2869 invidiam
1222 2841 1382 2875 seditiones,
1402 2847 1512 2869 mutuos
1543 2842 1671 2876 impetus,
1695 2849 1761 2868 eon-

969 2887 1109 2915 tumeliam
1124 2887 1150 2915 in
1160 2887 1313 2923 prefectos,
1332 2892 1359 2916 et
1376 2888 1599 2916 mussitationem
1618 2888 1761 2924 Siquando
