1945 3088
200 141 251 178 593

757 143 888 174 PHOTII
907 142 1160 174 PATRIARCHIE
1178 143 1234 174 ΟΡ.

1761 139 1814 174 600

199 195 300 231 quibus
319 200 411 232 egent,
437 195 484 231 qui
513 200 622 230 petunt.
649 204 704 224 non
730 197 929 232 adipiscuntur,
956 204 972 224 e

1034 196 1154 231 τύχωσιν
1174 196 1245 223 ὅσων
1267 195 1382 227 δέονται,
1398 195 1445 222 καὶ
1459 195 1523 221 ὅταν
1538 194 1576 230 μὴ
1603 194 1744 222 τυπῶνται
1767 195 1816 223 καὶ

199 242 309 278 quando
339 242 374 270 ad
390 242 488 270 horum
507 242 675 270 voluntatem
691 242 729 269 illi
751 250 781 270 se
797 250 852 270 non
868 242 980 270 confor-

199 291 287 321 mant,
305 294 358 318 nec
367 287 575 316 accommodant
590 295 598 314 :
615 286 819 322 despicientiam
835 293 931 314 rursus
953 290 981 314 et

198 335 388 368 contemptum
412 338 475 358 cum
495 332 530 359 ad
554 331 720 366 postulatum
750 331 924 364 adduxerim,
951 335 981 360 et

197 376 368 413 detraxerint
385 377 420 408 ad
435 376 604 409 voluntatem
624 384 714 410 suam;
728 384 785 409 non
802 377 876 407 enim
888 377 916 404 in
930 383 979 405 vo-

197 421 316 452 luntaria
325 421 423 461 gratia,
438 422 487 450 sed
502 422 531 451 in
546 422 669 455 violento
685 421 762 457 jussu
783 422 916 457 deputant
930 429 980 457 op—

197 467 246 495 tati
268 467 312 495 sul
339 472 478 499 eventum.
498 468 538 501 Ac
568 468 665 504 vulgus
681 471 843 503 potestatem
868 473 980 496 nactum

196 512 303 548 imperii
325 513 353 540 in
378 521 440 541 eum
453 513 498 550 qui
512 521 603 542 rerum
632 514 744 550 potitur,
761 519 818 542 tum
839 514 900 548 sibi,
920 519 980 542 tum

198 559 299 594 rectori
314 559 465 594 perniciem
490 564 575 595 creat.
595 559 678 593 Navis
689 560 790 588 etenim
813 560 892 588 facile
904 567 979 588 mer-

196 606 286 636 getur,
323 610 385 631 cum
408 608 498 637 nauta}
528 604 709 638 gubernatore
739 605 862 640 depulso,
898 605 979 633 simul

197 657 291 692 qmnes
309 649 472 685 gubernant.
497 650 676 678 Etexercitus
702 650 825 679 funditus
844 651 978 684 interibit.

196 701 261 722 cum
288 702 384 722 eorum
401 695 518 731 quisque
535 695 602 723 nulli
626 696 689 724 duci
708 696 911 731 obtemperans,
927 696 979 724 sibi

195 739 327 770 adversus
348 740 464 771 alterum
484 741 601 771 oﬁicium
622 741 699 769 ducis
715 746 833 777 arrogat.
849 741 904 770 Cur
929 750 977 770 au-

197 790 252 813 tem
263 785 325 820 quis
336 785 441 822 singula
455 787 654 821 prosequatur?
676 786 747 815 Nam
769 794 841 822 saepe
865 794 978 814 necesse

195 835 238 858 est
261 830 418 866 praefectum
435 831 553 859 colorem
569 832 624 859 oris
640 832 682 859 sui
707 832 736 859 in
758 832 896 860 tristitiam
917 839 978 859 mu-

196 872 266 907 tare,
287 881 349 902 cum
371 883 427 902 non
456 875 493 903 ita
509 875 640 904 adiciatur
659 876 768 908 animus
793 886 800 904 :
827 885 860 905 ac
882 885 978 905 rursus

197 921 344 956 interdum,
364 921 456 951 animo
477 922 588 955 dolente
610 923 702 950 laetum
728 923 850 958 przebere
875 932 906 952 os
926 933 933 952 :
951 929 978 952 et

195 966 274 1001 irasci
292 974 487 1005 nonnunquam
507 976 570 996 cum
590 968 675 997 iratus
691 977 747 999 non
759 970 811 998 sit:
835 974 863 998 et
887 970 978 998 subri-

193 1013 260 1044 uere
277 1012 342 1040 dum
357 1013 480 1050 angitur:
495 1015 556 1042 talis
571 1015 645 1049 enim
664 1024 746 1044 scena
757 1024 853 1044 eorum
867 1021 918 1050 est,
930 1017 978 1052 qui

194 1058 378 1093 multitudinis
421 1060 612 1095 praafecturam
651 1063 791 1098 suscipere
827 1064 976 1098 adjudicati

194 1110 268 1143 sunt.
288 1106 376 1142 Antea
404 1115 470 1136 vero
491 1109 579 1143 qualis
592 1110 654 1138 est?
676 1110 781 1138 amicus
801 1111 898 1138 amicis
920 1119 977 1139 non

193 1151 283 1189 gravis
301 1161 309 1180 :
329 1153 419 1195 qualis
434 1154 543 1186 aﬁectio
555 1160 607 1188 est,
625 1156 685 1187 talis
704 1156 820 1191 species.

228 1198 306 1236 Nunc
324 1204 415 1235 autem
438 1205 490 1234 est,
509 1202 554 1233 ubi
580 1203 678 1230 acerbe
701 1210 814 1231 necesse
826 1208 868 1231 est
887 1203 977 1231 incre-

195 1251 260 1285 pare
276 1245 388 1280 amicos,
404 1251 431 1274 et
448 1252 560 1282 propter
576 1248 735 1276 mandatum
753 1253 883 1284 cognatos
898 1257 976 1284 sper-

194 1298 276 1326 nere;
303 1295 331 1318 et
356 1292 533 1326 peccantibus
556 1300 688 1328 apparere
716 1302 837 1330 gravem.
873 1294 976 1323 Invidia

194 1335 325 1371 undique,
340 1336 452 1364 licentia
463 1337 642 1365 diuturnitate
659 1339 788 1374 temporis
803 1339 974 1368 conﬁrmata.

193 1380 264 1417 Quid
295 1388 340 1409 me
366 1387 474 1416 oportet
496 1387 594 1410 caetera
625 1385 859 1412 commemorare?
885 1385 975 1420 qualia

194 1426 332 1461 perpetior
360 1426 499 1458 insectans
531 1427 693 1458 Simonem?
719 1429 819 1461 Quales
849 1431 975 1465 quotidie

193 1472 357 1505 mutationes
374 1473 507 1506 sustineo,
523 1474 690 1505 mundanam
709 1475 847 1504 licentiam
872 1484 975 1505 sermo-

1031 243 1264 280 σχηματίζωνται,
1278 242 1339 269 καθ’
1354 241 1384 268 ὃν
1397 242 1499 276 τρόπον
1516 238 1588 268 οὗτοι
1601 241 1755 277 βούλονται·
1766 242 1816 278 τὴν

1031 289 1182 326 ὑπεροψίαν
1199 288 1281 315 πάλιν
1301 287 1348 315 καὶ
1369 288 1590 324 καταφρόνησιν,
1607 287 1718 315 ἐπειδὰν
1736 288 1815 315 ἐλκύ-

1029 344 1098 363 σωσι
1107 334 1176 370 πρδς
1184 334 1234 369 τὴν
1244 334 1361 369 αἴτησιν,
1378 333 1424 360 καί
1437 333 1687 367 συγκατασπάσωσι
1697 333 1738 369 τῷ
1751 341 1816 368 eos?

1029 381 1102 418 τέρῳ
1118 380 1290 417 βουλήματι·
1321 380 1351 406 οὐ
1368 379 1423 414 γὰρ
1451 379 1574 406 ἑκουσίου
1596 379 1718 414 χάριτος,
1745 379 1814 407 ἀλλά

1031 425 1120 461 βιαίου
1137 425 1348 460 προστάγματος
1363 423 1410 450 τοῦ
1436 423 1587 458 θελήματος
1599 423 1689 450 αὐτῶν
1706 423 1813 458 ἐκλογί-

1029 470 1122 503 ζονται
1133 470 1183 504 τήν
1196 468 1346 495 τελείωσιν.
1357 467 1412 494 Καὶ
1420 467 1520 502 κράτος
1527 466 1619 493 λαῦὼν
1630 466 1708 502 θχλος
1718 466 1814 503 ἄρχειν

1028 516 1076 543 τοῦ
1093 514 1259 551 κρατοῦντος
1283 514 1372 549 ἐαυτῷ
1391 522 1421 540 τε
1445 513 1492 540 καὶ
1511 513 1550 548 τῷ
1561 513 1678 540 διέποντι
1694 512 1815 548 ὀλέθριος

1028 562 1145 597 γίνεται.
1160 561 1217 588 Καὶ
1229 560 1293 592 ναῦς
1309 560 1365 596 γὰρ
1380 559 1455 586 δύσει
1470 559 1580 595 ῥᾳδίως,
1599 559 1664 585 ὅταν
1679 559 1704 584 οί
1715 557 1813 586 ναῦται

1028 607 1074 635 τὸν
1088 607 1259 642 κυϐερνήτην
1271 605 1465 641 παρωσάμενοι
1478 604 1579 635 πάντες
1600 605 1658 639 ἅμα
1677 603 1813 640 κυϐερνή-

1030 661 1110 680 σωσι·
1129 653 1176 679 καὶ
1191 652 1306 687 στρατὸς
1325 652 1409 686 ἄρδην
1433 651 1545 683 ὀλεῖται,
1565 650 1674 678 ἐπειδὰν
1697 651 1814 682 ἕκαστος

1028 697 1117 725 αὑτῶν
1132 697 1339 732 ἁστρατήγητος
1356 695 1486 730 ὑπάρχων
1511 696 1750 730 καταστρατηγεῖν
1764 694 1813 722 τοῦ

1029 743 1141 777 πλησίον
1171 740 1371 773 ἀλαζονεύοιτο.
1398 741 1453 767 Καὶ
1470 741 1497 767 τί
1514 740 1547 768 ἄν
1561 748 1602 771 τις
1631 740 1702 767 κατὰ
1730 740 1814 776 μέρος

1027 788 1138 822 διεξίοι;
1153 788 1260 822 ἀνάγκη
1290 787 1344 823 γὰρ
1365 786 1411 813 τὸν
1434 786 1604 822 ἐφεστηκότα
1619 785 1750 818 πολλάκις
1766 786 1814 813 καὶ

1029 834 1212 860 ὑπαλλάσσειν
1227 833 1258 859 τὸ
1271 833 1369 868 χρῶμα
1379 832 1429 867 τῆς
1441 831 1529 866 ὅψεως
1548 832 1588 863 είς
1602 831 1633 858 τὸ
1650 831 1813 866 σκυθρωπὸν

1027 880 1076 913 τῆς
1085 879 1174 914 ψυχῆς
1192 879 1242 914 οὺχ
1255 878 1327 904 οὕτω
1340 877 1525 912 διακειμένης,
1541 877 1590 904 καὶ
1603 877 1684 904 πάλιν
1697 875 1753 907 ἐσθ’
1766 877 1814 904 ὅτε

1027 925 1130 959 ταύτης
1146 926 1332 959 ἀλγυνομένης
1340 923 1370 951 τὺ
1379 924 1527 958 πρόσωπον
1541 923 1676 959 παρέχειν
1686 922 1811 959 φαιδρὸν,

1026 971 1183 1007 ὀργίζεσθαι
1199 972 1222 998 δ’
1232 970 1265 998 αὖ
1282 970 1363 997 πάλιν
1379 970 1416 1006 μὴ
1433 969 1622 1005 ὀργιζόμενον,
1634 970 1682 997 καὶ
1701 969 1810 1006 μειδιᾷν

1026 1018 1185 1053 ἀνιώμενον.
1205 1017 1323 1051 Τοιαύτη
1338 1017 1392 1051 γὰρ
1406 1017 1422 1051 ἡ
1441 1017 1527 1051 σκηνὴ
1539 1016 1594 1043 τῶν
1607 1016 1728 1051 πλήθους
1743 1024 1814 1051 προσ

1029 1064 1141 1091 στασίαν
1156 1063 1336 1095 ἀναδέξασθαι
1350 1062 1614 1089 καταδικασθέντων.
1631 1062 1672 1090 Τὰ
1693 1061 1722 1088 δέ
1733 1062 1812 1099 πρὶν,

1028 1111 1110 1143 ποῖα;
1127 1109 1203 1143 φίλος
1217 1110 1274 1140 τοῖς
1293 1108 1379 1143 φίλοις
1395 1108 1562 1144 ἀνεπαχθὴς,
1578 1108 1676 1144 ἐχθρὸς
1687 1108 1716 1135 δέ
1729 1109 1810 1136 οὐδε-

1027 1155 1086 1187 νός·
1101 1152 1158 1186 οἷος
1172 1155 1221 1190 τὴν
1237 1154 1367 1186 διάθεσιν,
1389 1153 1509 1185 τοιοῦτος
1524 1154 1572 1181 καὶ
1586 1154 1617 1181 τὸ
1634 1154 1810 1189 φαινόμενον.

1061 1200 1119 1227 Νῦν
1131 1200 1159 1227 δὲ
1172 1199 1228 1228 ἐσθ’
1245 1200 1291 1226 ὅτε
1305 1200 1353 1227 καὶ
1366 1199 1474 1236 πικρῶς
1488 1199 1619 1235 ἐπιτιμᾷν
1630 1200 1738 1236 ἀνάγκη
1752 1202 1812 1233 τοῖς

1026 1247 1125 1281 φίλοις,
1147 1247 1193 1273 καὶ
1215 1246 1278 1278 τοὺς
1305 1247 1447 1280 συγγενεῖς
1461 1246 1531 1282 ὑπὲρ
1546 1246 1657 1282 ἐντολῆς
1673 1248 1812 1287 παρορᾷν,

1026 1292 1073 1321 καὶ
1087 1293 1143 1323 τοῖς
1157 1291 1343 1327 ἁμαρτάνουσι
1358 1291 1502 1327 φαίνεσθαι
1518 1292 1614 1327 βαρὺς,
1629 1292 1726 1327 φθόνος
1738 1301 1811 1321 πανε

1025 1338 1150 1373 ταχόθεν,
1166 1337 1263 1370 ἀταξία
1284 1338 1371 1373 χρόνῳ
1391 1337 1584 1373 κρατυνθεῖσα,
1608 1338 1642 1364 Τί
1657 1347 1691 1373 με
1707 1338 1760 1374 χρὴ
1775 1338 1813 1366 τὰ

1025 1382 1106 1413 λοιπὰ
1129 1381 1309 1417 καταριθμεῖν
1326 1379 1370 1409 οἷα
1384 1383 1481 1418 πάσχω
1495 1381 1602 1409 διώκων
1622 1382 1667 1409 τὸν
1683 1383 1812 1417 Σίμωνας

1024 1427 1097 1463 οἵους
1114 1427 1175 1454 καθ’
1189 1427 1307 1463 ἐκάστην
1329 1427 1483 1462 ὑφίσταμαι
1505 1429 1677 1464 πειρασμοὺς
1694 1428 1744 1461 τὰς
1763 1437 1812 1456 κο-

1026 1472 1127 1508 σμικὰς
1140 1473 1295 1509 παρρησίας
1310 1473 1357 1499 τοῦ
1375 1473 1449 1507 ἱεροῦ
1471 1474 1644 1508 περικόπτων
1668 1474 1812 1508 συλλόγου,

191 1519 235 1557 nis
256 1526 272 1546 a
293 1527 371 1549 sacro
400 1523 535 1553 conventu
551 1521 708 1555 prohibens,
737 1527 763 1550 et
787 1527 973 1560 contemptum

1027 1519 1074 1553 τὴν
1085 1519 1230 1554 ὀλιγωρίαν
1240 1519 1290 1554 τὴν
1299 1519 1363 1554 περὶ
1377 1519 1411 1545 τὰ
1423 1519 1576 1554 κρείττονα,
1589 1520 1638 1554 τὴν
1650 1520 1815 1555 ἐπιμέλειαν

191 1565 328 1606 potiorum
351 1573 453 1598 rerum,
482 1571 510 1594 et
533 1566 701 1603 diligentiam
731 1569 886 1598 vanarum?
910 1569 974 1597 llaec

191 1610 379 1648 providebam,
395 1615 424 1640 et
438 1611 547 1640 animus
562 1613 750 1641 mordebatur:
765 1622 817 1642 nec
831 1623 897 1643 vero
906 1623 974 1644 mea:

190 1660 234 1690 est
244 1658 314 1692 opis,
336 1657 395 1689 haec
410 1657 575 1688 convellere.
585 1656 732 1694 Fugiebaiu
745 1660 914 1696 suﬁ'ragium,
924 1662 973 1690 de-

192 1701 322 1739 precabar
343 1702 519 1739 creationem,
536 1703 726 1738 prafecturam
745 1705 972 1742 ingetnisccbam;

192 1753 286 1783 verum
309 1746 440 1784 declinari
458 1755 512 1775 non
537 1748 626 1783 potuit
643 1749 715 1783 quod
725 1754 784 1778 erat
798 1751 972 1786 praeﬁnitum.

225 1791 281 1830 Sed
293 1799 343 1820 cur
355 1793 413 1830 haec
429 1793 520 1823 scribo
538 1799 566 1822 et
590 1795 688 1829 scripsi
707 1795 804 1830 prius?
825 1803 857 1824 ac
885 1797 974 1832 siqui-

189 1837 252 1871 dem
264 1839 366 1877 credita
386 1844 467 1875 sunt;
482 1848 556 1875 nunc
567 1841 694 1879 injuriam
719 1842 836 1878 accipio.
854 1852 870 1871 a
889 1843 972 1871 mise-

191 1885 306 1924 ricordia
318 1886 453 1922 desertus.
466 1888 514 1925 Sin
525 1889 560 1924 iis
572 1898 628 1918 non
640 1895 683 1919 est
697 1891 843 1926 creditum,
865 1900 973 1920 rursum

190 1930 293 1967 ptiicior
306 1932 414 1970 injuria,
427 1934 474 1969 qui
482 1943 546 1971 vera
559 1936 677 1973 scribam
692 1945 744 1964 nec
756 1937 838 1965 ﬁdem
850 1937 949 1970 iaciam
960 1947 970 1965 ι

189 1977 230 2010 βία
247 1978 365 2018 undique
381 1979 464 2011 miser
477 1988 548 2013 sum.
564 1981 587 2008 Δ
602 1982 701 2018 quibus
716 1983 858 2018 sperabam
873 1983 974 2010 doloris

190 2026 334 2061 nacturum
348 2032 392 2057 me
405 2026 631 2063 sublevationem,
645 2027 708 2055 inde
720 2028 847 2063 increpor
859 2037 866 2056 :
881 2036 897 2055 a
910 2029 973 2063 qui-

191 2067 241 2096 bus
254 2068 469 2104 exhortationem
486 2075 514 2097 et
539 2070 762 2106 consolationem,
787 2071 850 2098 inde
869 2071 903 2099 ad
914 2071 973 2106 ido-

189 2112 274 2140 iorem
288 2113 365 2141 dolor
376 2113 540 2155 qdjungitur.
556 2115 595 2142 Te
605 2123 661 2148 non
675 2116 827 2150 oportebat,
836 2116 972 2151 inquiunt,

186 2159 258 2194 allici
295 2159 406 2195 injuria,
431 2161 484 2188 hoc
508 2160 590 2193 dicito
613 2161 647 2189 iis
667 2161 714 2198 qui
731 2162 892 2190 intulerunt.
912 2160 972 2195 Non

187 2204 309 2241 pportuit
324 2205 373 2237 tibi
388 2205 479 2242 alieni
496 2206 561 2242 vim.
581 2205 694 2242 Egregia
713 2214 779 2235 sane
795 2207 846 2241 lex,
865 2208 913 2237 sed
924 2207 970 2244 qui
987 2199 1009 2227 Ῑ)

188 2250 367 2287 obiurgandi?
382 2259 475 2289 nonne
489 2253 535 2287 qui
557 2252 612 2287 vim
636 2252 776 2282 fecerunt?
787 2253 972 2290 Misericordia

187 2297 299 2331 quinam
313 2296 410 2336 digni?
435 2297 531 2326 Nonne
550 2299 568 2326 ii
582 2299 629 2334 qui
652 2299 705 2327 vim
725 2299 885 2327 subierunt?
900 2299 935 2327 At
948 2299 972 2327 si

186 2343 250 2378 quis
267 2343 399 2379 cossinit,
415 2351 431 2372 a
453 2345 552 2382 quibus
564 2350 606 2373 est
625 2345 696 2376 illata
709 2345 767 2378 vis;
783 2345 906 2380 increpat
922 2353 973 2372 au-

188 2395 243 2418 tem
265 2398 328 2417 eum
343 2390 390 2426 qui
406 2390 459 2418 vim
474 2399 570 2426 passus
583 2395 640 2418 est:
661 2392 805 2427 sperabam
822 2396 876 2419 tua:
889 2392 971 2426 justi—

187 2436 233 2463 tiaa
251 2444 332 2471 posse
347 2445 390 2467 me
407 2437 434 2464 in
451 2445 514 2469 eum
527 2437 661 2472 judicium
688 2437 844 2472 implorare.
872 2439 906 2464 At
928 2445 972 2464 ca-

187 2489 285 2514 nones,
311 2482 408 2517 inquit,
435 2483 526 2515 violati
550 2487 624 2514 sunt,
647 2483 720 2518 quod
735 2483 769 2510 ad
800 2483 973 2518 pontiﬁcatus

187 2528 323 2564 fastigium
343 2537 360 2556 ο
375 2529 506 2562 laieorum
525 2530 620 2560 ordine
645 2529 802 2558 ascendisti.
833 2529 887 2557 Sed
911 2530 973 2565 quis

186 2573 315 2600 violavit?
334 2573 359 2602 Is
372 2575 419 2608 qui
445 2575 499 2605 vim
523 2574 704 2610 irrogavit,an
724 2574 769 2609 qui
790 2582 839 2609 per
862 2574 916 2602 vim
945 2579 973 2602 et

185 2618 288 2655 invitus
301 2623 433 2649 attractus
451 2619 565 2647 est?sed
581 2620 707 2651 resistere
721 2619 851 2654 oportuit.
869 2620 973 2652 Quous-

185 2663 263 2698 que?
277 2663 364 2691 restiti
378 2663 462 2695 enim,
475 2668 503 2691 et
524 2665 585 2699 plus
600 2672 680 2700 quam
690 2664 820 2700 oportuit.
846 2664 924 2697 Quod
947 2665 971 2694 si

185 2708 227 2740 sic
241 2715 297 2735 non
311 2707 491 2744 providissent
504 2709 667 2736 infestorum
681 2714 826 2737 ventorum
839 2710 971 2744 procellas

184 2754 312 2788 βωνίοιιεε
340 2753 408 2787 fore,
422 2754 582 2782 restitissem
607 2758 689 2783 etiam
718 2763 804 2790 usque
827 2756 861 2783 ad
885 2756 971 2790 ipsam

185 2804 311 2831 nini-tom.
328 2799 427 2833 Quales
443 2804 534 2826 autem
549 2807 668 2827 canones
683 2800 722 2832 hi,
736 2808 851 2835 quorum
870 2800 968 2827 asseri-

185 2847 230 2876 tur
252 2845 461 2878 praevaricatio?
475 2852 543 2880 quos
560 2846 594 2873 ad
606 2846 678 2880 hunc
692 2853 776 2882 usque
792 2846 864 2881 diem
888 2845 963 2874 Com

960 2884 1009 2891 ,μ

1023 1564 1073 1600 τὴν
1087 1564 1152 1600 περὶ
1163 1564 1198 1591 τὰ
1212 1565 1324 1599 μάταια,
1341 1564 1359 1592 ἃ.
1378 1564 1484 1600 βλέπων
1496 1566 1543 1592 καὶ
1561 1565 1635 1600 πρὶν,
1652 1565 1700 1592 καὶ
1712 1565 1812 1592 δακνό-

1025 1619 1104 1646 μενος
1115 1610 1164 1646 τὴν
1186 1610 1286 1646 ψυχὴν,
1303 1610 1350 1637 καὶ
1363 1609 1402 1646 μὴ
1415 1610 1464 1645 τῆς
1488 1610 1558 1645 ὲμῆς
1576 1610 1667 1646 ίσχύος
1694 1607 1765 1638 εἶναι
1780 1611 1813 1638 τὸ

1023 1656 1108 1683 ταῦτα
1126 1656 1273 1692 περιελεῖν.
1293 1657 1430 1691 Ἕφευγον
1442 1653 1497 1692 ’τὴν
1511 1656 1611 1692 ψῆφον,
1626 1656 1813 1692 παρῃτούμην

1022 1701 1072 1736 τὴν
1088 1701 1266 1738 χειροτονίαν,
1284 1700 1429 1736 ὠδυρόμην
1441 1701 1490 1737 τὴν
1512 1701 1685 1729 ἐπιστασίαν.
1699 1701 1758 1729 Οὐκ
1772 1699 1808 1737 ἦν

1023 1747 1051 1778 δὲ
1065 1747 1119 1782 ἄρα
1134 1748 1231 1781 φυγεῖν
1245 1747 1275 1774 τὸ
1288 1747 1461 1783 προορισθέν.

1065 1791 1145 1818 Ἀλλὰ
1154 1791 1181 1818 τί
1187 1792 1286 1826 γράφω
1294 1792 1380 1821 ταῦτα
1388 1800 1395 1824 ;
1405 1791 1512 1827 ἐγράφη
1523 1791 1719 1827 καὶπρότερον,
1730 1791 1777 1819 καὶ
1786 1793 1812 1826 el

1025 1838 1076 1873 μὲν
1086 1838 1295 1874 ἐπιστεύθησαν,
1308 1837 1451 1875 ἀδικοῦμαι
1464 1838 1501 1874 μὴ
1514 1837 1688 1873 ἐλεούμενος*
1701 1838 1762 1865 εἰδὲ
1773 1838 1813 1874 μὴ

1024 1884 1234 1920 ἐπιστεύθησαν,
1247 1884 1393 1919 ἀδικοῦμαι
1408 1884 1490 1911 πάλιν
1515 1883 1603 1919 ἀληθῆ
1623 1883 1746 1919 γράφων,
1762 1884 1812 1910 καὶ

1024 1931 1233 1966 ἀπιστούμενος.
1265 1931 1359 1963 Οὕτως
1384 1930 1440 1964 ἐγὼ
1462 1930 1631 1965 πανταχόθεν
1663 1930 1811 1966 δυστυχὴς,

1024 1977 1070 2010 ἀφ’
1085 1974 1122 2004 ὧν
1133 1977 1234 2011 ἐλπίζω
1246 1978 1294 2012 τῆς
1309 1977 1398 2012 λύπης
1408 1977 1498 2012 εὑρεῖν
1510 1975 1685 2013 παραψυχὴν,
1702 1976 1811 2003 ἐκεῖθεν

1025 2023 1226 2058 ἐκπλήττομαν
1241 2023 1289 2057 ἀφ’
1307 2019 1345 2050 ὦν
1360 2023 1533 2059 παράκλησιν
1554 2023 1603 2050 καὶ
1618 2022 1812 2058 παραμυθίαν,

1024 2069 1129 2096 ἐκεῖθεν
1142 2070 1188 2096 ἐπὶ
1212 2069 1252 2104 τῷ
1270 2069 1409 2105 ἀλγήματι
1419 2069 1594 2104 προστίθεται
1612 2069 1735 2104 ἄλγημα.
1751 2069 1812 2096 Οὐκ

1023 2114 1077 2141 ἔδει
1085 2123 1125 2147 σε,
1132 2115 1224 2149 φησὶν,
1232 2115 1404 2151 ἀδικηθῆναι.
1413 2115 1484 2150 Πρὸς
1496 2116 1558 2147 τοὺς
1564 2114 1724 2147 ἀδικοῦντας
1731 2114 1812 2141 τοῦτο

1024 2161 1095 2187 είπὲ.
1105 2161 1161 2187 υὺκ
1181 2160 1234 2189 ἔδει
1253 2161 1404 2196 βιασθῆναι.
1415 2161 1492 2196 Καλή
1501 2169 1534 2196 γε
1546 2162 1562 2196 ὴ
1574 2160 1729 2196 νομοθεσία,
1741 2160 1812 2188 ἀλλὰ

1023 2205 1094 2231 τίσιν
1110 2207 1127 2241 ἠ
1140 2206 1314 2243 ἐπιτίμησις;
1337 2207 1398 2246 οὐχὶ
1410 2208 1467 2239 τοῖς
1482 2206 1674 2243 βιασαμένοιςς
1690 2206 1721 2233 rb
1732 2206 1809 2238 ἕλεος

1022 2250 1051 2277 δὲ
1066 2251 1152 2284 τίσιν,
1168 2251 1228 2287 οὐχὶ
1250 2253 1306 2284 τοῖς
1330 2252 1390 2288 βίαν
1407 2253 1571 2286 omnium;
1587 2252 1620 2279 ἂν
1633 2251 1662 2278 δέ
1683 2259 1725 2283 τις
1739 2249 1805 2282 τοὺς

1024 2295 1205 2331 βιασαμένους
1220 2297 1268 2332 μὲν
1281 2297 1324 2333 ἐᾷ,
1343 2298 1390 2324 τὸν
1408 2297 1436 2324 δέ
1459 2297 1604 2332 βιασθέντα
1615 2297 1739 2332 ἐπιτιμᾷ,
1754 2296 1808 2331 τὴν

1024 2342 1074 2378 σὴν
1088 2343 1201 2377 ἤλπιζεν
1214 2343 1257 2369 ἐπ’
1271 2336 1352 2370 αὑτὸν
1375 2343 1547 2379 δικαιοσύνην
1564 2343 1677 2370 καλέσαι
1696 2344 1808 2379 κριτήν.

1029 2388 1110 2415 Ἀλλά
1125 2389 1246 2423 κανόνες,
1266 2390 1345 2425 φησὶ,
1358 2389 1564 2425 παρεσάοησαν,
1581 2389 1624 2416 ὅτι
1636 2390 1703 2425 πρὸς
1712 2390 1744 2416 τὸ
1756 2389 1810 2424 τῆς

1023 2434 1226 2470 ἀρχιερωσύνης
1243 2435 1319 2469 ὕψος,
1343 2436 1398 2463 ἀπὺ
1411 2435 1507 2463 λαῖκοῦ
1524 2436 1660 2471 προῆλθες
1673 2435 1720 2462 τοῦ
1739 2436 1810 2471 σχή-

1025 2488 1120 2514 ματος.
1136 2481 1191 2507 Καὶ
1210 2482 1251 2511 τίς
1267 2482 1281 2507 ὁ
1302 2483 1446 2518 παραῧὰς,
1464 2483 1479 2508 ό
1496 2482 1658 2517 βιασάμενος
1670 2503 1677 2515 ,
1693 2482 1709 2516 ἢ
1730 2482 1744 2507 ὸ
1762 2482 1812 2518 βίᾳ

1023 2526 1071 2560 καὶ
1085 2525 1160 2552 ἄκων
1173 2527 1364 2560 ἀνελκυσθείςς
1383 2528 1453 2554 Ἀλλ’
1465 2527 1548 2562 ἐχρῆν
1560 2528 1707 2562 ἀντισχεῖν.
1716 2527 1810 2562 Μέχρι

1023 2571 1110 2604 τίνος;
1127 2572 1257 2607 ἀντέσχον
1267 2572 1294 2599 δὲ
1307 2574 1355 2600 καὶ
1374 2573 1446 2608 πέρα
1459 2574 1507 2600 τοῦ
1518 2574 1635 2605 δέοντος,
1651 2573 1682 2600 Εἰ
1699 2573 1722 2600 δ’
1737 2572 1812 2599 οὕτω

1024 2626 1069 2653 μοι
1081 2618 1207 2654 προῄδειν
1221 2619 1251 2645 τὸ
1264 2619 1409 2650 κλυδώνιον
1433 2620 1488 2647 τῶν
1504 2620 1631 2656 πονηρῶν
1645 2619 1812 2654 πνευμάτων
1859 2620 1862 2621 ⁷

1024 2663 1132 2699 μέλλειν
1158 2665 1405 2701 ἐπιτραχύνεσθαι,
1430 2666 1560 2701 ἀντέσχον
1589 2665 1623 2693 ἂν
1644 2665 1692 2692 καὶ
1711 2664 1810 2700 μέχρις

1023 2710 1107 2736 αὐτοῦ
1125 2710 1252 2740 θανάτου.
1276 2713 1351 2738 Ποῖοι
1374 2712 1404 2738 δέ
1419 2713 1532 2744 κανόνες
1547 2710 1586 2739 ὧν
1601 2713 1618 2747 ή
1635 2710 1806 2746 παράϐασις,

1022 2755 1068 2787 οὒς
1089 2757 1169 2791 μέχρι
1201 2758 1248 2784 καὶ
1277 2759 1398 2793 τήμερον
1423 2760 1452 2785 ἐν
1482 2756 1807 2786 Κωνσταντινουπολιτῶν

1023 2801 1155 2836 ἐκκλησίᾳ
1170 2803 1200 2828 οὐ
1218 2803 1386 2838 παρείληφεν
1399 2813 1405 2836 ;
1422 2804 1534 2830 ἐκείνοιν
1555 2804 1664 2837 λέγεται
1679 2801 1807 2836 παράϐα-

1023 2854 1074 2880 σις,
1087 2843 1122 2874 ὧν
1162 2848 1268 2884 φυλακὴ
1278 2849 1466 2884 παραδέδοται.
1482 2850 1515 2876 ¹¹Λ
1522 2849 1549 2875 δὲ
1562 2849 1599 2885 μὴ
1613 2848 1805 2890 παραδέδοται,
