1945 3088
121 141 171 173 601

697 137 971 172 EPISTOLARUM
989 135 1106 167 LIBER
1126 133 1153 164 Ι.

1692 126 1745 160 602

120 200 179 228 οὐδὲ
194 199 231 235 μὴ
251 199 442 236 φυλασσόμενα
461 202 643 238 παραὸἀσεως
657 200 736 236 φέρει
763 197 900 233 ἔγκλημα-

963 191 1259 226 stantinOpolitanorum
1277 186 1398 215 Ecclesia
1420 193 1475 213 non
1490 184 1605 220 accepit.
1632 183 1741 212 Illorum

161 245 232 273 Ἀλλ’
250 247 312 282 ἐμοὶ
341 247 392 282 μὲν
408 249 455 276 καὶ
470 250 505 276 τὰ
522 249 639 285 ρηθέντα
660 246 844 282 ἀποχρώντως
869 244 902 271 ἂν

120 288 202 326 εἶχεν,
219 292 257 324 ὡς
273 291 320 319 τοῦ
335 294 519 329 προσήκοντος
534 294 668 330 εἰρημένα
687 292 779 319 πλέον.
794 291 832 318 Ού
848 289 902 325 γὰρ

119 337 301 372 δικαιολογίας
324 339 422 368 ἑαυτοῦ
437 341 563 384 συνιστᾷν
575 339 716 376 προήχθην
728 347 734 353 ’
752 337 812 369 πῶς
833 336 902 372 γάρ;

120 383 149 415 ὃς
162 391 193 418 γε
213 384 293 420 εὐχῆς
307 384 388 420 ἔργον
405 382 535 421 ποιοῦμαι
557 385 735 421 πολυτρόπως
748 385 798 419 τῆς
821 382 904 417 ζάλης

119 429 222 465 ταύτης
238 430 440 466 ἀπαλλαγῆναι,
453 433 501 459 καὶ
519 432 549 459 τὸ
564 432 676 467 φορτίον
688 428 902 465 ὲλαερρυνθῆναι·

120 474 207 507 οὕτως
221 475 276 510 ἐγὼ
285 475 333 503 τοῦ
351 477 446 512 θρόνου
468 479 588 513 ἐφίεμαι,
613 477 661 504 καὶ
688 468 776 506 οὕτως
801 474 905 508 σφόδρα

121 520 276 555 ἀντέχομαι.
291 522 328 548 Ού
344 523 398 557 γὰρ
410 523 555 558 ἀρχομένῳ
570 523 619 558 μὲν
632 523 714 558 βάρος
725 520 759 556 ἦν
774 522 788 548 ὁ
799 520 903 556 θρόνος,

122 567 244 601 προῖόντι
260 567 288 593 δὲ
303 567 338 594 δι’
353 568 501 603 ἐπιθυμίας
514 569 635 603 ἐγίνετο·
649 568 708 595 ἀλλ’
721 567 816 602 ὥσπερ
831 566 906 593 ἄκων

119 611 257 648 εἰσῆλθον,
273 612 359 645 οὕτως
373 613 448 640 ἄκων
463 614 625 650 καθέζομαι,
640 613 746 640 καὶτοῦ
763 612 905 648 βιασθῆναι

121 657 191 694 πρὸς
201 658 249 693 τὴν
260 658 362 685 εἴσοδον
377 660 446 694 μετᾶ
457 660 512 687 τῶν
523 660 610 688 ἄλλων
625 659 744 696 ἐναργὴς
758 658 904 691 ἀπόδειξις,

120 704 151 731 τὸ
163 703 244 739 μέχρι
261 704 308 731 τοῦ
325 705 372 732 νῦν
386 707 432 733 ἀπ’
447 706 547 742 ἀρχῆς,
565 706 615 742 τῆς
630 706 717 742 ἀρχῆς
730 705 834 740 ταύτης
851 704 908 731 ὲθέ-

123 750 181 777 λειν
198 750 366 782 ἐξίστασθαι.
388 751 443 778 Καὶ
468 752 492 778 εἰ
512 753 664 788 χαριέντως
688 751 808 787 ἔγραφεν
833 750 906 784 ἐμοὶ,

121 796 172 823 οὐκ
193 795 293 831 ὤφειλε
313 797 441 832 γράφειν,
470 798 506 824 τὰ
522 798 571 832 μὲν
592 798 661 825 ἄλλα
684 798 772 824 πάντα
789 795 906 831 χρηστὰ,

122 843 168 874 καὶ
182 843 321 874 ἐπαινετὰ,
337 842 384 869 καὶ
399 843 533 878 δεχόμεθα
547 843 594 870 καὶ
606 843 775 878 τερπόμεθα,
795 842 841 868 καὶ
856 849 907 876 χα-

121 888 276 922 τῑστηρίους
289 887 387 924 ᾄδομεν
411 888 471 922 Θεῷ
492 888 530 924 τῷ
544 888 689 923 πανσόφως
702 888 774 914 οὕτω
795 888 844 923 τὴν
857 889 889 914 ἐκ
898 903 905 908 -

121 932 236 968 κλησίαν
252 933 383 962 ζθύναντι.
400 935 437 961 Τὸ
450 935 477 961 δὲ
494 935 548 962 ἀπὸ
560 935 674 968 λαῖκῶν,
691 935 742 962 οὐκ
752 935 904 962 ἐπαινετόν.

121 978 167 1004 Διὸ
182 979 250 1010 τέως
263 979 292 1005 ἐν
304 979 447 1014 ἀμφιϐόλῳ
461 979 661 1014 καθιστάμεθα,
676 979 725 1013 τὴν
734 978 906 1014 τελεωτάτην

121 1024 276 1055 συναίνεσιν
290 1025 330 1056 εἰς
348 1024 399 1060 τὴν
425 1025 479 1051 τῶν
501 1024 718 1060 ἀποκρισιαρίων
739 1024 817 1059 ήμῶν
839 1024 906 1050 ὑπο-

121 1068 240 1104 στροφὴν
256 1068 429 1104 ἀναθέμενοι.
453 1069 524 1096 Ἀλλ’
542 1069 596 1095 ἔδει
609 1070 736 1104 γράφειν,
760 1068 791 1095 οὐ
812 1077 905 1094 συναι-

119 1113 220 1148 νοῦμεν
243 1113 322 1146 ὅλως,
348 1114 378 1140 οὐ
403 1113 627 1148 καταδεχόμεθα·
656 1113 718 1139 οὐδὲ
747 1112 784 1148 μὴ
803 1113 842 1143 εἰς
861 1112 906 1138 τὸν

120 1159 209 1188 αἰῶνα
224 1159 442 1194 καταδεξαίμεθα
462 1159 509 1186 τὸν
526 1159 746 1194 προσδραμόντα,
765 1158 810 1184 τὸν
822 1158 907 1192 ἐμπο-

122 1206 290 1241 ρευσάμενον
301 1205 350 1240 τὴν
364 1205 462 1241 ἀρχὴν,
474 1205 520 1231 τὸν
534 1205 696 1239 ἁψήφιστον,
709 1204 754 1230 τὸν
771 1203 805 1230 τὰ
819 1203 908 1229 πάντα

121 1252 217 1279 κακόν.
232 1251 323 1284 Ἔξιθι
336 1251 384 1278 τοῦ
406 1251 513 1286 θρόνου,
536 1249 714 1286 ὑποχώρησον
729 1248 776 1276 τοῦ
794 1247 908 1283 ποιμαί-

120 1305 187 1330 νειν,
198 1296 286 1328 οὕτως
304 1295 338 1324 ἂν
350 1297 364 1323 ὁ
377 1297 492 1331 γράφων
507 1295 626 1330 ἔγραφεν
642 1295 704 1329 ἐμοὶ
723 1291 871 1328 προσφιλῆ,
884 1291 908 1317 εἰ

121 1343 168 1374 καὶ
184 1343 219 1370 τὰ
232 1343 317 1370 πλείω
327 1342 421 1378 ψευδῆ.
435 1342 509 1368 Ἔδει
519 1342 583 1377 γὰρ,
595 1341 633 1372 ὡς
647 1340 729 1372 ἔοικε,
744 1339 790 1365 τὸν
812 1337 909 1372 ἀδικη-

121 1389 203 1416 θέντα
219 1389 269 1424 τὴν
280 1389 384 1416 εῐσοδον
408 1388 570 1423 ἀδικηθῆναι
585 1387 666 1414 πάλιν
679 1386 726 1421 τὴν
737 1385 836 1417 ἔξοδον,
860 1383 908 1410 καὶ

119 1435 167 1461 τὸν
179 1435 325 1470 ἀποτόμως
345 1433 507 1466 ὠθισθέντα,
522 1433 570 1460 καὶ
585 1432 685 1459 ἄκοντα
699 1428 907 1464 ἁποτομώτερόν

119 1489 150 1507 τε
161 1481 208 1506 καὶ
220 1480 416 1516 νεανικώτερον
429 1479 605 1514 ἀπωσθῆναις
619 1477 664 1512 Τῷ
675 1477 696 1503 δ’
710 1475 796 1506 οὕτως
816 1474 905 1510 ἔχοντι

121 1525 169 1552 καὶ
182 1524 348 1560 λογιζομένῳ
362 1525 392 1551 οὺ
403 1524 487 1560 πολλὴ
503 1524 614 1559 φροντὶς
625 1522 674 1554 τὰς
693 1520 819 1551 διαϐολὰς
833 1519 904 1546 ἀπο-

120 1570 280 1605 τρίψασθαι,
292 1566 329 1596 ὧν
349 1569 380 1596 τὺ
394 1569 477 1605 κῦρος
496 1567 541 1595 τοῦ
558 1567 652 1603 θρόνου
675 1566 832 1601 ἀφαίρεσις.
849 1564 905 1590 Καὶ

121 1618 201 1652 ἤρκει
217 1618 276 1653 μὲν,
291 1617 328 1649 ὡς
340 1618 456 1653 εἴρηται,
469 1617 503 1643 τὰ
514 1615 640 1651 ρηθέντα.

953 238 1053 266 dicitur
1068 233 1254 271 transgressio,
1275 239 1391 268 quorum
1421 231 1516 258 tradita
1537 234 1579 256 est
1603 229 1743 256 custodia:

953 291 1014 319 qua:
1025 290 1089 310 vero
1102 281 1199 309 tradita
1210 272 1265 306 non
1277 281 1351 309 sunt,
1367 284 1398 304 ea
1421 284 1476 303 non
1487 275 1632 307 custodita,
1658 279 1747 301 trans-

956 327 1103 364 gressionis
1116 334 1170 353 non
1184 324 1305 352 inferunt
1316 321 1432 349 crimen.

1003 374 1075 401 Salis
1098 376 1180 400 erant
1201 378 1262 406 quas
1287 370 1343 405 jam
1366 367 1487 402 exposui,
1509 374 1541 394 ac
1558 366 1644 394 multo
1664 366 1747 394 etiam

954 421 1034 457 plura
1044 427 1123 455 quam
1137 416 1326 447 conveniebat.
1342 414 1397 441 Nec
1412 413 1483 441 enim
1496 413 1530 440 ad
1541 413 1599 440 haec
1615 412 1748 440 adductus

956 475 1017 496 sum
1035 471 1065 494 ut
1079 473 1123 493 me
1140 465 1213 500 justa
1237 461 1397 490 defensione
1420 459 1653 488 commendarem.
1676 458 1749 491 Quo-

955 513 1036 541 modo
1059 512 1131 540 enim
1153 511 1233 537 aliter
1254 516 1316 536 esse
1346 511 1448 542 posset,
1464 513 1528 533 cum
1551 504 1668 545 optabile
1681 504 1748 532 mihi

955 563 1029 587 esset
1064 556 1228 585 omnimodis
1268 554 1320 582 bac
1346 552 1464 588 procella
1493 551 1614 583 liberari,
1641 555 1669 577 et
1693 549 1748 577 hoc

956 604 1040 632 levari
1056 602 1161 630 onere?
1174 601 1220 628 Sic
1231 607 1296 635 ergo
1307 599 1379 626 sedis
1389 602 1521 633 appetens
1531 604 1601 630 sum,
1616 595 1655 623 sic
1663 595 1749 623 vehe-

956 652 1064 676 menter
1078 654 1137 674 eam
1152 645 1267 673 retineo.
1285 643 1345 671 Non
1374 643 1448 670 enim
1475 649 1491 668 a
1523 640 1658 676 principio
1684 640 1748 674 qui-

956 694 1019 721 dem
1037 692 1114 720 oneri
1134 691 1249 718 thronus
1265 690 1326 723 fuit,
1351 696 1496 724 progressu
1520 694 1586 715 vero
1613 686 1744 721 temporis

957 739 1095 774 expetitus
1111 741 1171 765 est:
1190 737 1237 764 sed
1263 735 1492 771 quemadmodum
1523 733 1664 769 ingressus
1688 740 1749 759 sum

957 784 1070 815 invitus,
1092 783 1134 810 sic
1157 781 1260 809 invitus
1275 780 1368 808 sedeo.
1386 778 1462 811 Quod
1478 783 1568 804 autem
1586 776 1664 804 initio
1683 775 1751 804 mihi

957 831 999 859 vis
1016 829 1086 856 facta
1099 828 1144 860 sit,
1158 835 1219 855 cum
1230 834 1264 854 cx
1279 825 1349 858 aliis,
1358 831 1415 852 tum
1428 832 1461 851 ex
1473 824 1524 851 hoc
1536 823 1750 855 demonstratur,

959 875 1031 912 quod
1049 883 1063 902 a
1081 874 1221 910 principio
1250 880 1337 908 usque
1355 871 1445 899 adhuc
1472 869 1554 897 velim
1574 869 1673 896 cedere
1699 869 1751 895 hac

959 923 1033 951 sede.
1049 921 1083 949 At
1099 921 1121 948 si
1139 920 1206 947 mihi
1225 923 1301 955 grata
1313 918 1456 946 scribenda
1470 920 1571 949 erunt;
1586 923 1641 943 non
1665 922 1751 950 opor-

960 970 1011 997 tuit
1025 969 1152 1003 benigna.
1165 964 1315 1000 caeteroqui
1337 969 1365 992 et
1383 963 1529 990 laudabilia
1549 961 1649 990 scribi:
1666 961 1753 988 Acce-

959 1015 1059 1051 pimus,
1084 1014 1217 1045 laetamur,
1248 1016 1276 1039 et
1297 1010 1382 1046 gratia
1417 1009 1523 1044 agimus
1549 1007 1751 1042 sapientissimo

961 1061 1027 1092 Deo,
1044 1060 1090 1094 qui
1111 1058 1262 1086 Ecclesiam
1280 1057 1424 1092 gubernat.
1445 1053 1502 1081 Hoc
1530 1061 1595 1081 vero
1614 1060 1647 1079 ex
1668 1051 1752 1079 laico-

961 1112 1022 1132 rum
1045 1103 1153 1135 ordine,
1179 1101 1316 1128 laudabile
1338 1108 1393 1126 nun
1419 1104 1479 1126 est:
1504 1098 1605 1125 idcirco
1631 1096 1752 1132 ambigui

961 1150 1051 1178 adhuc
1070 1155 1176 1180 sumus,
1192 1152 1218 1174 et
1231 1146 1381 1182 perfectum
1397 1152 1544 1173 assensum
1563 1143 1591 1171 in
1603 1142 1753 1178 apocrisia-

960 1196 1064 1223 riorum
1094 1198 1252 1221 nostrorum
1288 1192 1407 1219 reditum
1438 1190 1605 1218 distulimus.
1643 1189 1752 1217 Verum

962 1240 1046 1268 scribi
1063 1239 1169 1271 debuit,
1181 1238 1292 1265 omnino
1316 1244 1370 1263 non
1385 1235 1560 1267 assentiuntur,
1583 1242 1636 1261 non
1653 1234 1754 1268 proba-

961 1294 1034 1318 mus,
1051 1294 1107 1313 non
1127 1284 1289 1319 accipimus,
1314 1290 1367 1310 nec
1395 1289 1461 1309 vero
1492 1287 1612 1315 unquam
1636 1279 1753 1315 accipie-

959 1340 1035 1366 mus;
1051 1332 1095 1367 qui
1108 1330 1238 1361 accurrit,
1255 1329 1302 1364 qui
1319 1328 1494 1363 praesulatum
1508 1326 1679 1353 nundinatus
1695 1329 1751 1356 est,

960 1376 1007 1411 qui
1032 1383 1089 1402 non
1115 1379 1156 1401 est
1178 1373 1261 1409 justis
1275 1372 1413 1407 suﬂ‘ragiis
1435 1371 1546 1398 factus:
1565 1370 1592 1397 in
1622 1369 1752 1397 omnibus

959 1421 1124 1456 improbum.
1139 1419 1190 1446 Abi
1206 1419 1257 1446 hac
1275 1417 1351 1450 sede,
1370 1421 1398 1444 et
1428 1416 1462 1443 de
1484 1415 1599 1451 pastoris
1623 1422 1748 1442 munere.

960 1467 1012 1501 Qui
1024 1467 1062 1494 ita
1078 1466 1245 1501 scripsisset,
1261 1464 1329 1491 mihi
1342 1461 1640 1498 scripsissetjucunda,
1654 1468 1752 1496 quam-

957 1516 998 1542 vis
1021 1514 1086 1541 falsa
1106 1513 1245 1548 pleraque.
1261 1512 1303 1538 An
1332 1518 1398 1538 vcro
1424 1509 1578 1544 oportebat,
1594 1508 1640 1543 qui
1663 1507 1691 1535 in
1711 1507 1754 1534 in-

958 1569 1052 1598 gressu
1064 1560 1177 1588 affectus
1190 1564 1248 1587 erat
1264 1558 1375 1593 injuria,
1393 1558 1420 1584 in
1432 1564 1543 1592 egressu
1565 1555 1658 1583 itidem
1678 1554 1752 1589 inju-

958 1609 1027 1636 riam
1047 1607 1189 1642 accipere?
1204 1611 1232 1634 et
1254 1606 1300 1641 qui
1319 1605 1406 1633 aliena
1421 1604 1559 1640 protervia
1587 1602 1689 1630 invitus
1720 1601 1756 1628 ad

123 1665 180 1691 lucc
207 1647 349 1697 inciderat;
367 1647 457 1699 magis
477 1647 559 1690 etiam
594 1660 705 1696 praecise
733 1667 766 1688 ac
780 1663 907 1694 proterve
936 1655 1055 1690 expelli?
1081 1654 1132 1687 Qui
1161 1654 1200 1681 sic
1224 1652 1339 1679 allectus
1362 1654 1415 1681 est.
1444 1650 1543 1685 quique
1561 1650 1620 1676 hate
1643 1647 1756 1683 cogitat,

122 1718 178 1743 non
196 1710 275 1737 valde
302 1713 389 1742 curat,
411 1694 460 1737 rice
484 1694 643 1735 laborat-de
663 1705 805 1733 calumniis
826 1701 1027 1740 propulsandis,
1046 1708 1164 1735 quarum
1190 1700 1249 1726 haec
1266 1701 1388 1733 potestas
1404 1697 1462 1724 sola
1477 1701 1530 1729 est,
1545 1700 1575 1723 ut
1602 1694 1628 1722 ei
1640 1694 1757 1722 thronus

122 1756 267 1783 adimatur.
284 1755 355 1782 Satis
371 1762 453 1789 ergo,
470 1758 500 1781 ut
516 1753 582 1785 dixi,
600 1753 660 1780 haec
671 1752 791 1779 fuerant.

165 1801 243 1829 Ἐπεὶ
254 1801 282 1827 δὲ
294 1800 329 1828 δι’
342 1802 416 1836 ἡμᾶς
425 1801 474 1827 σὺν
488 1801 553 1835 ἡμῖν
576 1800 624 1826 καὶ
638 1800 662 1825 οἱ
675 1798 728 1834 πρὸ
739 1797 818 1833 ἡμῶν
833 1796 906 1830 ἅγιοι

122 1847 171 1882 καὶ
178 1846 308 1881 μακάριοι
317 1845 439 1880 Πατέρες
446 1844 687 1879 συνδιαὸεὸλῆσθαι
696 1842 908 1872 κινδυνεύουσιν,

122 1893 162 1921 ὡς
175 1891 332 1926 Νικηφόρος
348 1891 396 1917 καὶ
405 1890 540 1926 Ταράσιος
552 1890 594 1924 (ἐκ
604 1889 699 1916 λαῖκοῦ
716 1889 769 1923 γὰρ
780 1888 828 1914 καὶ
837 1885 910 1913 οὗτοι

122 1937 173 1965 τοῦ
189 1938 328 1973 σχήματος
345 1937 385 1968 εἰς
399 1936 429 1963 τὸ
451 1938 501 1972 τῆς
516 1935 722 1972 ἀρχιερωσύνης
732 1935 815 1968 ἄκρον
843 1941 911 1968 προ-

124 1983 238 2018 έϐησαν,
253 1982 278 2009 οἳ
291 1982 342 2016 τῆς
356 1981 418 2009 καθ’
432 1983 506 2018 ἡμᾶς
521 1981 618 2015 γενεᾶς
634 1981 773 2014 ἀειφανεῖς
787 1978 912 2014 λαμπτῆ-

125 2037 182 2063 ρες,
196 2029 244 2055 καὶ
257 2028 308 2062 τῆς
316 2028 457 2059 εὐσεϐείας
465 2027 622 2063 διαπρύσιοι
633 2026 762 2060 γεγόνασι
778 2025 911 2060 κήρυκες,

125 2074 176 2109 βιῳ
189 2075 235 2100 καὶ
245 2074 317 2109 λόγῳ
326 2074 508 2110 κρατύναντες
521 2074 571 2109 τὴν
580 2072 732 2108 ἀλήθειαν),
741 2071 777 2098 τὰ
783 2071 912 2098 λείποντα

123 2118 164 2154 τῷ
176 2119 247 2153 λόγῳ
265 2119 423 2154 προσθεῖναι
449 2119 537 2154 χρεὼν
555 2118 701 2153 ἡγησάμην
718 2116 806 2151 πάσης
825 2115 913 2147 αἰτίας

125 2163 279 2198 κρείττους,
296 2163 344 2190 καὶ
359 2164 448 2198 πάσης
466 2162 592 2198 διαϐολῆς
607 2163 761 2197 ἀνωτέρους
779 2163 843 2192 τοὺς
857 2169 909 2196 μα-

125 2209 240 2244 καρίους
251 2209 371 2241 ἐκείνους
382 2210 481 2245 ἄνδρας
495 2209 662 2240 ἐπιδεικνύς.
679 2209 710 2235 Εἰ
725 2208 747 2235 δ’
765 2207 820 2234 οὺδθ
834 2207 911 2234 ἄλλοι

123 2253 197 2285 τινὲς
208 2253 319 2285 τούτους
330 2253 471 2284 ὑπαιτίους
479 2253 601 2288 τολμῶσι
613 2253 707 2287 φάναι,
722 2253 753 2279 τδ
765 2253 797 2279 ἐκ
809 2251 912 2278 λαῖκῶν

123 2301 154 2332 δὲ
172 2299 240 2335 πρὸς
262 2299 413 2334 ἱερωσύνην
434 2299 521 2325 ἐλθεῖν
546 2298 709 2334 κρατύνουσι
734 2299 911 2334 πρόσκομμα,

126 2347 280 2381 μέμφονται
293 2345 343 2380 μὲν
358 2342 399 2377 οἷς
421 2345 450 2371 οὐ
478 2344 642 2379 μέμφονται.
666 2344 713 2371 Ἐκ
738 2343 839 2371 λαῖκῶν
856 2345 911 2380 γὰρ

130 2392 178 2418 καὶ
191 2389 264 2418 οὗτοι
275 2392 461 2427 προήχθησαν.
473 2391 526 2421 0i);
541 2391 570 2417 δὲ
583 2390 664 2417 πάλιν
673 2390 786 2425 τιμῶσι,
804 2391 851 2416 καὶ
870 2399 916 2416 τε-

130 2437 245 2471 θήπασι,
260 2438 291 2464 τὸ
305 2437 400 2472 ψέγειν
413 2437 444 2463 ού
460 2436 618 2472 φεύγουσιν.
639 2436 709 2462 ’Λλλ’
722 2432 796 2462 οὗτοι
813 2436 915 2471 (Ταρά-

128 2492 187 2515 ato;
205 2480 240 2519 ἦν
259 2484 306 2510 καὶ
325 2482 492 2519 Νικηφόρος)
517 2484 546 2509 ὲν
574 2482 700 2518 κοσμικῷ
718 2482 768 2517 βίῳ
793 2481 916 2516 ἀστέρων

126 2530 207 2564 δίκην
217 2529 426 2564 διαλάμποντες,
441 2528 489 2555 καὶ
503 2529 570 2564 πρὸς
586 2528 726 2563 ἱερατικὴν
735 2528 822 2562 ἀρχὴν
836 2535 916 2561 γεγο-

128 2575 203 2606 νότες
221 2574 367 2601 ἀπόλεκτοι
382 2574 457 2606 παρὰ
470 2575 571 2601 κανόνα
597 2573 645 2600 καὶ
660 2573 745 2600 τύπον
757 2573 802 2599 τὸν
814 2573 914 2607 ἐκκλη-

128 2621 270 2657 σιαστικὸν
285 2623 335 2657 τῆς
348 2621 512 2656 Ἐκκλησίας
530 2621 714 2656 προέστησαν.
731 2621 777 2654 Μὴ
805 2628 850 2654 μοι
866 2619 915 2653 γέ-

124 2677 197 2694 νοιτο
209 2667 338 2702 τοιαύτην
357 2668 466 2701 ἀφεῖναι
483 2668 584 2703 φωνὴν,
602 2667 664 2702 μηδ’
683 2667 763 2694 ἄλλου
787 2666 913 2700 λέγοντος

123 2713 240 2752 {inor—acut
251 2721 259 2728 '
274 2709 347 2740 οὗτοι
363 2713 417 2747 γὰρ
433 2712 488 2740 τῶν
505 2713 626 2740 κανόνων
642 2713 764 2748 ἀκριϐεῖς
780 2713 910 2747 φύλακες,

124 2759 175 2795 τῆς
188 2759 328 2792 εὐσεϐείας
342 2759 507 2795 ὑπέρμαχοι,
518 2759 567 2794 τῆς
577 2759 736 2791 δυσσεϐείας
754 2760 913 2795 κατήγοροι,

125 2805 269 2840 φωστῆρες
295 2806 324 2832 ὲν
342 2805 437 2840 κότμῳ
462 2805 534 2831 κατὰ
555 2805 586 2831 τὸ
614 2805 686 2831 θεῖον
710 2805 810 2838 λόγιον,
831 2804 910 2838 λόγον

126 2851 199 2885 ζωῆς
213 2851 365 2887 ἐπέχοντες.
383 2852 413 2878 ΕΞ
437 2851 460 2881 δ’
474 2852 515 2880 ὅτι
533 2852 645 2885 κανόνας
668 2851 716 2884 οὓς
731 2851 781 2879 οὐκ
804 2851 913 2892 ᾔδεισαν

996 1793 1032 1821 At
1046 1792 1174 1828 quoniam
1189 1795 1301 1826 propter
1317 1797 1367 1817 nos
1382 1789 1526 1816 nobiscum
1548 1788 1594 1823 qui
1621 1793 1686 1816 ante
1706 1795 1757 1816 nos

962 1838 1049 1870 tuere,
1070 1837 1157 1865 sancti
1180 1844 1212 1863 ac
1233 1836 1305 1863 beati
1328 1835 1425 1863 Patres
1451 1835 1642 1870 periclitantur
1666 1835 1694 1862 in
1709 1843 1756 1862 ca-

963 1884 1094 1911 lumniam
1110 1888 1138 1910 et
1153 1882 1257 1910 crimen
1273 1882 1376 1914 venire,
1395 1886 1424 1909 ut
1437 1881 1608 1916 Nicephorus
1625 1885 1652 1908 et
1666 1881 1754 1908 Tara-

963 1930 1020 1958 sius
1033 1930 1105 1965 (nam
1125 1929 1151 1956 lii
1163 1935 1272 1963 quoque
1284 1935 1316 1954 ex
1331 1927 1428 1954 ordine
1447 1927 1515 1954 laico
1532 1927 1565 1954 ad
1580 1926 1755 1962 pontiﬁcatus

964 1977 1103 2011 fastigium
1131 1974 1318 2010 pervenerint,
1338 1974 1383 2009 qui
1413 1973 1552 2001 memoria:
1575 1977 1674 2000 nostrae
1698 1973 1757 2000 cla-

964 2022 1070 2049 rissima
1085 2021 1198 2052 lumina,
1215 2020 1376 2055 pietatisque
1404 2019 1504 2055 egregii
1538 2026 1688 2054 praecones,
1709 2026 1757 2046 ves.

965 2067 1074 2094 ritatem
1087 2070 1115 2094 et
1126 2066 1181 2093 vita
1197 2070 1224 2092 et
1235 2065 1327 2093 verbis
1347 2063 1556 2097 continuarunt)
1570 2072 1577 2090 :
1599 2063 1755 2091 existimavi

964 2120 1024 2148 qua:
1041 2115 1155 2145 restant,
1180 2110 1298 2138 orationi
1319 2114 1447 2145 oportere
1467 2109 1597 2144 adjungi;
1619 2108 1685 2136 dum
1706 2115 1754 2135 os-

966 2158 1048 2185 tendo
1069 2157 1165 2184 beatos
1186 2156 1246 2183 illos
1261 2155 1335 2182 viros
1363 2155 1468 2182 crimen
1493 2161 1574 2180 omne
1593 2153 1714 2184 vincere,
1729 2155 1759 2179 et

969 2203 1131 2231 calumniam
1147 2210 1256 2229 omnem
1270 2209 1409 2236 superare.
1425 2199 1506 2233 Quod
1530 2199 1552 2226 si
1570 2207 1606 2226 ne
1635 2198 1680 2225 alii
1693 2198 1757 2233 qui-

968 2249 1030 2276 dem
1050 2249 1101 2276 hos
1120 2249 1148 2275 in
1164 2248 1266 2275 crimen
1281 2254 1381 2274 vocare
1396 2246 1507 2278 audent,
1531 2244 1602 2280 quod
1625 2248 1717 2271 autem
1742 2251 1758 2271 e

969 2295 1044 2322 laicis
1069 2294 1103 2322 ad
1123 2293 1310 2329 pontiﬁcatum
1341 2291 1527 2323 asecnderint,
1552 2290 1580 2317 in
1605 2289 1759 2316 offensione

967 2345 995 2368 et
1011 2339 1138 2367 seandalo
1153 2343 1274 2374 ponunt;
1292 2337 1498 2372 reprehendunt
1527 2343 1592 2363 sane
1614 2342 1682 2370 quos
1704 2342 1758 2361 nec

971 2386 1193 2422 reprehendunt:
1209 2393 1271 2413 nam
1290 2385 1316 2413 lii
1327 2392 1437 2420 quoque
1454 2383 1518 2410 laici
1534 2387 1599 2410 sunt
1620 2380 1757 2416 producti,

968 2440 1038 2468 quos
1060 2439 1168 2459 rursum
1195 2432 1222 2458 in
1242 2432 1345 2459 honerc
1375 2430 1475 2457 habent
1502 2434 1531 2457 et
1563 2421 1778 2461 admiratione,

967 2485 1063 2506 eorum
1086 2485 1142 2505 non
1165 2477 1274 2513 fugiunt
1288 2477 1524 2510 vituperationem.
1550 2475 1586 2502 At
1613 2473 1651 2504 lii.
1668 2472 1754 2500 Tara-

968 2525 1026 2552 sius
1041 2530 1069 2551 et
1086 2524 1268 2559 Nicephorus,
1284 2524 1310 2549 in
1335 2522 1425 2549 saeculi
1443 2522 1497 2548 vita
1513 2525 1649 2548 astrorum
1674 2519 1759 2546 instar

967 2571 1143 2602 collucentes,
1167 2570 1194 2596 in
1218 2569 1388 2596 saCcrdotum
1407 2568 1532 2595 ordinem
1549 2567 1637 2595 allecti
1659 2571 1755 2594 contra

970 2618 1091 2653 regulam
1107 2622 1135 2644 et
1165 2616 1280 2643 formam
1306 2614 1519 2643 ecclesiasticam
1538 2613 1666 2642 Ecclesiae
1687 2620 1758 2647 prae-

968 2664 1089 2691 fuerunt.
1107 2663 1185 2690 Alisit
1201 2670 1216 2689 a
1233 2670 1287 2695 ine,
1310 2665 1339 2688 ut
1356 2662 1426 2688 hanc
1439 2661 1561 2688 emittam
1587 2667 1692 2691 vocem,
1709 2661 1758 2685 aut

969 2711 1053 2738 alium
1071 2711 1130 2738 haec
1145 2710 1280 2738 dicentem
1304 2709 1423 2736 audiam.
1448 2708 1481 2735 lli
1504 2707 1577 2735 enim
1602 2705 1757 2741 regularum

966 2757 1084 2784 accurati
1118 2756 1194 2783 fuere
1222 2754 1362 2786 custodes,
1389 2757 1605 2789 propugnatores
1629 2750 1753 2787 pietatis.

967 2803 1113 2838 impietatis
1129 2807 1315 2833 accusatores,
1336 2801 1412 2828 orbis
1428 2805 1508 2827 terra:
1532 2798 1645 2830 lumina,
1664 2805 1696 2825 es
1713 2797 1754 2824 di-

971 2851 1044 2879 vinis
1059 2849 1177 2885 eloquiis
1192 2849 1304 2877 verbum
1319 2848 1474 2876 obtinentes
1490 2845 1562 2874 vitae.
1587 2844 1664 2878 Quod
1691 2851 1758 2878 vero
