1940 3087
193 163 246 195 603

745 162 876 193 PHOTII
888 159 1150 194 IPATRIARCH/E
1169 161 1224 191 CP.

1770 154 1823 187 604

192 219 312 256 regulas,
340 226 407 253 quas
433 225 489 245 non
501 221 604 245 norunt
634 225 690 245 non
718 222 879 245 servarunt:
900 225 981 245 nemo

1038 217 1082 243 σῦκ
1099 215 1247 250 ἐφύλαξαν,
1263 214 1352 246 οὐδεὶς
1363 214 1397 242 ἂν
1408 214 1504 241 δίκαια
1518 211 1603 239 ποιῶν
1618 211 1822 247 ἐπιμέμφοιτο·

194 273 242 293 eos
255 266 316 300 jure
333 263 533 299 reprehendere
547 268 646 298 potest.
661 263 714 291 Sed
725 264 797 298 quod
812 271 908 291 eorum
921 271 982 298 quae

194 318 336 346 accepere,
356 310 485 338 custodes
508 310 630 342 fuerunt,
654 309 756 338 idcirco
776 318 791 337 a
822 311 876 337 Deo
897 309 980 345 glori-

194 356 265 384 ﬁcati
279 360 353 383 sunt.
374 356 443 382 Nam
463 363 495 383 ea
508 363 569 391 quae
582 355 682 383 tradita
699 360 773 387 sunt,
804 363 980 387 conservare,

194 401 300 430 stabilis
314 406 355 429 est
365 401 476 435 mentis,
490 409 521 430 ac
532 402 663 430 novitatis
671 402 791 430 studium
803 402 981 437 repudiaritis.

193 449 229 476 At
240 448 273 475 de
286 447 320 474 iis
335 455 394 482 quae
408 455 464 475 non
485 448 634 483 acceperis,
656 449 753 484 legem,
771 456 821 476 usu
843 455 897 475 non
919 448 983 475 hor-

195 499 280 527 tante,
301 494 384 527 ferre,
400 499 448 521 aut
464 495 616 522 custodiam
631 495 762 522 inducere
777 502 984 530 przeproperum

194 539 315 567 studium
329 545 371 567 est
390 541 474 567 animi
490 548 534 568 res
547 548 632 568 novas
647 541 795 572 molientis,
816 546 899 576 atque
913 548 985 567 erra-

193 585 289 613 bundi.
312 586 425 621 Propria
450 587 524 614 enim
553 587 669 622 quisque
697 595 824 614 mensura
848 595 879 614 ac
891 586 983 622 regula

193 631 353 658 continetur
369 635 397 658 et
421 631 558 667 dirigitur.
574 632 649 659 Multi
672 639 793 659 canones
806 631 866 659 aliis
892 631 984 659 traditi

194 681 268 709 sunt,
285 677 345 704 aliis
360 685 394 705 ne
411 678 466 705 noti
481 677 590 712 quidem
611 682 686 705 sunt.
702 678 754 711 Qui
770 678 871 714 accipit
882 682 911 706 et
925 678 983 706 vio-

194 722 245 755 lat,
262 722 360 758 dignus
373 724 418 758 qui
435 724 463 750 in
478 723 610 758 judicium
623 724 775 752 indicatur:
787 724 834 760 qui
849 732 915 752 vero
929 732 984 752 non

193 769 280 802 novit,
298 777 349 797 nec
366 770 472 805 recipit,
499 771 637 806 quomodo
666 771 803 798 obnoxius
818 771 880 799 est?
892 770 985 799 Multa:

194 824 304 852 quoque
315 817 389 853 leges
408 817 442 844 ab
460 817 494 844 iis
511 817 611 852 quibus
633 817 767 852 imposita:
783 822 872 850 erant,
890 822 984 845 custo-

195 862 258 889 diue
271 867 344 894 sunt,
363 870 395 891 ac
408 862 630 891 demonstrarunt
645 863 693 891 Dei
710 863 827 891 famulos
850 871 898 892 eos
923 872 985 892 esse

1036 262 1094 289 ἀλλ’
1114 262 1156 288 ὅτι
1181 261 1301 296 φύλακες
1330 258 1367 288 ὧν
1392 259 1548 296 παρέλαϐον
1570 259 1769 294 ἐχρημάτισαν,
1793 259 1822 285 ὲν

1035 308 1123 343 τούτῳ
1145 307 1222 343 παρὰ
1237 307 1305 334 Θεοῦ
1322 306 1515 342 ἐδοξάσθησαν.
1539 305 1575 332 Τὸ
1592 305 1641 340 μὲν
1659 304 1713 340 γὰρ
1731 304 1764 331 τὰ
1778 303 1824 330 δο-

1036 355 1117 382 θέντα
1132 355 1274 389 συντηρεῖν
1286 353 1400 389 γνώμης
1411 354 1469 380 ἐστὶ
1479 353 1624 388 σταθερᾶς,
1638 352 1685 379 καὶ
1697 351 1747 387 τὴν
1762 359 1824 378 και-

1036 399 1143 427 νοποιὺν
1153 399 1372 434 ὰποπεμπούσης
1388 396 1559 434 προαίρεσιν,
1575 398 1605 424 τὸ
1616 397 1638 424 δ’
1654 398 1686 424 ἂν
1702 397 1739 432 μὴ
1751 405 1824 432 παρ‹

1037 445 1144 480 είληφε,
1173 444 1268 481 χρείας
1289 444 1326 480 μὴ
1349 444 1486 480 καλούσης
1501 442 1667 478 νομοθετεῖν,
1683 442 1700 477 ἢ
1725 441 1826 476 φυλάτ-

1036 501 1093 518 τειν
1113 493 1274 526 ἐπιχειρεῖν,
1297 491 1494 526 νεωτεροποιοῦ
1520 489 1640 521 διανοίας
1656 489 1704 516 καὶ
1726 488 1827 523 ῥεμϐο-

1039 537 1123 572 μένης
1132 537 1190 562 ἐστὶ
1201 535 1528 572 περισσεύματα.”Μέτρῳ
1536 534 1590 570 γὰρ
1598 534 1713 566 ἕκαστος
1721 534 1826 569 οἰκείῳ,

1037 583 1086 610 καὶ
1100 583 1192 610 κανόνι
1210 582 1353 618 συνέχεται
1376 591 1406 609 τε
1428 582 1475 608 καὶ
1493 581 1701 608 κατευθύνεται.
1729 580 1827 606 Πολλοὶ

1038 630 1149 662 κανόνες
1175 629 1266 661 ἄλλοις
1292 630 1342 666 μὲν
1359 629 1567 665 παραδέδονται,
1594 628 1699 664 ἑτέροις
1720 628 1748 654 δὲ
1765 627 1827 654 οὐδὲ

1038 676 1181 712 γνώριμοι.
1202 676 1231 704 '0
1246 676 1414 713 παραλαϐὼν
1429 676 1476 702 καὶ
1487 675 1602 708 ἀθετῶν,
1614 675 1691 709 δίκης
1703 673 1777 706 ἄξιος
1789 681 1798 689 θ
1813 675 1828 700 ὁ

1037 723 1067 750 δέ
1083 722 1145 758 μηδ’
1159 722 1298 757 ἐγνωκὼς,
1314 723 1330 759 ἢ
1353 723 1390 759 μὴ
1410 721 1648 758 παραδεξάμενος,
1667 721 1726 752 πῶς
1742 719 1827 746 ὑπεύ-

1038 769 1134 802 θυνος;
1149 769 1251 796 Πολλαὶ
1263 769 1292 795 δὲ
1309 769 1356 795 καὶ
1373 767 1542 804 νομοθεσίαι,
1562 764 1604 799 οἷς
1622 767 1672 802 μὲν
1692 765 1827 800 ἐτέθησαν

1039 815 1240 851 ἐφυλάχθησαν,
1262 815 1311 842 καὶ
1333 814 1402 842 Θεοῦ
1421 814 1590 850 Θερὰποντας
1609 813 1673 843 τοὺς
1701 811 1828 847 φύλακας

1038 862 1221 895 ἐπεδείξαντο,
1237 862 1270 889 Oi
1281 862 1310 888 δέ
1327 861 1366 897 μὴ
1385 860 1596 897 παρειληφότες,
1615 859 1663 887 καὶ
1679 859 1724 886 διὰ
1748 858 1831 886 τοῦτο

194 908 241 942 qui
252 908 458 936 custodierunt:
480 909 527 944 qui
543 917 609 937 vero
628 917 684 936 non
701 914 880 945 acceperunt,
908 909 984 937 ideo-

1038 908 1105 943 μηδὲ
1119 909 1165 936 τδν
1178 907 1241 935 νοῦν
1255 908 1324 943 πρὸς
1339 907 1410 935 αὐτὰ
1422 906 1648 943 ἐπιστρέψαντες,
1660 905 1736 932 οὐδὲν
1749 904 1831 931 ἐλατ-

194 962 248 988 que
267 954 388 982 animum
405 955 440 982 ad
455 962 487 982 ea
502 962 557 982 non
585 955 776 988 adverterunt,
803 955 985 983 nihilominus

195 1000 253 1029 Deo
265 1001 396 1028 amabiles
411 1008 472 1028 esse
486 1001 587 1037 cogniti
602 1006 677 1029 sunt.

234 1047 323 1080 Atque
346 1045 374 1072 in
389 1045 517 1073 manibus
541 1050 605 1074 sunt
619 1046 752 1081 exempla.
768 1046 905 1074 Abraham
930 1046 986 1074 cir-

194 1092 344 1125 cumcisus,
359 1091 566 1120 incircumcisus
579 1091 791 1125 Melchisedech,
806 1092 851 1128 qui
868 1093 901 1120 ad
911 1093 987 1120 simi-

195 1139 346 1167 litudinem
377 1139 439 1167 Filii
467 1140 525 1172 Dei,
547 1145 575 1168 et
591 1140 757 1175 principium
786 1145 862 1168 ortus
891 1140 932 1168 sui
958 1145 986 1168 et

199 1186 280 1213 tinem
304 1186 400 1214 habuit
422 1186 602 1222 incognitum.
635 1187 782 1214 Enimvero
796 1186 912 1214 Abrahae
935 1194 985 1215 cu-

195 1231 311 1259 stodiam
323 1232 541 1261 circumcisionis
560 1233 680 1268 probans
691 1232 763 1261 Deus
773 1242 780 1266 ;
791 1241 922 1268 nusquam
937 1241 986 1268 ap-

195 1280 273 1312 paret
299 1277 350 1312 ipsi
380 1278 582 1306 Melchisedech
612 1279 837 1314 transgressionis
863 1278 985 1306 inferens

195 1323 450 1358 exprobrationem.
479 1324 536 1352 Nec
559 1333 625 1352 vero
654 1325 796 1361 quisquam
821 1327 895 1354 hunc
920 1326 986 1362 legis

195 1369 302 1396 violatae
330 1378 452 1405 unquam
483 1371 634 1404 accusabit,
661 1376 710 1398 aut
724 1372 810 1405 illum,
829 1373 900 1408 quod
918 1373 986 1400 faci-

195 1423 248 1442 nus
270 1415 487 1444 circumcisionis
507 1424 591 1444 ausus
610 1417 655 1444 sit.
671 1417 722 1450 Qui
748 1426 796 1446 eos
824 1419 985 1447 insimulare

195 1460 271 1493 velit,
295 1462 483 1498 redarguetur.
512 1463 602 1498 Atque
627 1463 766 1499 prognatis
779 1471 812 1491 ex
836 1464 984 1499 Abraham,

194 1507 241 1542 qui
255 1515 315 1535 eam
338 1508 425 1544 legem
440 1509 468 1536 in
493 1509 583 1536 sinum
610 1515 754 1544 acceperat
778 1518 868 1542 suum.
889 1512 986 1539 mortis

195 1562 277 1588 poena
300 1555 439 1589 proposita
457 1559 527 1588 erat,
553 1555 576 1582 si
597 1555 660 1590 quis
687 1560 874 1592 transgressus
897 1561 982 1592 esset,

196 1608 257 1635 quae
272 1608 326 1628 non
341 1600 375 1628 ab
391 1601 547 1628 hominibus
562 1603 643 1629 modo
651 1602 829 1636 inferebatur,
842 1603 888 1630 sed
903 1603 985 1631 etiam
999 1593 1020 1623 (ἶ

195 1646 354 1673 vehementi
370 1647 492 1682 ipsorum
508 1647 666 1683 angelorum
699 1648 932 1678 interminatione.
949 1651 984 1679 Et

195 1699 259 1719 cum
273 1692 302 1719 in
325 1700 358 1720 eo
381 1693 518 1720 Abraham
531 1699 560 1721 et
582 1693 782 1722 Melchisedech
805 1695 982 1730 dissiderent,

195 1742 299 1771 gratam
321 1737 348 1764 in
372 1745 545 1765 communem
560 1737 705 1766 Dominum
730 1744 851 1767 mentem
875 1748 907 1768 ac
925 1741 985 1776 pie-

197 1787 285 1810 tatem
297 1788 325 1811 et
338 1784 506 1811 consimilem
520 1784 591 1812 inter
603 1793 632 1812 se
646 1785 748 1813 cultum
763 1787 918 1814 servabant.
944 1787 984 1815 Ex

195 1830 294 1864 quibus
307 1830 397 1858 neutri
418 1831 451 1857 ab
466 1831 552 1858 altero
575 1831 741 1867 vituperatio
766 1833 984 1869 impingebatur;

195 1875 244 1902 sed
260 1875 287 1902 in
311 1875 462 1910 potissimis
481 1876 564 1903 rebus
587 1876 808 1904 constantissima
830 1877 903 1904 inter
924 1884 983 1909 eos,

194 1924 222 1947 et
245 1921 274 1947 in
299 1929 391 1948 rerum
417 1928 552 1949 novarum
567 1921 658 1949 sludio
683 1922 772 1949 aliena
790 1922 907 1950 societas
928 1930 985 1949 non

194 1967 304 1994 sinebat
320 1971 481 1995 caeterarum
512 1976 604 1996 rerum
622 1968 774 1997 discrimen
789 1969 925 1997 curiosius
942 1969 986 1996 in-

197 2013 278 2042 tueri.
296 2013 364 2041 Nam
387 2022 483 2042 revera
504 2015 661 2043 communia
683 2016 813 2043 omnibus
836 2020 910 2048 sunt,
924 2024 985 2051 quae

197 2066 293 2087 (mnes
306 2061 445 2088 custodire
466 2069 582 2089 necesse
605 2065 658 2094 est,
681 2066 709 2089 et
723 2065 786 2089 ante
798 2061 851 2089 alia
875 2070 936 2097 quae
951 2062 986 2091 de

197 2106 249 2133 ﬁde
262 2105 404 2138 habemus,
417 2106 464 2134 ubi
477 2107 520 2134 vel
531 2107 640 2142 paulum
661 2107 810 2141 declinare,
823 2112 865 2136 est
890 2109 987 2136 morti-

196 2152 255 2180 fero
269 2160 299 2180 se
312 2153 419 2187 piaculo
435 2153 615 2189 obstringere.
630 2153 761 2187 Quaedam
785 2154 895 2189 proprie
916 2155 985 2182 alios

196 2204 410 2233 consequuntur,
425 2207 542 2235 quorum
555 2199 751 2234 praetermissio
763 2200 802 2228 eis
817 2201 931 2228 multam
945 2200 986 2228 af-

195 2243 249 2271 fert
263 2244 362 2279 quibus
372 2244 416 2272 illa
436 2245 551 2272 tenenda
562 2249 643 2272 sunt:
659 2245 706 2280 qui
723 2253 788 2273 vero
799 2253 855 2274 non
873 2254 987 2281 accepe-

1036 963 1082 982 τον
1104 955 1238 990 θεοφιλεῖς
1255 955 1472 990 ἐγνωρίσθησαν,
1499 954 1547 981 καὶ
1571 952 1643 980 κατὰ
1670 953 1765 988 χεῖρας
1791 950 1828 978 τὰ

1036 1009 1075 1028 πα
1079 1001 1172 1037 ραδείγ
1176 1009 1260 1036 ματα.

1074 1047 1132 1073 Ἵνα
1146 1046 1176 1073 δέ
1192 1046 1225 1073 τὰ
1239 1045 1308 1073 ἄλλα
1320 1046 1403 1079 ἐάσω,
1425 1046 1440 1073 ὸ
1457 1045 1506 1081 μὲν
1532 1044 1658 1081 Ἀϐραὰμ
1678 1044 1828 1080 ἐμπερίτο-

1038 1103 1098 1129 μος.
1118 1094 1168 1129 τὴν
1183 1093 1336 1129 περιτομὴν
1350 1093 1381 1126 ἐξ
1397 1092 1508 1127 ἐντολῆς
1519 1092 1596 1123 θείας
1612 1092 1652 1123 εἰς
1665 1090 1828 1125 νομοθεσίαν

1035 1140 1192 1176 δεξάμενος,
1209 1141 1398 1176 ἀπερίτμητος
1407 1139 1435 1166 δέ
1448 1140 1462 1166 ό
1476 1138 1656 1174 Μελχισεδὲκ,
1667 1138 1696 1170 ὃς
1710 1138 1751 1170 είς
1774 1138 1829 1172 ἀφ-

1036 1187 1164 1223 ομοίωσιν
1178 1187 1226 1214 τοῦ
1241 1187 1307 1214 Υἱοῦ
1319 1187 1366 1214 τοῦ
1379 1186 1510 1221 Θεοῦ,καὶ
1524 1186 1572 1222 τὴν
1584 1185 1671 1222 ἀρχὴν
1682 1185 1732 1220 τῆς
1747 1185 1828 1219 γενέ-

1038 1243 1117 1267 σεως,
1136 1234 1183 1261 καὶ
1202 1234 1232 1260 τὸ
1249 1233 1326 1265 τέλος
1349 1233 1427 1268 ἔσχεν
1444 1233 1593 1268 ἄγνωστον.
1614 1231 1694 1258 Ἀλλὰ
1709 1231 1760 1266 τὴν
1778 1230 1829 1257 τοῦ

1044 1280 1170 1316 Ἀϐραὰμ
1194 1279 1245 1315 τῆς
1269 1280 1421 1317 περιτομῆς
1445 1278 1570 1314 φυλακὴν
1593 1278 1794 1313 ἀποδεχόμενος
1814 1278 1834 1304 όν

1036 1326 1113 1358 Θεὸς,
1128 1326 1246 1361 οὐδαμοῦ
1262 1326 1388 1360 φαίνεται
1402 1325 1442 1361 τῷ
1455 1325 1626 1360 Μελχισεδὲκ
1642 1324 1829 1360 παραϐάσεως

1037 1373 1177 1408 ἐπιφέρων
1190 1373 1353 1407 ὀνειδισμὸν,
1370 1372 1438 1399 ἀλλὰ
1451 1372 1503 1399 κᾶν
1518 1371 1570 1398 πού
1584 1380 1627 1403 τις
1643 1371 1724 1398 αὑτὸν
1739 1379 1832 1406 παρα-

1036 1419 1134 1454 νομίας
1159 1419 1292 1455 γράψοιτο
1303 1419 1425 1454 γραφὴν,
1447 1419 1530 1446 αὑτὸν
1556 1419 1668 1453 μᾶλλον,
1691 1418 1830 1454 ἢέκεῑνον

1037 1466 1089 1500 (ὅτι
1112 1465 1189 1492 τοῦτο
1208 1465 1309 1500 τολμῶ)
1334 1465 1561 1500 ἐξελεγχθήσεται
1575 1464 1733 1500 γεγραφώς.
1756 1463 1829 1491 Καί-

1036 1520 1078 1539 τοι
1089 1520 1121 1546 γε
1135 1512 1192 1543 τοῖς
1220 1511 1249 1545 ἐξ
1270 1510 1397 1546 ’Λϐραὰμ
1422 1511 1645 1546 γεγεννημένοις,
1661 1510 1708 1536 καὶ
1719 1509 1830 1536 τουτονὶ

1036 1556 1083 1583 τὸν
1099 1556 1180 1592 νόμον
1196 1555 1464 1590 ἐγκολπωσαμένοις,
1480 1555 1595 1587 θάνατος
1608 1553 1642 1590 ἦν
1652 1555 1669 1590 ὴ
1684 1554 1772 1589 ζημία
1788 1554 1829 1589 τῷ

1037 1603 1210 1639 παραϐάντι,
1228 1603 1278 1629 οὐκ
1300 1603 1329 1636 ἐξ
1349 1602 1501 1638 ἀνθρώπων
1530 1602 1611 1637 μόνον
1642 1601 1828 1636 ἐπαγόμενος,

1036 1649 1105 1676 ἀλλὰ
1119 1649 1166 1676 καὶ
1180 1649 1246 1683 παρ’
1259 1649 1349 1675 αὐτῶν
1368 1647 1493 1683 ἀγγέλων
1516 1647 1639 1683 σφοδρῶς
1662 1647 1830 1682 ἀπειλούμε-

1035 1703 1089 1727 νος.
1114 1695 1184 1723 Ἀλλ’
1203 1694 1232 1722 ἓν
1252 1704 1284 1729 γε
1295 1694 1382 1730 τούτῳ
1401 1695 1528 1731 ’Δϐραάμ
1543 1703 1573 1720 τε
1597 1694 1644 1721 καὶ
1659 1693 1831 1729 Μελχισεδὲκ

1035 1742 1237 1778 διαφερόμενοι,
1255 1741 1305 1777 τὴν
1331 1741 1372 1773 είς
1391 1741 1436 1768 τὸν
1461 1740 1550 1767 κοινὸν
1569 1740 1709 1775 Δεσπότην
1724 1740 1831 1773 εὐγνω-

1038 1787 1156 1824 μοσύνην
1181 1797 1212 1815 τε
1236 1788 1283 1814 καὶ
1312 1787 1443 1823 λατρείαν
1473 1786 1675 1822 παραπλησίως
1702 1785 1829 1820 ἀλλήλοις

1036 1833 1210 1868 διέσωζον,ὲξ
1223 1831 1260 1861 ὧν
1273 1834 1405 1870 οὐδετέρῳ
1420 1832 1496 1868 παρὰ
1507 1832 1621 1867 θατέρου
1631 1831 1727 1867 μῶμος
1741 1840 1829 1867 προσ-

1036 1881 1149 1916 ήπτετο.
1176 1880 1246 1907 Ἀλλ’
1267 1880 1318 1916 ἥγε
1338 1880 1368 1907 ἐν
1385 1880 1442 1911 τοῖς
1466 1878 1660 1913 καιριωτάτοις
1679 1877 1783 1914 σφοδρά
1796 1886 1830 1904 τε

1037 1928 1084 1954 καὶ
1097 1926 1313 1962 ἀκαινοτόμητος
1330 1925 1468 1958 κοινωνία,
1483 1925 1533 1960 τὴν
1553 1925 1582 1951 ἐν
1593 1926 1649 1955 τοῖς
1661 1923 1764 1956 λοιποῖς
1775 1923 1830 1950 οὐκ

1036 1972 1080 1999 εία
1096 1974 1207 1999 σκοπεῖν
1225 1981 1256 1999 τε
1271 1972 1320 1999 καὶ
1333 1971 1574 2012 πολυπραγμονεῖν
1592 1969 1752 2006 ἑτερότητα.
1770 1969 1830 1996 Καὶ¹

1036 2017 1091 2052 γάρ
1116 2017 1192 2043 ἐστιν
1210 2016 1296 2047 ὅντως
1324 2015 1404 2043 κοινὰ
1430 2016 1525 2047 πᾶσιν,
1545 2015 1656 2042 ᾶπαντα
1681 2014 1830 2049 φυλάττειν

1037 2062 1205 2096 ἐπάναγκες,
1217 2063 1266 2089 καὶ
1282 2061 1336 2097 πρό
1351 2069 1384 2095 γε
1397 2061 1453 2089 τῶν
1466 2061 1555 2090 ἄλλων
1569 2061 1604 2088 τὰ
1615 2060 1681 2097 περὶ
1693 2061 1826 2094 πίστεως,

1036 2109 1102 2136 ἔνθα
1115 2109 1163 2136 καὶ
1192 2108 1224 2135 τὺ
1247 2108 1430 2144 παρεγκλῖναι
1457 2108 1564 2144 μικρὸν,
1584 2108 1718 2143 ἁμαρτεῖν
1748 2108 1829 2136 ἐστιν

1037 2154 1174 2189 ἁμαρτίαν
1186 2153 1236 2186 τὴν
1257 2153 1326 2188 πρὸς
1345 2153 1471 2182 θάνατον.
1491 2153 1570 2180 Ἔστι
1597 2153 1645 2180 καὶ
1668 2153 1830 2185 ἰδιαζόντως

1036 2200 1092 2225 τισὶ
1110 2199 1299 2235 παρεπόμενα,
1328 2195 1366 2226 ὧν
1392 2199 1409 2234 ὴ
1429 2198 1596 2234 παράϐασις,
1613 2195 1654 2231 οἷς
1682 2198 1732 2233 μέν
1747 2198 1828 2234 ἐδόοη

1038 2245 1213 2280 κατέχεσθαι,
1241 2245 1386 2281 ἐπιζήμιος
1397 2253 1404 2259 ·
1416 2243 1458 2277 οἷς
1476 2245 1498 2272 δ’
1519 2246 1550 2272 οὐ
1566 2245 1762 2281 παρείληπται,
1778 2244 1832 2271 καὶ

195 2293 269 2320 runt,
283 2289 310 2317 hi
325 2295 469 2325 propterea
489 2291 560 2326 quod
576 2299 632 2318 non
642 2291 867 2324 observaverunt,
875 2292 984 2320 minime

1039 2290 1070 2317 τὸ
1090 2291 1127 2327 μὴ
1148 2292 1301 2327 συντηρεῖν,
1320 2291 1515 2326 ἀκατάκριτον.
1534 2291 1590 2318 Καὶ
1616 2290 1650 2317 τὰ
1671 2291 1720 2326 μὲν
1735 2290 1830 2317 οἰκου-

195 2338 425 2366 condemnamur.
441 2338 475 2366 Et
487 2347 546 2374 quae
558 2339 737 2367 mcumenicis
750 2344 777 2367 et
792 2340 986 2368 communibus

195 2387 330 2418 praecepta
363 2387 428 2410 sunt
454 2383 602 2417 suffragiis,
630 2384 759 2412 convenit
786 2384 821 2411 ab
856 2384 984 2412 omnibus

194 2429 343 2457 cnstodir-i:
365 2438 426 2465 quae
438 2437 503 2457 vero
516 2430 628 2457 Patrum
640 2429 739 2465 aliquis
765 2431 900 2464 exposuit,
935 2438 986 2457 au-

195 2475 306 2503 ctoralis
322 2475 447 2503 deﬁnivit
461 2476 592 2512 synodus,
607 2484 701 2504 eorum
726 2476 773 2511 qui
789 2480 909 2508 servant,
931 2484 987 2503 non

195 2520 279 2548 elilcit
293 2521 512 2556 superstitiosam
523 2527 662 2549 mentem:
676 2522 722 2557 qui
737 2527 830 2549 autem
841 2530 897 2549 non
907 2529 988 2550 acce-

195 2571 306 2603 perunt,
330 2575 362 2595 ea
394 2568 535 2604 przeterire
559 2569 619 2596 sine
640 2568 764 2604 periculo
789 2573 915 2603 possunt.
941 2567 988 2595 Sic

195 2613 303 2640 tonderi
335 2613 395 2642 aliis
419 2614 538 2650 patrium
571 2619 625 2648 est,
652 2614 714 2642 aliis
743 2613 872 2650 synodica
901 2613 986 2641 etiam

195 2660 356 2688 deﬁnitione
371 2660 566 2695 abjiciendum.

231 2705 312 2734 Bonis
327 2706 399 2734 cnim
416 2707 506 2734 verbis
521 2707 580 2734 haec
595 2706 648 2734 dici
665 2705 818 2742 oportebat,
844 2710 874 2733 ut
898 2710 926 2734 et
938 2713 988 2734 nos

195 2752 325 2781 diximus.
352 2752 431 2786 Quod
449 2752 471 2780 si
486 2759 549 2780 eum
569 2760 713 2787 canonem,
738 2752 784 2788 qui
815 2751 842 2780 in
865 2752 904 2787 (3)
923 2751 988 2779 Sida

1041 2337 1166 2371 μενικαῖς
1181 2338 1228 2363 καὶ
1242 2339 1347 2369 κοιναῖς
1362 2337 1523 2364 τυπωθέντα
1535 2337 1646 2372 ψήφοις,
1660 2337 1727 2363 πᾶσι
1742 2345 1830 2371 προσ-

1039 2383 1101 2417 ήκει
1133 2383 1323 2417 φυλάττεσθαι.
1354 2383 1388 2409 "A
1405 2383 1435 2410 δέ
1454 2391 1497 2414 τις
1516 2382 1571 2409 τῶν
1590 2382 1721 2418 Πατέρων
1751 2381 1830 2414 ἰδίως

1036 2427 1154 2462 ἐξέθετο,
1163 2429 1180 2464 ἢ
1191 2431 1295 2463 -τοπικὴ
1309 2428 1455 2464 διωρίσατο
1468 2428 1588 2460 σύνοδος,
1599 2427 1654 2454 τῶν
1666 2429 1714 2463 μὲν
1725 2427 1832 2462 φυλατ-

1036 2474 1138 2501 τόντων
1155 2473 1204 2510 τὴν
1224 2474 1338 2511 γνώμην
1362 2475 1394 2500 οὐ
1418 2475 1569 2510 παρίστησι
1582 2474 1776 2509 δεισιδαίμονα.
1794 2474 1830 2501 οὐ

1040 2520 1093 2556 μὴν
1111 2521 1168 2552 τοῖς
1181 2529 1213 2554 γε
1226 2520 1263 2556 μὴ
1280 2520 1516 2556 παραδεξαμένοις
1530 2521 1561 2547 τὸ
1580 2521 1705 2556 παρορᾷν
1720 2519 1830 2546 ἐπικίν-

1038 2566 1127 2594 δυνον.
1156 2566 1234 2594 Οὕτω
1251 2566 1384 2603 ξυρᾶσθαι
1404 2567 1454 2602 μὲν
1474 2566 1566 2599 ἄλλοις
1581 2567 1708 2602 πάτριον,
1723 2567 1832 2602 ἑτέροις

1039 2613 1067 2640 δέ
1083 2614 1130 2640 καὶ
1145 2614 1293 2646 συνοδικοῖς
1305 2614 1380 2650 ὅροις
1398 2613 1564 2649 ἀπόϐλητον,
1688 2605 1692 2609 ⁸

1080 2703 1216 2739 Εὑφήμως
1229 2703 1258 2731 δὲ
1275 2704 1320 2731 τδν
1334 2703 1413 2738 λόγον
1432 2704 1519 2731 εἰπεῖν
1534 2703 1599 2736 ἔδει,
1616 2703 1664 2730 καὶ
1688 2704 1804 2737 εῐπομεν
1822 2708 1831 2717 ·

1042 2750 1067 2776 εί
1081 2749 1109 2776 δὲ
1122 2750 1170 2776 καὶ
1181 2749 1227 2776 τὸν
1247 2750 1278 2776 ἐν
1291 2749 1356 2785 Σίδῃ
1372 2749 1472 2776 κανόνα
1484 2748 1665 2785 προαέθεμεν,
1680 2747 1773 2783 βαρεῖς
1796 2748 1837 2775 ἂν

956 2816 1071 2846 NOTAE.

232 2874 269 2907 (5)
290 2876 402 2903 Videtur
421 2877 537 2904 obscure
550 2884 639 2907 orare,
665 2880 694 2902 ut
709 2875 876 2903 misericordi
898 2874 988 2902 indul-

197 2910 285 2944 gentia
300 2915 324 2937 et
338 2912 541 2946 dispensatione
553 2912 625 2940 sedis
637 2911 791 2945 apostolicae
800 2909 918 2945 episcopi
936 2918 985 2937 no-

1041 2881 1103 2901 mcn
1114 2873 1235 2901 obtineat
1250 2877 1276 2900 et
1290 2873 1459 2908 dignitatem,
1475 2881 1535 2900 eum
1552 2872 1734 2908 suspicaretur
1751 2872 1837 2907 lgna-

1043 2910 1107 2937 tium
1130 2909 1285 2938 restitutum
1304 2907 1346 2936 iri.
1372 2909 1415 2937 Sic
1433 2908 1577 2936 concilium
1605 2907 1774 2942 Ephesinum
1796 2909 1834 2937 de
