1940 3087
94 154 139 185 605

655 159 924 190 EPISTOLARUM
944 160 1060 191 LIBER
1079 160 1106 192 Ι.

1653 161 1705 192 606

95 212 134 238 ιιαὶ
157 210 216 237 λίαν
238 212 361 247 φορτικοὶ
387 212 588 248 κατεφάνημεν,
619 213 697 241 Οὕτω
723 213 791 250 πλὴν
819 214 866 249 τοῦ

924 216 1160 251 proposuissemus
1171 224 1178 249 ;
1190 223 1286 251 graves
1306 220 1387 251 atque
1395 216 1541 251 importuni
1551 215 1705 243 fuissemus.

92 256 144 287 ἐνὸς
156 255 190 283 τὰ
216 256 283 284 ἄλλα
298 257 422 284 Σάϐϐατα
441 259 585 293 συντηρεῖν
602 259 668 294 ἡμῖν
690 259 867 295 ἐπιλήψιμον,

92 301 188 336 ἑτέροις
203 302 232 328 δὲ
247 302 351 329 καὶτοῦ
364 303 423 334 ἐνὸς
437 303 522 331 πλείω
538 305 708 340 νηστεύεται.
728 306 783 332 Καὶ
803 306 868 340 φεύ-

92 354 145 382 γειν
163 347 211 382 τὴν
227 347 331 383 μέμψιν
353 349 369 383 ὴ
387 349 535 384 παράδοσις
557 350 641 377 οῖεται
663 351 702 386 τῷ
715 350 771 377 ἐθει
786 359 870 378 κατα-

92 394 196 428 κρατεῖν
211 393 258 420 τοῦ
281 394 392 426 κανόνος
404 397 582 431 ἐκνικήσασα.
599 397 653 424 Καὶ
666 397 773 433 νομίμῳ
787 397 869 433 γάμῳ

92 438 197 472 γυναικὶ
211 439 381 474 συναφθέντα
392 441 442 467 οὐκ
456 441 529 468 ἐστιν
538 442 628 476 εὑρεῖν
638 443 667 469 ἐν
686 441 780 478 Ῥώμῃ
801 452 867 479 πρε-

92 485 226 521 σϐύτερον,
238 487 320 522 ἡμεῖς
334 487 363 514 δέ
377 488 498 520 καὶτοὺς
513 489 666 525 μονογαμίᾳ
692 489 738 516 τδν
751 489 808 525 βίον
822 491 869 525 ρυ-

92 529 230 564 θμίζοντας
257 532 298 563 εἰς
333 533 519 570 πρεσϐυτέρου
541 535 633 571 φέρειν
656 535 759 571 βαθμὸν
783 536 870 563 ἐδιδά-

93 575 204 611 χθημεν,
222 576 270 603 καὶ
282 579 346 609 τούς
355 587 386 612 γε
400 579 621 615 διακρινομένους
632 581 663 613 ἐξ
675 581 764 609 αὐτῶν
774 581 867 609 λαϐεῖν

92 621 135 648 τοῦ
158 622 299 658 Κυριακοῦ
317 623 443 658 σώματος
463 625 514 661 τὴν
536 626 688 662 μετάληψιν
702 627 869 662 πανταχόθεν

91 667 268 704 ἀποκλείομεν
290 669 320 702 ἐξ
342 669 412 704 ῖσου,
426 671 490 702 τούς
508 681 537 699 τε
555 673 681 708 πορνείαν
695 673 870 709 νομοθετοῦν-

91 722 147 746 τας,
164 714 211 741 καὶ
226 715 289 746 τοὺς
305 715 395 750 γάμου
405 716 487 752 νόμον
501 717 679 754 ἀναιροῦντας
689 718 868 754 λογιζόμενοι.

92 759 174 786 Πάλιν
190 759 223 786 ἄν
235 768 278 791 τις
287 760 352 794 παρ’
367 762 433 797 ἡμῖν
447 762 495 798 τὴν
504 762 552 790 τοῦ
567 763 754 800 πρεσϐυτέρου
769 764 870 800 παρελ-

92 804 143 832 θὼν
160 806 326 841 χειροτονίαν
354 807 403 843 τὴν
434 807 482 834 τοῦ
510 809 657 836 ἐπισκόπου
682 810 721 844 τῷ
747 810 866 845 διακόνῳ

92 849 225 886 περιθείη,
239 851 277 883 ὡς
292 852 332 884 είς
346 852 380 879 τὰ
389 853 483 888 καίρια
494 853 692 890 ἐξημαρτηκὼς
707 856 869 890 κατακρίνε-

92 904 145 924 ται,
167 895 229 923 Τισὶ
244 896 273 923 δέ
288 898 477 933 παραπλήσιον
498 899 552 926 ἀπὸ
581 900 769 936 πρεσϐυτέρου
802 910 869 937 προ-

91 942 166 974 άγειν
178 942 338 976 ἐπίσκοπον,
356 944 403 971 καὶ
424 944 479 971 ἀπδ
492 945 617 972 διακόνου
631 946 681 983 τὴν
696 946 783 983 μέσην
794 948 871 980 τάξιν

93 987 309 1024 ὑπεραλλόμενον
325 989 366 1022 εἰς
392 990 422 1016 τδ
444 991 495 1026 τῆς
521 992 677 1028 ἐπισκοπῆς
703 993 870 1029 ἀναρπάζειν

91 1033 208 1067 ἀξίωμα,
223 1034 313 1061 καίτοι
338 1043 370 1069 γε
396 1035 489 1071 ἡλίκον
518 1037 567 1064 καὶ
603 1038 666 1065 ὅσον
685 1038 716 1065 τὸ
737 1039 819 1073 μέσον
841 1041 872 1066 ἐν

91 1077 209 1113 τούτοις;
232 1079 327 1106 Ἀλλαι
349 1080 400 1115 μέν
416 1080 470 1116 γὰρ
491 1082 552 1108 καθ’
578 1082 696 1118 ἐκάστην
718 1083 795 1116 τάξιν
825 1085 872 1111 καὶ

92 1125 195 1161 βαθμὸν
218 1126 313 1162 εὐχαὶ,
341 1127 420 1154 ἄλλαι
445 1128 474 1154 δὲ
504 1128 633 1162 τελεταὶ,
661 1130 709 1156 καὶ
726 1130 872 1167 ὑπουργίαι

91 1169 171 1198 πάλιν
191 1169 294 1206 ἕτεραι,
311 1171 389 1199 ἄλλαι
416 1172 445 1199 δὲ
466 1173 570 1208 καιρῶν
592 1175 802 1209 παραφυλακαὶ,
824 1177 872 1203 καὶ

91 1215 247 1250 δοκιμασίαι
264 1217 374 1251 τρόπων
396 1217 498 1253 ἕτεραι.
523 1219 591 1245 Ἀλλ’
606 1220 674 1256 ὅπερ
695 1229 738 1252 τις
761 1221 873 1256 νομοθε-

92 1261 152 1287 σίαν
168 1262 198 1288 οὐ
218 1262 386 1297 παρεδέξατο
397 1263 445 1290 τοῦ
459 1263 496 1299 μὴ
513 1265 657 1300 συντηρεῖν
680 1265 830 1300 ἀπολογίαν
842 1266 874 1293 τὸ

93 1306 160 1342 μηδέ
174 1306 373 1342 παρειληφέναι
389 1307 620 1343 προϐαλλόμενος,
635 1310 686 1336 οὐκ
709 1309 742 1336 ἂν
758 1310 873 1342 εὐθύνας

93 1351 311 1386 ἁπαιτηθήσεται
327 1360 334 1367 ·
350 1353 374 1379 εί
388 1352 416 1379 δέ
434 1361 475 1384 τις
489 1353 553 1389 παρ’
568 1355 634 1389 ἡμῖν
649 1354 726 1381 τοῦτο
736 1355 873 1390 δεδρακὼς

92 1397 278 1432 ἐξελήλεγκτο,
292 1398 379 1430 οὐδεὶς
393 1398 426 1425 ἂν
438 1399 512 1435 αὐτῷ
527 1399 691 1437 συγγνώμης
706 1401 766 1428 οὐδὲ
778 1402 874 1436 ῥανίδα

91 1443 233 1476 επέσταξε.
251 1443 312 1471 Τῶν
332 1445 385 1480 γὰρ
399 1445 547 1472 ἐλαττόνων
564 1446 654 1482 νόμων
671 1448 688 1483 ἡ
705 1448 872 1484 παράϐασις,

91 1489 264 1525 ἀτιμώρητος
277 1490 345 1525 πρὸς
361 1490 409 1526 τὴν
424 1490 478 1517 τῶν
494 1491 624 1526 μειζόνων
639 1493 774 1528 ἐπιτρίϐει
786 1502 874 1521 κατα-ι

919 260 958 287 lta
982 264 1079 294 praeter
1107 268 1208 294 unum,
1237 260 1290 288 alia
1307 260 1422 288 Sabbata
1438 261 1598 294 observare,
1628 261 1707 288 nobis

919 306 1131 340 reprehensione
1146 313 1202 334 non
1217 310 1300 338 caret,
1315 306 1374 333 aliis
1389 315 1454 334 vero
1471 306 1548 341 plura
1568 314 1622 334 uno
1632 306 1706 341 jeju-

919 356 1030 384 nantur,
1054 358 1086 378 ac
1109 350 1217 378 traditio
1245 354 1323 386 putat
1341 359 1371 378 se
1389 351 1508 387 effugere
1527 351 1707 386 vituperatio-

918 403 993 427 nem,
1015 404 1075 431 qua:
1098 397 1297 424 consuetudine
1319 404 1452 424 canoncm
1469 397 1592 432 pervicit,
1620 405 1708 433 eoque

918 441 1009 476 potior
1021 441 1082 468 fuit.
1099 440 1237 476 Legitimis
1249 441 1351 476 nuptiis
1364 441 1505 477 presbyter
1521 441 1614 470 Romae
1627 443 1707 469 uxori

919 485 1081 521 conjunctus
1101 493 1156 514 non
1169 485 1326 513 invenitur:
1343 494 1394 514 nos
1406 494 1473 514 vero
1495 494 1543 514 eos
1556 487 1603 522 qui
1627 487 1708 515 unico

919 531 1047 567 coniugio
1071 531 1132 559 vitae
1148 539 1204 559 suae
1221 531 1355 559 moderati
1371 537 1445 564 sunt,
1460 532 1547 559 edocti
1562 540 1656 559 sumus
1679 532 1709 559 iu

919 576 1069 611 presbyteri
1091 577 1203 612 gradum
1234 576 1345 610 efferre,
1365 584 1466 612 eosque
1482 577 1529 612 qui
1548 577 1601 604 hoc
1616 578 1644 604 in
1667 577 1708 605 di-

919 623 1049 650 scrimine
1058 627 1174 658 ponunt,
1188 630 1221 650 ac
1235 630 1265 651 se
1278 627 1436 656 secernunt,
1450 630 1485 650 ne
1499 623 1533 650 ab
1545 623 1587 651 his
1603 623 1710 650 Domini

919 669 1042 704 corporis
1070 669 1305 703 participationem
1328 669 1447 704 capiant,
1471 669 1594 703 undique
1615 668 1710 696 exclu-

919 715 1019 747 dimus,
1048 715 1144 742 eodem
1169 714 1230 742 loco
1253 714 1384 742 ducentes
1406 722 1453 742 eos
1477 714 1525 749 qui
1552 714 1638 749 legem
1663 718 1710 741 aut

919 761 1107 790 fornicationis
1123 761 1259 793 sanciunt,
1274 765 1321 788 aut
1338 761 1495 796 nuptiarum
1517 760 1625 788 tollunt.
1642 759 1709 787 Item

919 809 941 837 si
963 809 1024 844 quis
1044 807 1115 844 apud
1129 814 1181 834 nos
1204 805 1367 842 presbyterii
1392 804 1626 833 consecrationem
1639 812 1710 838 prae-

924 854 1043 886 teriens,
1059 853 1178 889 episcopi
1195 852 1300 880 honore
1309 851 1454 879 diaconum
1467 850 1598 883 effecerit,
1615 854 1710 885 utpote

924 901 969 936 qui
994 900 1111 928 maxime
1124 899 1278 935 deliquerit,
1302 898 1521 926 condemnatur:
1547 896 1711 932 quibusdam

920 954 986 975 vero
1000 946 1058 982 pari
1072 946 1182 974 ducitur
1198 946 1269 979 loco,
1285 952 1301 973 e
1314 944 1473 980 presbytero
1487 943 1638 979 provehere
1653 942 1710 978 epi-

921 1000 1044 1028 scopum,
1057 997 1084 1020 et
1099 992 1247 1024 ediacono,
1269 990 1389 1019 medium
1407 989 1620 1017 transilientibus
1637 989 1711 1016 ordi-

920 1046 995 1070 nem,
1020 1038 1054 1065 ad
1072 1037 1191 1073 episcopi
1205 1037 1331 1072 abripere
1356 1036 1524 1071 dignitatem.
1541 1036 1575 1063 Et
1598 1035 1708 1071 quidem

922 1084 993 1111 inter
1005 1084 1063 1111 haec
1075 1087 1207 1119 quantum
1223 1083 1337 1110 interest
1348 1082 1360 1108 ?
1371 1081 1439 1109 Alia:
1450 1081 1524 1109 enim
1535 1081 1563 1109 in
1583 1088 1712 1115 unoquo-

922 1140 975 1168 que
987 1131 1082 1159 ordine
1094 1134 1121 1157 et
1135 1128 1219 1165 gradu
1230 1128 1378 1160 orationes,
1390 1127 1449 1154 aliae
1464 1126 1643 1158 caeremoniae,
1658 1125 1710 1152 alia

922 1178 989 1205 item
1003 1174 1165 1207 ministeria,
1180 1173 1240 1202 aliae
1256 1177 1284 1201 et
1296 1172 1503 1200 observationes
1518 1175 1670 1206 temporum
1683 1175 1711 1198 et

922 1229 1030 1250 morum
1043 1221 1229 1256 probationes.
1243 1218 1343 1246 Verum
1364 1217 1436 1252 quod
1451 1217 1512 1252 quis
1526 1217 1553 1244 in
1569 1217 1635 1252 legis
1651 1216 1710 1244 loco

923 1276 978 1296 non
1000 1266 1114 1301 accepit,
1130 1265 1190 1301 ejus
1203 1272 1259 1292 non
1277 1263 1416 1292 observati
1432 1263 1619 1290 defensionem
1639 1262 1711 1289 hanc

923 1313 1063 1349 objiciens,
1086 1312 1160 1347 quod
1174 1319 1230 1339 non
1257 1310 1414 1346 receperit:
1440 1309 1474 1337 ab
1497 1316 1530 1336 co
1544 1307 1613 1335 ratio
1636 1307 1712 1334 nulla

923 1363 1062 1394 poscetur.
1086 1356 1136 1385 Sin
1159 1357 1222 1392 quis
1246 1356 1318 1392 apud
1344 1363 1395 1383 nos
1426 1355 1637 1383 convinceretur
1658 1353 1712 1380 hoc

924 1405 1030 1438 fecisse,
1055 1410 1137 1431 nemo
1150 1402 1175 1430 ei
1189 1402 1270 1430 ullam
1286 1402 1373 1430 veniae
1384 1405 1487 1437 guttam
1513 1398 1687 1427 instillaverit
1701 1407 1710 1426 :

923 1451 1059 1478 minorum
1074 1448 1148 1476 enim
1163 1448 1251 1483 legum
1276 1447 1362 1474 inulta
1385 1446 1506 1477 violatio.
1522 1445 1641 1473 tritiores
1660 1444 1713 1472 ho-

923 1496 1012 1524 mines
1031 1495 1064 1522 ad
1080 1495 1212 1529 majorum
1228 1497 1415 1527 contemptum
1428 1491 1503 1519 facit.
1528 1491 1597 1518 Aliis
1626 1489 1712 1518 semel

91 1535 232 1582 φρόνησιν.
250 1536 357 1568 Ἀλλοις
369 1537 442 1569 ἅπαξ
462 1538 611 1572 μονάσασιν
630 1539 646 1574 ἠ
670 1541 827 1576 κρεοφαγία
842 1539 872 1567 οὔ

925 1542 1004 1569 factis
1024 1540 1166 1569 monachis
1184 1546 1247 1567 esus
1271 1539 1395 1566 carnium
1412 1545 1468 1565 non
1494 1536 1711 1568 exsecrantibus,

90 1580 118 1607 τί
140 1589 172 1615 γε
197 1581 428 1617 βδελυσσομένοις,
441 1583 499 1609 ἀλλ’
517 1583 697 1619 ἀσκουμένοις
723 1585 803 1621 μέχρι
826 1586 873 1613 τέ-

91 1627 154 1659 λους
168 1628 323 1663 ἀπρόσιτος,
337 1629 440 1665 ἑτέροις
453 1629 480 1656 δὲ
493 1630 540 1657 ἐπὶ
557 1630 624 1657 πολὺ
635 1632 872 1668 παρατηρήσιμος.

98 1672 170 1708 Ἐγὼ
181 1673 207 1700 δὲ
218 1674 265 1700 καὶ
281 1674 358 1708 λόγον
376 1675 452 1711 παρὰ
466 1675 571 1711 ἀνδρῶν
583 1676 636 1712 πρὸ
649 1677 747 1711 πολλοῦ
772 1677 874 1712 τιμών-

90 1727 147 1745 των
166 1718 270 1753 ἥκουσα
281 1720 330 1754 τὴν
342 1719 481 1754 ἀλήθειαν,
496 1719 534 1751 ὡς
547 1719 594 1746 τὸν
607 1720 656 1756 τὴν
677 1720 875 1756 1Δλεξιωίςρέων

98 1763 261 1798 Ἐκκλησίαν
291 1765 391 1800 ἐφορᾷν
407 1764 547 1799 μέλλοντα,
574 1765 621 1792 καὶ
642 1765 720 1799 λόγον
747 1765 875 1801 ὑποσχεῖν

91 1808 276 1840 ἐκϐιάζονται,
293 1809 346 1836 ἀπό
361 1818 433 1841 τινος
449 1811 596 1846 ἐπιχωρίου
617 1811 792 1846 περιπετείας
812 1811 875 1838 τού-

91 1863 140 1881 του
169 1855 375 1889 κρατήσαντος,
401 1854 440 1890 μὴ
466 1856 498 1883 ἄν
533 1864 598 1882 ποτε
628 1856 679 1890 τῆς
705 1857 875 1891 κρεοφαγίας

90 1899 275 1934 ἀφίστασθαι·
289 1900 335 1925 καὶ
364 1900 456 1935 σχῆμα
483 1899 532 1935 μὲν
558 1899 605 1926 τοῦ
635 1900 801 1935 μονάσαντος
825 1901 877 1927 οὐκ

90 1946 126 1973 ἄν
154 1954 196 1977 τις
213 1945 277 1980 παρ’
293 1946 359 1980 ἡμῖν
376 1946 417 1977 είς
444 1945 575 1981 κληρικοῦ
598 1946 874 1981 μετασχηματίσειεν,

91 1991 160 2019 ἔνιοι
180 1991 209 2018 δὲ
231 1991 341 2018 ἐπειδὰν
363 1991 430 2026 πρὸς
455 1991 608 2026 ἐπισκοπῆς
639 1991 706 2027 ὕψος
725 1992 772 2018 τὺν
795 2001 877 2027 μονα-

91 2039 160 2074 στὴν
172 2039 255 2074 ὑψοῦν
266 2037 424 2074 ἐθελήσωσι,
446 2038 539 2065 τοῦτον
561 2038 709 2074 περίτροχα
730 2038 876 2073 κείροντες,

90 2083 124 2110 τὺ
137 2082 268 2118 πρότερον
288 2083 480 2117 μεταμείϐουσι
493 2083 595 2118 σχῆμα.
613 2083 706 2114 Οὕτως
721 2083 750 2109 ἐν
768 2080 809 2115 οἷς
828 2083 877 2109 οὐκ

90 2127 152 2154 ἐστι
180 2127 270 2158 πίστις
298 2126 330 2152 τὸ
351 2126 531 2162 ἀθετοὺμενον
544 2147 552 2160 ,
577 2127 637 2154 οὐδὲ
661 2127 750 2154 κοινοῦ
776 2136 805 2154 τε
830 2128 878 2154 καὶ

91 2172 241 2200 καθολικοῦ
285 2172 460 2208 ψηφίσματος
488 2173 634 2205 ἔκπτωσις.
665 2174 769 2201 ’Δλλων
809 2174 875 2209 παρ’

925 1588 972 1616 sed
983 1595 1013 1615 se
1027 1586 1216 1615 exercentibus
1224 1593 1310 1620 usque
1323 1584 1498 1612 interdicitur
1509 1592 1516 1610 :
1532 1583 1566 1610 ab
1577 1582 1636 1609 aliis
1647 1589 1714 1609 vero

925 1642 979 1662 non
1001 1633 1048 1661 diu
1070 1633 1122 1660 hoc
1139 1633 1308 1660 observatur.
1328 1630 1383 1666 Ego
1398 1634 1426 1658 et
1452 1629 1594 1657 hominum
1620 1627 1713 1655 audivi

925 1687 1081 1708 sermonem
1096 1678 1238 1707 veritatem
1259 1684 1357 1712 magno
1373 1676 1401 1703 in
1419 1676 1524 1703 honore
1540 1673 1712 1703 habentium.

925 1733 987 1753 cum
1015 1732 1113 1760 nempe
1136 1723 1280 1752 occasione
1311 1723 1370 1757 ejus
1394 1721 1441 1756 qui
1468 1719 1714 1748 Alexandrinorum

926 1771 1055 1799 Ecclesiae
1068 1769 1169 1806 praesul
1183 1769 1291 1796 futurus
1302 1772 1371 1800 erat,
1384 1767 1456 1794 hanc
1473 1767 1605 1793 rationem
1620 1764 1714 1792 subire

926 1817 1006 1852 cogi;
1028 1815 1101 1852 quod
1125 1822 1157 1842 ex
1183 1814 1274 1849 aliquo
1292 1813 1326 1840 iis
1351 1813 1378 1840 iu
1394 1812 1460 1839 locis
1487 1819 1551 1838 casu
1578 1809 1713 1837 constitu-

928 1868 984 1891 tum
993 1867 1036 1889 est
1050 1870 1057 1888 ι
1071 1869 1101 1888 se
1113 1867 1253 1895 nunquam
1269 1859 1303 1886 ab
1318 1865 1368 1886 esu
1383 1857 1506 1885 carnium
1521 1855 1668 1883 abstinere.
1678 1854 1714 1881 At

926 1908 998 1944 apud
1012 1915 1062 1935 nos
1070 1906 1197 1934 monachi
1210 1905 1334 1932 habitum
1350 1910 1431 1931 nemo
1447 1909 1567 1937 unquam
1581 1902 1608 1928 in
1621 1899 1713 1928 clerici

932 1953 1127 1983 commutarit:
1156 1951 1281 1979 nonnulli
1296 1955 1397 1981 autent,
1419 1957 1481 1976 cum
1497 1947 1632 1975 voluerint
1653 1954 1713 1973 mo-

927 2000 1045 2028 nachum
1066 1998 1100 2026 ad
1118 1997 1238 2032 episcopi
1257 1996 1395 2032 fastigium
1410 1994 1545 2026 attollere,
1559 2000 1621 2020 eum
1637 1992 1713 2019 orbi-

927 2044 1053 2072 culariter
1079 2042 1232 2072 tondentes,
1258 2041 1377 2076 priorem
1404 2039 1528 2066 habitum
1557 2037 1712 2064 immutant.

927 2090 977 2122 Ita,
996 2089 1040 2116 ubi
1055 2088 1130 2115 nulla
1144 2091 1185 2114 est
1198 2085 1387 2122 praevaricatio
1403 2085 1475 2115 ﬁdei.
1492 2092 1545 2111 nec
1557 2082 1712 2112 communis

928 2139 962 2170 et,
986 2133 1113 2162 catholici
1136 2132 1238 2160 decreti
1251 2131 1358 2159 eversio
1375 2139 1383 2164 ;
1400 2138 1462 2158 eum
1477 2130 1536 2157 aliis
1551 2129 1622 2164 apud
1645 2128 1714 2156 alios

929 2188 1019 2208 mores
1035 2183 1062 2207 et
1079 2179 1152 2214 leges
1173 2177 1380 2210 custodiantur;
1395 2184 1448 2203 nec
1461 2175 1589 2203 custodes
1614 2174 1714 2209 injuste

89 2219 186 2251 ἄλλοις
199 2218 268 2245 ἐθῶν
277 2227 307 2245 τε
319 2219 366 2245 καὶ
375 2219 498 2253 νομίμων
511 2218 729 2255 φυλαττομένων,
739 2219 801 2247 οὔτε
816 2220 873 2253 τοὺς

931 2232 1020 2261 agere,
1035 2231 1087 2251 nec
1101 2231 1148 2251 eos
1161 2222 1208 2258 qui
1216 2229 1272 2250 non
1286 2224 1460 2256 acceperunt,
1474 2224 1568 2247 contra
1584 2220 1670 2255 legem
1679 2219 1715 2246 fa-

90 2265 221 2300 φύλακας
245 2264 348 2292 ἀδικεῖν
363 2283 371 2296 ,
398 2263 460 2291 οὔτε
483 2265 547 2296 τοὺς
578 2264 617 2301 μὴ
641 2265 880 2301 παραδεξαμένους

89 2313 276 2347 παρανομεῖν,
293 2310 381 2346 ὀρθῶς
394 2311 428 2338 ἀν
442 2319 484 2343 τις
505 2310 608 2345 κρίνειν
630 2310 708 2342 εἰδὼς
720 2312 878 2348 διορίσαιτο.

130 2358 226 2385 Καίτοι
252 2366 285 2392 γε
305 2357 336 2384 τὸ
359 2356 486 2393 νομισθὲν
513 2357 579 2392 ἡμῖν
599 2358 639 2389 είς
656 2358 795 2393 ἐπίκλημα
811 2358 881 2394 πρὸς

89 2403 154 2430 ἔνια
177 2403 230 2429 τῶν
256 2402 507 2438 κατηριθμημένων
529 2402 584 2429 οὐδ’
613 2403 643 2429 ἐν
671 2403 812 2438 συγκρίσει
845 2403 878 2430 τὸ

89 2448 241 2476 ἀνεύθυνον
268 2448 448 2483 ἀποφέρεται,
462 2447 530 2475 ἀλλά
553 2447 588 2475 τὰ
617 2448 667 2484 μὲν
694 2449 734 2480 είς
754 2448 804 2484 τὴν
825 2448 880 2475 τῶν

90 2494 241 2529 ἐκθέσμων
268 2496 315 2521 καὶΙ
335 2494 487 2529 βδελυκτῶν
505 2494 668 2522 ἀπελαύνειν
693 2495 797 2530 χώραν,
814 2495 881 2522 αὐτὸ

87 2540 122 2567 δὲ
135 2541 187 2576 τῆς
199 2540 253 2566 τῶν
267 2540 416 2567 ἐπαινετῶν
428 2540 476 2566 καὶ
484 2540 634 2567 καλλίστων
649 2540 755 2576 μερίδος
770 2540 880 2576 ἐξήρτη-

88 2594 150 2613 ται.
163 2585 217 2612 Καὶ
222 2587 252 2611 τὺ
262 2585 311 2620 μὲν
317 2585 364 2612 καὶ
372 2585 537 2621 πεπρᾶχθαι,
549 2585 596 2612 καὶ
605 2585 827 2621 διαπράττεσθαι,
836 2585 881 2621 μέ-

89 2640 140 2667 χρι
156 2631 204 2658 νῦν
220 2632 484 2667 πεπαρῥησιασμένῃ
501 2632 548 2659 καὶ
563 2632 705 2667 φωνῇ,καὶ
712 2631 820 2667 γνώμῃ,
833 2631 880 2658 καὶ

90 2680 234 2713 προσώπῳ
242 2677 418 2713 κηρύσσεται.
429 2677 490 2710 Πῶς
496 2678 550 2713 γὰρ
557 2678 608 2704 οὑκ
618 2677 652 2704 ἃν
666 2677 878 2713 σεμνολογηθείη

91 2755 244 2791 Eustachio
254 2755 287 2782 ad
299 2761 403 2791 sacram
415 2762 475 2790 qme
487 2755 566 2791 estin
581 2755 735 2791 Pamphylia
746 2756 878 2791 synodum

91 2790 169 2817 Sidae
184 2790 322 2817 collectam
341 2789 412 2817 Sida:
427 2790 535 2824 quidem
546 2789 710 2825 Pamphylia:
725 2789 768 2818 est
780 2791 878 2818 Metro-

91 2825 179 2859 polus,
200 2826 241 2852 vel
261 2825 342 2859 (quod
360 2832 414 2852 non
437 2825 528 2861 minus
550 2825 695 2861 verisimile
715 2826 767 2861 est)
791 2834 824 2853 ex
846 2834 879 2854 eo

91 2864 169 2893 orat,
181 2867 215 2887 ne
236 2861 424 2889 restitueretur
438 2860 566 2897 lgnatius,
582 2860 629 2889 sed
646 2865 749 2889 tantum
757 2860 798 2890 'sit
811 2869 876 2890 con-

930 2278 1002 2304 cere,
1016 2269 1039 2298 is
1053 2269 1100 2304 qui
1112 2273 1185 2296 recte
1197 2267 1319 2304 judicare
1331 2266 1415 2298 norit.
1425 2265 1547 2293 definiat.

965 2357 1000 2385 Et
1013 2363 1078 2384 vero
1096 2356 1169 2392 quod
1185 2363 1200 2383 a
1212 2354 1290 2383 nobis
1304 2353 1332 2381 in
1346 2353 1459 2381 crimine
1473 2352 1595 2388 ponitur,
1613 2351 1636 2379 si
1652 2359 1714 2379 cum

929 2403 1068 2431 nonnullis
1081 2410 1141 2437 quae
1164 2402 1347 2429 admemorata
1364 2404 1438 2430 sunt,
1454 2398 1620 2429 conferatur,
1648 2398 1715 2425 recti

930 2453 958 2477 et
972 2448 1030 2476 veri
1041 2447 1269 2475 existimationem
1283 2445 1410 2473 habebit:
1436 2449 1463 2472 et
1475 2444 1526 2471 alia
1541 2445 1651 2478 quidem
1667 2451 1716 2470 ne-

930 2495 1061 2522 fariorum
1075 2499 1102 2522 et
1117 2492 1323 2521 exsecrabilium
1340 2491 1401 2519 loco
1420 2491 1568 2523 ducuntur,
1580 2489 1634 2517 hoc
1650 2497 1715 2517 vero

929 2540 1003 2568 laudi
1018 2544 1069 2573 est,
1086 2544 1114 2567 et
1126 2543 1238 2574 putatur
1255 2545 1315 2565 esse
1326 2536 1549 2572 pulcherrimum,
1563 2535 1615 2563 hoc
1628 2543 1716 2570 usque

929 2585 1022 2612 adhuc
1047 2589 1074 2611 et
1089 2583 1189 2611 factum
1203 2590 1274 2615 esse,
1295 2586 1323 2609 et
1337 2581 1405 2615 fieri,
1427 2581 1510 2608 libera
1523 2588 1590 2608 voce
1604 2585 1631 2608 et
1652 2587 1716 2608 sen-

930 2631 1024 2662 tentia,
1046 2634 1074 2657 et
1100 2629 1177 2656 vultu
1202 2628 1373 2664 praedicatur.
1403 2626 1544 2660 Quomodo
1565 2626 1637 2654 enim
1659 2633 1715 2653 non

929 2677 1045 2705 summis
1064 2676 1189 2704 laudibus
1205 2675 1267 2710 quis
1282 2673 1422 2708 efferatur,
1443 2673 1516 2709 quod
1528 2673 1650 2700 nondum
1670 2679 1716 2699 sa-

930 2761 1020 2785 tentus
1035 2756 1146 2784 nomine
1158 2755 1278 2791 episcopi
1295 2755 1347 2782 frui
1357 2755 1422 2783 dum
1436 2753 1549 2791 viveret,
1559 2751 1599 2779 sic
1609 2754 1716 2778 astutus

929 2791 1021 2855 30mm
1036 2792 1110 2826 quod
1121 2788 1237 2820 maxime
1251 2788 1324 2825 velit,
1337 2790 1408 2819 haud
1421 2788 1566 2818 admodum
1576 2794 1605 2816 se
1620 2793 1715 2815 curare

947 2831 1107 2855 emonstrat.
