1940 3087
216 152 268 185 607

218 209 358 236 cerdotum
369 208 492 236 ordinem
500 211 652 239 assecutus,
666 206 702 234 ita
715 206 798 234 vitam
811 215 888 235 suam
905 207 1003 235 immo—
1017 211 1043 239 Α

218 255 328 282 de‘ratus
341 258 392 286 est,
406 258 436 281 ut
449 258 476 281 ct
493 253 564 286 aliis,
586 253 686 288 quibus
698 253 880 280 sacerdotium
897 253 1003 289 obtigit,

219 301 292 328 etab
307 300 379 328 omni
394 300 497 334 reliquo
514 304 587 327 metu
611 299 644 327 ad
664 299 849 335 pontiﬁcatum
864 300 924 327 aliis
936 307 1005 334 prae-

219 347 321 373 feratur
334 346 346 372 ?
362 344 491 377 Quzcdam
506 352 571 372 vero
585 352 620 372 ne
633 344 668 372 ab
681 344 715 371 iis
729 344 840 379 quidem
851 345 897 379 qui
911 345 1002 372 delin-

218 396 305 426 quunt
331 391 413 426 (quod
427 390 535 425 quidem
560 391 654 426 sciam)
675 391 747 425 quod
765 390 834 418 ﬁunt
852 411 860 424 ,
891 390 1007 418 laudan-

220 440 263 461 tur
290 434 324 461 ob
353 442 487 461 summam
517 434 633 462 fortasse
652 435 859 468 absurditatem,
891 440 938 462 aut
957 442 1008 462 ne-

218 479 274 506 scio
294 479 360 515 quid
381 479 484 513 dicam,
507 480 539 508 iis
559 480 606 515 qui
631 480 756 508 fecerunt
778 501 786 514 ,
815 481 1008 508 inﬁciationem

219 525 325 552 veritati
359 526 599 560 anteponentibus.
630 525 697 558 Quis
719 526 792 553 enim
817 526 984 553 sabbatizare
999 545 1007 558 ,

219 570 264 605 qui
280 570 307 597 in
326 569 487 598 Christianis
520 575 673 603 censeatur,
702 571 809 598 etiamsi
840 571 939 598 millies
966 571 1010 599 bis

220 617 392 650 succumbat,
409 624 464 644 non
479 617 589 652 cjurct?
603 617 669 650 Quis
691 624 720 645 se
742 617 908 653 conjugium,
924 624 1010 645 exse-

221 660 292 688 erari
319 661 479 697 legitimum,
503 662 555 689 nisi
568 663 630 697 quis
651 662 797 698 impiorum
812 670 844 690 ac
868 662 926 690 sine
954 662 1010 689 Deo

222 707 362 734 hominum
373 708 535 735 sententiam
544 708 632 743 opiﬁci
642 712 786 744 proponat,
795 708 853 735 etei
861 709 1009 744 hypostasi,

221 759 282 786 qua:
296 751 359 778 inde
375 759 423 786 per
436 752 584 779 bonitatem
599 753 722 780 exstitit?
736 753 802 786 Quis
812 757 902 781 autem
918 753 1011 780 Domi-

222 799 346 825 nicorum
361 802 388 825 ct
400 802 587 832 paternorum,
604 803 632 826 et
651 798 821 834 synodalium
836 799 1010 826 decretorum

223 844 270 878 (ne
295 843 430 879 sigillatim
454 843 552 878 dicam)
572 851 628 870 non
647 848 804 871 revereatur
819 844 954 878 conﬁteri,
976 851 1006 871 se

224 889 313 916 moliri
328 894 514 924 contemptum
526 889 537 916 ’ἔ
551 889 588 916 Ex
603 889 678 917 laicis
693 897 758 917 sane
773 897 834 917 eum
849 889 895 924 qui
906 897 1012 917 sacrum
1027 888 1050 918 B

224 935 287 961 vine
304 943 389 970 genus
406 935 568 970 susceperit,
586 936 619 962 ad
643 935 830 970 pontiﬁcatum
845 935 1011 970 promoveri,

224 981 302 1008 valde
313 988 484 1016 consequens
498 988 559 1008 esse
581 981 680 1008 divinis
697 980 833 1012 Patribus,
852 989 906 1008 non
923 980 1013 1007 verbis

225 1025 443 1060 pronuntiatum,
457 1026 505 1053 sed
519 1033 549 1053 re
565 1025 622 1060 ipsa
637 1030 752 1061 gestum,
769 1033 873 1061 magna:
890 1025 1014 1052 utilitatis

225 1078 332 1105 sponsa:
346 1070 448 1099 Christi
461 1070 589 1099 Ecclesia:
605 1079 698 1104 causa,
719 1071 748 1099 in
761 1071 886 1107 pluribus
900 1071 1015 1099 demon-

225 1121 340 1144 stratum
351 1121 403 1144 est.

259 1204 301 1231 Ad
317 1204 386 1238 haec,
395 1205 496 1240 aspice,
510 1204 532 1233 si
548 1205 598 1237 vis,
609 1209 637 1233 et
645 1206 861 1233 ministeriorum
871 1206 1015 1234 varietates

226 1258 286 1285 quae
302 1250 330 1277 in
347 1251 531 1283 orationibus,
557 1259 617 1286 quae
639 1251 667 1278 in
686 1251 914 1284 invocatiouibus,
928 1251 956 1278 in
969 1259 1015 1278 or-

227 1297 292 1324 dine
308 1300 335 1324 et
351 1297 557 1331 consequentia,
582 1297 610 1324 in
633 1298 764 1333 temporis
782 1297 964 1326 diuturnitate
987 1304 1016 1325 ct

227 1343 373 1377 brevitate,
399 1343 428 1370 in
450 1343 625 1372 multitudine
641 1348 667 1372 et
686 1345 834 1380 paucitate.
855 1345 888 1372 Et
903 1345 1014 1380 quidem

229 1390 256 1416 iu
284 1390 316 1417 iis
341 1391 369 1424 (ο
395 1389 568 1424 miraculum)
587 1391 741 1418 communis
763 1391 843 1426 panis
866 1391 894 1418 in
917 1398 1017 1426 corpus

229 1435 329 1473 Christi
355 1440 486 1468 mutatur,
504 1440 532 1463 et
548 1444 693 1464 commune
710 1436 804 1464 vinum
828 1437 939 1472 sanguis
958 1437 1018 1472 ejus

231 1482 276 1512 sit.
286 1479 331 1516 qui
341 1489 404 1508 eum
414 1481 441 1508 in
453 1481 667 1516 redemptionem
679 1482 757 1510 nobis
768 1482 802 1510 de
812 1483 922 1518 proprio
933 1483 1019 1511 latere

230 1534 293 1554 cum
308 1535 377 1562 aqua
400 1526 517 1560 eﬁ‘udit;
538 1532 567 1555 et
592 1528 690 1556 borum
705 1528 851 1556 discrimen
873 1536 905 1556 ac
928 1528 1018 1556 varie-

233 1577 274 1603 tas
288 1558 462 1606 unii‘ormem,
479 1558 662 1609 Deiﬁcamque
674 1575 791 1610 Spiritus
804 1575 917 1610 gratiam
928 1575 1019 1603 multi-
1032 1558 1053 1588 α

232 1619 349 1654 pliciter,
366 1623 394 1646 et
407 1619 603 1647 invariabilitcr
625 1620 726 1655 suscipi
745 1620 779 1647 ab
792 1620 824 1648 iis
840 1625 952 1656 propter
960 1629 1021 1656 quae

233 1663 291 1695 han:
301 1668 442 1698 geruntur,
455 1671 510 1691 non
522 1665 671 1699 prohibuit.
682 1664 755 1697 Quin
762 1665 844 1692 etiam
855 1670 937 1693 testes
950 1666 1022 1701 apud

233 1717 283 1737 nos
303 1713 332 1736 et
345 1710 445 1745 regulis
460 1710 561 1738 nostris
577 1711 610 1738 ad
629 1715 682 1738 tres
704 1719 899 1739 numeramus:
925 1712 970 1747 qui
999 1712 1022 1740 si

232 1756 380 1791 cazteroqui
410 1756 478 1784 vitio
498 1761 621 1791 careant,
639 1757 705 1784 satis
726 1762 790 1785 sunt
805 1757 838 1785 ad
851 1757 932 1785 ﬁdem
951 1758 1024 1785 veri-

235 1801 284 1829 tati
310 1801 476 1835 faciendam,
493 1802 619 1837 quamvis
635 1802 662 1829 in
678 1802 799 1838 episcopi
814 1803 918 1830 crimen
952 1803 1024 1830 asci-

234 1852 364 1876 scantur:
379 1848 452 1884 apud
470 1847 538 1876 alios
559 1856 623 1876 vero
641 1849 695 1876 nisi
708 1849 815 1876 testium
832 1856 963 1876 numerus
979 1856 1025 1876 su-

235 1898 312 1928 peret
336 1893 508 1929 septuaginta
537 1894 615 1928 quasi
643 1893 782 1928 populum,
799 1893 844 1928 qui
871 1897 1024 1924 accusatur,

235 1930 410 1971 quantumvis
432 1939 459 1965 in
486 1946 516 1966 re
543 1938 602 1974 ipsa
623 1939 705 1966 fuerit
729 1940 927 1974 deprehensm,
949 1938 1025 1966 omni

237 1984 354 2011 crimine
370 1984 439 2012 liber
454 1984 614 2012 absolvitur.
638 1984 709 2013 Satis
727 1993 787 2020 quae
800 1986 872 2013 dicta
887 1990 952 2013 sunt
965 1993 1028 2013 esse

238 2035 309 2056 uuco
318 2030 475 2058 hominibus
489 2031 584 2066 aequis,
599 2031 699 2066 quique
713 2039 766 2058 non
776 2031 880 2064 malint,
891 2039 972 2066 quam
984 2032 1029 2058 in-

239 2075 371 2111 telligere,
388 2076 524 2112 redargui.
549 2076 618 2110 Quid
633 2081 723 2104 autem
744 2076 830 2112 ﬁgura
858 2077 1027 2112 capillorum,

237 2131 270 2149 ac
285 2123 413 2157 temporis
426 2123 580 2159 prorogatio
590 2123 624 2151 ad
636 2123 816 2152 sacerdotium
828 2123 1029 2158 suscipiendum

239 2169 350 2204 potest?
365 2169 453 2197 Mores
466 2170 539 2197 enim
563 2169 703 2198 hominem
720 2174 785 2197 ante
800 2169 944 2197 sacerdotii
962 2170 1030 2205 tign-

240 2222 298 2243 ram
329 2216 440 2252 dignum
454 2217 612 2251 ostendunt,
635 2218 743 2245 tametsi
771 2218 893 2245 nondum
920 2218 982 2252 quis
1002 2217 1027 2244 ei
1044 2229 1065 2257 ι)

240 2270 351 2289 manum
364 2263 496 2298 imponat,
507 2263 628 2291 nondum
640 2263 735 2291 didicit
748 2271 852 2299 preces.
864 2263 940 2290 Multi
951 2271 1026 2295 vero,

238 2315 308 2342 quos
330 2315 420 2335 mores
445 2308 562 2343 fugiunt,
588 2309 682 2336 habitu
694 2309 852 2342 venerandi,
878 2308 905 2336 in
931 2308 1025 2335 habitu

239 2352 396 2381 consistunt
418 2362 427 2386 ς
450 2354 552 2382 etenim
576 2354 738 2389 capillorum
762 2354 895 2382 resecatio
923 2354 1030 2390 signum

240 2403 283 2426 est
293 2400 511 2428 conversationis
527 2409 542 2428 a
557 2401 673 2428 mortuis
697 2401 826 2436 operibus
840 2408 925 2435 purae.
940 2400 973 2427 Et
985 2400 1031 2435 qui

242 2446 280 2472 ita
308 2450 360 2478 est,
376 2446 500 2480 quamvis
514 2446 583 2482 signi
596 2447 660 2474 tuba
674 2447 795 2474 nonduin
811 2446 929 2480 insonet,
949 2447 1032 2474 vitam

240 2491 301 2524 ejus
313 2491 466 2526 praedicans
480 2500 587 2528 puram,
601 2493 643 2520 hic
658 2493 685 2520 in
696 2493 784 2521 nihilo
793 2493 858 2520 mihi
873 2501 907 2521 eo
921 2492 1034 2520 inferior

240 2541 342 2565 Virtute
354 2542 405 2570 est,
419 2538 466 2573 qui
481 2538 588 2574 signum
607 2539 687 2575 gerit.

240 2582 291 2618 ὅση
307 2583 420 2620 δύναμις
435 2585 587 2620 ωντηρῶν,
605 2585 656 2611 κᾶν
678 2586 694 2621 ἡ
710 2585 756 2612 τοῦ
776 2586 890 2621 σημείου
927 2583 1046 2618 σάλπιγξ

772 153 902 184 ΡΗΟΤΙΙ
922 152 1174 183 ΡΑΤΗΙΑΗΟΗᾹΞ
1189 149 1254 182 ’(ΙΡ.

1055 216 1107 240 τις,
1122 207 1162 234 ὃτι
1175 206 1258 243 μήπω
1273 204 1376 241 λήξεως
1400 203 1557 240 ἱερωμινων
1581 202 1680 238 τυχὼν,
1695 202 1783 235 οὕτως
1791 203 1838 239 τὴν

1058 253 1155 280 ἑαυτοῦ
1181 251 1319 279 πολιτείαν
1344 250 1503 286 ὲρύθμισεν,
1521 249 1592 276 ὥστε
1614 249 1662 276 καὶ
1691 249 1839 276 ύπάὒτῶν

1057 298 1113 324 τῶν
1138 296 1354 332 κεκληρωμένων
1372 295 1423 331 τὴν
1446 294 1608 330 ἱερωσύνην,
1619 293 1666 320 καὶ
1680 293 1780 324 παντὸς
1793 293 1838 319 τοῦ

1059 343 1137 370 ἄλλου
1164 342 1346 378 πληρώματος
1360 341 1400 373 εἰς
1423 340 1553 376 ἀρχιερέα
1568 338 1765 375 προκρίνεσθαι
1779 347 1786 372 ;
1801 338 1840 365 Τὰ

1058 390 1088 417 δὲ
1105 388 1159 416 οὐδ’
1170 389 1212 415 ὅτι
1231 388 1392 423 πράττεται,
1408 386 1458 413 ὅσα
1480 385 1531 421 ἐμὲ
1545 385 1702 420 γινώσκειν,
1719 393 1840 419 συνωμο-

1059 436 1173 471 λόγηται
1185 435 1242 466 τοῖς
1259 433 1448 469 ἁμαρτάνουσι
1461 434 1495 469 τῇ
1520 431 1657 468 ὑπερὸολῇ
1671 429 1719 457 τοῦ
1739 430 1842 466 ἀτοπή-

1062 489 1144 517 ματος
1171 479 1267 515 ἴσωςῆ
1286 479 1335 506 οὐκ
1366 476 1414 505 οἷδ’
1427 479 1441 504 ὅ
1454 487 1480 504 τι
1506 478 1553 504 καὶ
1574 477 1655 509 εῐπω,
1671 476 1727 503 τῶν
1749 476 1841 511 δεδρα-

1061 528 1146 555 κότων
1173 525 1381 560 ἀλλασσομένων
1417 524 1516 560 μᾶλλον
1550 523 1599 558 τῆς
1631 522 1761 557 ἀληθείας
1794 521 1843 557 τὴν

1061 574 1185 609 ἄρνησιν.
1196 573 1244 604 Τίς
1260 572 1314 608 γὰρ
1329 571 1504 602 σαΰὸατίζειν
1517 570 1546 597 ἐν
1561 569 1734 605 Χριπιανοῖς
1749 567 1843 599 τελῶν,

1063 620 1114 647 κᾶν
1127 619 1256 655 μυριάκις
1268 616 1428 652 ὑπενεχθειη
1442 616 1548 647 τούτοις
1564 616 1613 642 οὑκ
1623 614 1655 642 ἂν
1670 613 1842 650 ὲξομόσαιτο;

1063 666 1110 697 Τίς
1125 665 1154 692 δὲ
1172 665 1261 699 γάμον
1277 662 1466 699 βδελύττεσθαι
1487 662 1628 697 ἔνθεσμον,
1645 661 1670 687 εί
1688 661 1725 696 μὴ
1742 660 1778 686 τὰ
1788 659 1842 686 τῶν

1062 710 1200 739 δυσσεὸῶν
1210 710 1258 738 καὶ
1272 709 1359 736 ἀθέων
1374 708 1553 744 ὲπιπροσθείη
1577 707 1626 734 καὶ
1647 706 1695 733 τοῦ
1709 707 1845 741 Δημιουρ-

1063 757 1124 793 γοῦ,
1142 758 1188 783 καὶ
1216 756 1265 790 τῆς
1280 755 1384 782 ἐκεῖθεν
1402 754 1570 789 ἀγαθοειδῶς
1585 751 1763 786 ούσιωθείσης
1780 752 1846 778 ὑπο-

1065 805 1205 835 στάσεως;
1221 802 1268 833 Τίς
1282 801 1310 829 δὲ
1323 802 1378 828 τῶν
1388 799 1561 827 Δεσποτικῶν
1578 799 1625 825 καὶ
1641 797 1786 834 Πατρικῶν
1800 797 1847 823 καὶ

1066 848 1212 876 συνοδικῶν
1238 847 1381 883 δογμάτων
1410 847 1464 881 (ἵνα
1489 846 1527 881 μὴ
1545 844 1607 872 καθ’
1621 844 1736 871 ἕκαστον
1753 842 1846 877 λέγω),

1064 896 1114 922 οὐκ
1142 895 1176 921 ἂν
1206 893 1363 929 αἰσχυνθείη
1389 893 1437 919 καὶ
1460 891 1588 927 πράττων
1603 890 1770 925 ὁμολογῆσαι
1796 887 1846 922 τὴν

1064 939 1255 974 ἐξουδένωσιν;
1292 937 1339 965 Ἐκ
1368 938 1460 973 μέντοι
1489 935 1590 964 λαῖκῶν
1612 935 1687 972 ἱερὰν
1712 933 1849 961 πολιτείαν

1064 985 1272 1022 ἐπανῃρημένον
1291 985 1331 1016 εις
1354 983 1485 1019 ἀρχιερέα
1502 981 1684 1017 προάγεσθαι,
1702 979 1849 1008 ἀκόλουθον

1063 1032 1144 1066 ἄγαν,
1162 1031 1210 1058 καὶ
1221 1030 1343 1066 Πατράσι
1360 1029 1442 1061 θείοις
1458 1029 1488 1055 οὐ
1504 1029 1592 1062 λόγοις
1611 1026 1847 1063 καθωμιλημένον,

1064 1074 1121 1102 ἀλλ’
1135 1073 1226 1109 ἔργοις
1236 1073 1326 1103 αὐτοῖς
1337 1071 1585 1106 διαπεπραγμένον,
1598 1071 1644 1097 ἐπὶ
1659 1069 1769 1105 μεγάλῳ
1784 1068 1849 1103 κέρ-

1064 1120 1103 1147 δει
1116 1121 1165 1155 τῆς
1186 1119 1295 1154 νύμφης
1309 1117 1426 1154 Χριστοῦ
1445 1117 1608 1152 Ἐκκλησὶας
1624 1116 1695 1144 κατὰ
1705 1115 1851 1151 διαφόρους

1066 1166 1178 1201 καιροὺς
1195 1165 1388 1191 ἐπιδέδεικται.

1103 1210 1175 1245 ’Όρα
1187 1210 1228 1243 δὲ,
1238 1210 1261 1236 εί
1273 1209 1448 1244 βούλει,πρδς
1455 1209 1510 1240 τοῖς
1522 1207 1675 1244 εἰρημένοις
1688 1206 1788 1238 καὶτὰς
1795 1207 1850 1233 τῶν

1065 1256 1262 1293 λεποοργιχῶν
1281 1256 1443 1291 ἑτερότητας
1458 1255 1507 1286 τὰς
1523 1255 1552 1281 ὲν
1562 1255 1622 1286 ταῖς
1639 1254 1743 1289 εὐχαῖς,
1753 1252 1804 1284 τὰς
1820 1252 1851 1278 ὲν

1066 1305 1126 1336 ταῖς
1149 1303 1320 1338 ἐπικλήσεσι,
1332 1301 1382 1334 τὰς
1396 1302 1425 1328 ὲν
1438 1301 1512 1335 τάξει
1527 1301 1575 1328 καὶ
1585 1299 1739 1335 ἀκολουθίᾳ,
1758 1299 1808 1331 τὰς
1822 1299 1852 1325 ὲν

1066 1349 1106 1382 τῷ
1128 1348 1174 1375 τοῦ
1200 1348 1297 1384 χρόνου
1323 1348 1415 1384 μήκει,
1428 1349 1473 1373 καὶ
1491 1348 1525 1382 τῇ
1554 1345 1714 1382 βραχύτητι,
1744 1344 1795 1375 τὰς
1822 1344 1853 1370 ὲν

1067 1395 1164 1430 πλήθει
1174 1395 1219 1421 καὶ
1225 1393 1372 1429 ὀλιγότητι,
1379 1393 1467 1419 καίτοι
1473 1391 1506 1418 δι’
1512 1392 1610 1424 αὐτῶν,
1618 1391 1640 1417 ὦ
1648 1391 1694 1418 τοῦ
1703 1389 1852 1425 θαύματοςί

1067 1443 1082 1469 ὁ
1095 1441 1183 1473 κοινὸς
1196 1440 1277 1476 ἄρτος
1285 1440 1325 1471 εις
1339 1439 1418 1474 σῶμα
1430 1437 1548 1474 Χριστοῦ
1565 1437 1772 1473 μεταϐάλλεται,
1784 1436 1855 1463 καὶό

1068 1487 1157 1519 κοινὸς
1169 1484 1239 1518 alvo;
1253 1484 1324 1521 αἷμα
1346 1484 1513 1521 χρηματίζει
1525 1484 1571 1511 τοῦ
1583 1483 1681 1518 λύτρον
1696 1483 1762 1517 ἡμῖν
1771 1481 1801 1515 ὲε
1815 1481 1856 1508 οι-

1069 1534 1146 1565 κείας
1158 1533 1278 1568 πλευρᾶς
1294 1531 1374 1559 τοῦτο
1389 1531 1437 1558 σὺν
1451 1531 1527 1557 ύδᾶτι
1538 1529 1695 1564 βλύσαντος,
1706 1527 1761 1554 Καὶ
1774 1527 1791 1561 ἡ
1801 1526 1858 1554 τῶν

1071 1579 1221 1616 εἰρημένων
1229 1578 1357 1615 ἑτερότης
1365 1586 1395 1604 τε
1402 1577 1450 1605 καὶ
1462 1576 1624 1613 παραλλαγὴ
1633 1575 1682 1610 τὴν
1693 1574 1798 1609 ὲνοειδῆ
1808 1574 1858 1600 καὶ

1072 1624 1193 1652 θεοποιδν
1213 1625 1292 1659 χάριν
1315 1623 1362 1650 τοῦ
1387 1622 1545 1658 Πνεύματος
1564 1620 1740 1654 ἁπληθύντως
1759 1627 1789 1646 τε
1811 1618 1860 1645 καὶ

1074 1670 1290 1706 ἀπαραλλάκτως
1306 1668 1486 1700 ὐποδέξασθαι
1499 1667 1534 1694 τὰ
1555 1666 1598 1701 ἐφ’
1616 1663 1656 1698 οἷς
1671 1665 1758 1692 ταῦτα
1771 1664 1866 1690 τελεῑ-.

1072 1725 1117 1743 ται
1129 1716 1158 1742 οὺ
1171 1714 1344 1743 διεκώλυσεν,
1357 1714 1426 1741 ἀλλὰ
1438 1713 1485 1741 καὶ
1505 1712 1642 1749 μάρτυρες
1653 1711 1703 1747 μὲν
1716 1711 1781 1746 παρ’
1792 1710 1860 1745 ἡμῖν

1073 1762 1121 1789 καὶ
1136 1762 1192 1793 τοῖς
1209 1762 1273 1795 παρ’
1289 1761 1354 1796 ἡμῖν
1366 1760 1457 1786 κανόσι
1471 1758 1553 1795 μέχρι
1565 1758 1648 1794 τριῶν
1660 1756 1861 1793 ἀριθμούμενοι

1074 1808 1106 1835 ἂν
1117 1807 1202 1839 ἄλλως
1209 1806 1366 1842 ἀδιάϐλητοι
1373 1805 1501 1841 τύχωσιν,
1514 1804 1602 1832 ἱκανοὶ
1610 1803 1798 1830 πιστώσασθαι
1810 1802 1871 1837 τὴν

1074 1853 1268 1889 manuum
1275 1854 1316 1884 εἰς
1327 1853 1476 1879 ἐπισκόπου
1485 1851 1624 1887 ληφθῶσιν
1634 1849 1732 1885 ἐπίκλη
1737 1857 1784 1885 μα’
1795 1848 1862 1884 παρ’

1076 1899 1166 1930 ἄλλοις
1176 1898 1204 1925 δὲ
1215 1898 1248 1926 ἂν
1257 1898 1295 1933 μὴ
1306 1897 1352 1924 τὸν
1361 1897 1544 1932 ἐϐδομήκοντα
1553 1895 1639 1931 δῆμον
1652 1895 1682 1921 τὺ
1692 1894 1747 1921 τῶν
1756 1893 1864 1929 μαρτύ-

1078 1954 1133 1982 ρων
1141 1943 1319 1980 ὑπερεκπέσῃ
1328 1942 1439 1978 πλῆθος,
1450 1941 1615 1977 ἀνέγκλητος
1622 1939 1864 1975 ὁκαθηγούμενος,

1077 1991 1129 2018 κᾶν
1157 1991 1200 2017 ἐπ’
1223 1989 1373 2024 αὐτοφώρῳ
1383 1988 1472 2023 ληφθῇ
1486 1987 1644 2014 ἀπολύεται.
1662 1985 1812 2021 Ἑπιλείψει
1831 1993 1868 2020 με

1078 2038 1095 2073 ὴ
1112 2037 1202 2073 ἡμέρα
1219 2036 1268 2068 τὰς
1283 2034 1413 2066 τοιαύτας
1433 2033 1566 2069 διαφορὰς
1580 2032 1750 2067 ἐπιλέγοντα,
1768 2032 1869 2067 ἀρκεῖν

1077 2084 1100 2110 δ’
1122 2082 1241 2118 ἠγοῦμαι
1255 2082 1303 2108 καὶ
1316 2082 1366 2113 τὰς
1386 2080 1533 2117 εἰρημένας
1552 2079 1609 2111 τοῖς
1634 2077 1799 2113 εὐγνώμοσι,
1819 2077 1871 2104 καὶ

1079 2127 1119 2160 οἷς
1133 2128 1170 2163 μὴ
1185 2127 1284 2163 μᾶλλον
1296 2126 1426 2162 ἐράσμιον
1437 2125 1485 2152 τοῦ
1498 2125 1618 2152 συνιέναι
1626 2124 1657 2151 τὺ
1666 2123 1870 2158 διελέγχεσθαι.

1080 2175 1113 2201 Τί
1131 2173 1160 2200 δὲ
1174 2173 1222 2200 καὶ
1244 2173 1336 2208 σχῆμα
1351 2171 1465 2208 τριχῶν,
1481 2172 1527 2198 καὶ
1543 2171 1641 2206 χρόνου
1657 2169 1815 2205 παράτασις
1827 2169 1871 2200 εἰς

1082 2219 1231 2255 ίερωούνης
1258 2217 1398 2253 ἀντίληψιν
1422 2217 1554 2250 δύναται;
1572 2218 1587 2244 ὸ
1611 2216 1662 2252 μὲν
1689 2215 1743 2251 γὰρ
1764 2215 1873 2250 τρόπος

1081 2265 1127 2292 τὺν
1154 2265 1238 2300 ἄνδρα
1263 2265 1309 2291 καὶ
1331 2265 1385 2299 πρὸ
1411 2263 1459 2293 τοῦ
1482 2264 1620 2298 σχήματος
1639 2261 1690 2296 τῆς
1716 2259 1874 2296 ἱερωσύνης

1081 2310 1218 2337 δείκνυσιν
1234 2309 1320 2343 ἄξιον,
1336 2309 1386 2336 κᾶν
1399 2309 1436 2344 μή
1453 2307 1497 2338 πώ
1508 2316 1549 2339 τις
1563 2307 1695 2342 αὐτῷτὴν
1710 2307 1790 2342 χεῖρα
1805 2306 1874 2332 ἑπι-

1080 2357 1152 2392 τιθῇ,
1169 2356 1221 2383 κᾶν
1234 2356 1272 2391 μὴ
1291 2355 1409 2393 ἐπιλέγῃ
1419 2355 1469 2390 τὴν
1486 2355 1580 2390 εὐχήν.
1592 2353 1710 2385 Πολλοὺς
1730 2352 1759 2383 δὲ
1773 2351 1877 2386 φυγὼν

1081 2401 1095 2428 ὁ
1115 2401 1215 2436 τρόπος
1234 2400 1280 2426 ἐπὶ
1301 2401 1441 2435 σχήματος
1474 2400 1564 2435 μένειν
1586 2398 1650 2430 τοὺς
1682 2398 1804 2434 σχήματι
1829 2404 1878 2422 σε-

1084 2446 1265 2482 μνυνομένους
1279 2445 1470 2480 ἐγκατέλιπεν.
1492 2445 1523 2471 Ἡ
1541 2444 1590 2480 μὲν
1608 2443 1662 2479 γὰρ
1685 2443 1740 2470 τῶν
1767 2442 1880 2478 τριχῶν

1084 2492 1238 2528 περικοπή,
1274 2491 1388 2527 σημεῖόν
1416 2492 1476 2518 ἐστι
1502 2490 1641 2521 πολιτείας
1664 2488 1880 2524 καθαρευούσης

1085 2537 1174 2572 ἔργων
1196 2536 1312 2571 νεκρῶν.
1335 2535 1364 2562 '0
1380 2535 1409 2562 δὲ
1433 2535 1479 2562 τὺν
1506 2533 1604 2561 ἑαυτοῦ
1620 2533 1678 2568 βίον
1698 2531 1877 2567 ἀκηλίδωτον

1079 2582 1157 2609 οὔπω
1183 2583 1274 2617 ὴχήσῃ
1289 2582 1334 2608 τὸν
1362 2581 1420 2616 βίον
1444 2580 1527 2608 αὑτοῦ
1548 2579 1720 2615 κηρύττουσα
1739 2577 1880 2612 καθαρὸν,

241 2626 319 2661 οὗτος
329 2630 406 2657 οὐδὲν
421 2631 483 2666 ἐμοὶ
490 2630 537 2657 τοῦ
550 2630 680 2666 φέροντος
691 2631 722 2658 τὸ
737 2633 850 2667 σημεῖον
858 2631 1029 2666 ἐνδεέστερος
1049 2629 1089 2660 εἰς
1103 2628 1215 2664 ἀρετήν.

277 2677 366 2712 Atque
390 2677 448 2704 [nec
455 2677 577 2704 dicemus
587 2684 643 2704 non
654 2685 705 2705 nos
716 2677 789 2712 ipsos
799 2677 1034 2705 commendantes.

243 2724 322 2750 Absit
337 2724 344 2751 ι
370 2730 448 2758 aeque
461 2723 534 2750 cnim
549 2731 601 2751 nos
614 2732 629 2750 a
645 2723 767 2752 moribus
788 2727 870 2759 atque
882 2724 916 2751 ab
937 2723 1032 2750 habitu

244 2769 392 2803 abfuimus,
419 2774 579 2805 tantumque
596 2770 684 2803 abest,
695 2775 725 2797 ut
739 2770 798 2798 haec
810 2770 844 2797 de
858 2771 964 2805 meipso
989 2770 1032 2797 di-

247 2824 317 2848 cam,
337 2821 367 2843 ut
391 2817 492 2848 verius,
505 2817 527 2844 si
542 2817 588 2852 qui
606 2825 656 2844 nos
670 2817 753 2844 velint
778 2817 834 2844 risu
853 2825 884 2844 ac
912 2816 1033 2844 dictcriis

246 2865 393 2896 incessere,
412 2863 517 2898 possint
536 2863 620 2899 magis
637 2871 668 2891 ex
687 2863 808 2894 moribus
827 2865 978 2892 sacerdotio
994 2864 1034 2892 di-

1120 2682 1175 2709 Καὶ
1192 2681 1278 2708 ταῦτά
1302 2689 1392 2716 φαμεν
1411 2681 1460 2716 οὺχ
1486 2680 1600 2712 ἑαυτοὺς
1625 2679 1881 2715 ἀποσεμνύνοντες,

1087 2728 1124 2763 μή
1139 2736 1165 2754 τι
1188 2727 1310 2761 γένηται.
1331 2726 1445 2762 Ἐπίσης
1458 2726 1512 2762 γὰρ
1530 2727 1610 2761 ἡμεῖς
1624 2726 1679 2757 τῶν
1697 2734 1728 2752 τε
1751 2725 1888 2760 τρόπων,

1086 2774 1133 2801 καὶ
1154 2773 1201 2800 τοῦ
1224 2774 1363 2809 σχήματος
1384 2772 1581 2807 ὰπελιπόμεθα,
1602 2772 1651 2799 καὶ
1670 2771 1799 2798 τοσοῦτον
1824 2770 1885 2797 δέω

1085 2819 1171 2846 ταῦτα
1195 2818 1284 2852 λέγειν
1307 2819 1372 2853 περὶ
1397 2817 1528 2852 ἐμαυτοῦ,
1542 2817 1611 2844 ὥστε
1627 2817 1674 2843 καὶ
1688 2815 1884 2852 εὐλογώτερον

1087 2863 1156 2896 εἷναί
1173 2873 1243 2903 φημι
1259 2865 1313 2896 τοῖς
1335 2864 1508 2900 βουλομένοις
1521 2863 1704 2891 ἐπισκώπτειν
1721 2862 1808 2897 ῆμᾶςυ
1823 2861 1892 2891 ἀπὸΔ
