1940 3087
85 117 128 150 609

649 108 919 142 EPISTOLARUM
935 112 972 142 LI
978 112 1052 143 BER
1069 114 1094 143 Ι.

1636 108 1689 144 610

84 172 130 198 τῶν
147 169 251 206 τρόπων
276 167 376 203 μᾶλλον
398 166 453 193 τῶν
478 166 529 201 τῆς
550 165 699 200 ἱερωσύνης
728 164 853 200 ἀξίων,ῆ

909 166 975 200 gnis,
997 173 1079 201 quam
1097 174 1130 193 ex
1153 166 1238 202 ﬁgura
1254 166 1282 194 in
1296 174 1345 194 nos
1362 167 1513 202 insurgere.
1527 163 1586 194 Non
1613 167 1692 203 igitur

84 216 129 244 ἀπό
139 225 166 251 γε
181 215 229 242 τοῦ
244 217 382 250 σχήματος
397 212 604 239 ἐπανίστασθαι.
622 212 678 246 Οὐχ
694 212 763 246 ὑπὲρ
775 211 853 246 ἡμῶν

83 262 123 290 οὖν
135 261 227 293 ταῦτα,
239 261 295 287 ἀλλ’
317 259 388 294 ὑπὲρ
404 256 443 286 ὢν
464 258 512 285 καὶ
532 257 650 292 πρόσθεν
662 257 767 292 ἔφημεν
782 257 853 292 γρά-

83 317 161 344 φεται.
174 307 305 342 Πατέρων
320 306 375 341 γὰρ
403 304 495 336 κακῶς
514 303 667 331 ἀκουόντων
693 303 798 331 δέδοικα
822 303 854 331 τὸ

83 354 116 389 μὴ
128 351 383 389 ὑπεραγωνίςεαθαι.
398 351 432 377 Τί
451 351 516 385 γὰρ,
547 350 627 386 σιγᾷν
647 349 744 385 παρὸν,
772 350 855 385 ὑπερ-

82 398 259 434 αγωνίζεσθαι,
274 397 321 424 καὶ
348 397 379 423 τὸ
393 397 440 431 τῆς
471 396 617 431 κωμῳδίας
633 395 803 431 ἀπάρχεσθαι
823 395 853 421 οὐ

82 443 144 471 κατὰ
154 443 219 470 πολὺ
234 443 264 469 τὸ
287 442 414 477 διάφορον
427 449 435 472 ;
449 442 480 468 τὸ
501 441 530 467 δὲ
548 440 716 476 πατραλοίας
742 440 854 475 ὑπέχειν

81 490 178 525 γραφὴν
193 489 240 516 καὶ
253 489 271 523 ἡ
293 487 374 522 φύσις
392 487 566 523 μυσάττεται.
583 486 688 513 Οὔκουν
707 486 852 521 Ταράσιος,

81 535 96 571 ἢ
118 534 266 569 Νικηφόρος
296 533 428 564 ὑπαίτιοι,
444 532 469 558 οἳ
489 532 534 559 τδν
550 532 605 567 βίον
623 532 671 559 τοῦ
695 532 790 568 θρόνου
807 532 855 558 καὶ

81 581 128 617 πρὸ
143 581 186 608 τοῦ
211 580 350 615 σχήματος
368 579 539 611 ἐπεδείξαντο
553 579 638 612 ἄξιον.
655 578 716 605 Οὐδ’
737 578 854 614 ’Δμόρό-

82 635 131 659 ato;
143 626 233 658 κακῶς
247 626 370 655 ἀκούσει.
389 625 437 652 καὶ
457 625 622 660 δυσωπήσει,
642 622 671 652 εὖ
683 623 732 652 οἷδ’
745 625 786 652 ὅτι
807 625 854 652 καὶ

81 673 192 700 Λατίνων
207 674 231 699 εἰ
248 673 328 708 μήτις
339 672 427 704 ἄλλος,
449 671 611 707 ’Λμϐρὸσιος
622 671 854 706 Λατινίδοςὺπὰρ-

80 727 129 754 χων
152 719 344 753 καλλώπισμα,
359 719 404 745 καὶ
429 718 550 745 Λατίνων
564 716 674 753 γλώσσῃ
701 716 787 743 πολλὰ
806 717 854 743 καὶ

79 764 216 799 ψυχωφελῆ
254 763 492 799 συγγραψάμενος.
520 763 588 789 Οὐδὲ
621 763 674 799 μὴν
702 763 854 798 Νεκτάριος

80 809 127 835 ὑπὸ
143 808 236 843 μῶμον
251 809 385 835 πεσεῖται.
405 807 516 834 Σύνοδον
530 807 584 842 γὰρ
597 806 675 841 ἔσχεν
696 807 853 841 οἰκουμενι-

904 220 954 247 pro
969 212 1048 240 nobis
1058 212 1128 245 lucc,
1145 213 1192 240 sed
1208 221 1258 248 pro
1274 213 1307 241 iis
1321 221 1389 249 quos
1403 217 1467 240 ante
1482 213 1612 243 diximus.
1623 214 1690 240 scri-

903 257 1016 285 buntur.
1029 257 1156 286 Patribus
1168 260 1240 286 enim
1254 260 1324 287 male
1338 259 1512 286 audientibus
1523 267 1573 294 pro
1588 259 1621 286 iis
1639 267 1692 286 non

903 303 1044 332 decertare
1069 309 1163 332 metuo
1180 312 1261 332 :nam
1282 309 1372 332 tacere
1383 311 1444 332 cum
1461 305 1623 332 defendendi
1645 313 1695 339 po-

904 352 986 376 tcstas
1001 349 1045 382 sit,
1057 354 1085 377 et
1099 350 1240 378 commdiis
1251 351 1386 378 incessere
1395 358 1450 378 non
1467 351 1582 378 multum
1596 350 1691 378 distat‘

903 401 918 421 a
930 395 1066 429 parricidii
1083 403 1149 422 vero
1162 396 1276 423 crimine
1291 396 1349 429 ipsa
1363 402 1472 430 quoque
1484 399 1579 422 natura
1594 395 1694 422 abhor-i

903 444 955 468 ret.
970 440 1030 468 Non
1048 441 1130 476 igitur
1141 441 1268 470 Tarasius
1284 446 1331 468 aut
1348 440 1517 476 Nicephorus
1530 441 1558 468 in
1586 441 1691 468 crimen

904 487 1068 520 adducendi,
1094 487 1139 522 qui
1163 488 1245 515 vitam
1262 488 1363 515 throno
1385 488 1466 515 etiam
1486 492 1550 515 ante
1572 487 1696 515 habitum

905 533 1079 567 prmbuerant
1092 533 1211 568 dignam.
1224 533 1318 568 Neque
1333 532 1495 561 Ambrosius
1506 533 1576 560 male
1590 533 1696 565 audiat,

904 579 1028 614 quinimo
1047 580 1151 607 Latinis
1166 581 1220 616 (sat
1241 581 1309 616 scio)
1325 581 1437 609 incutiet
1464 581 1617 616 pudorem;
1642 581 1696 608 nisi

904 625 973 653 forte
989 626 1059 653 alius
1073 627 1226 653 exoriretur
1240 625 1411 660 Ambrosius,
1432 626 1596 659 Latinitatis,
1612 627 1698 654 decus

904 672 1004 706 quique
1015 672 1109 700 Latino
1121 680 1246 700 sermone
1265 673 1358 706 multa,
1374 680 1459 708 eaque
1468 673 1609 700 utilissima
1632 673 1698 700 scrin

903 718 968 751 psit.
983 717 1040 745 Nec
1051 726 1116 746 vero
1126 718 1268 746 Nectarius
1279 719 1306 746 in
1321 720 1562 754 reprehensionem
1585 719 1697 752 incidet,

904 764 948 790 cui
965 765 1084 799 synodus
1110 765 1272 792 universalis
1287 765 1459 792 confirmavit
1476 765 1596 801 episcopi
1609 766 1694 801 digni-

905 813 987 836 tatem
1002 818 1009 842 ;
1027 810 1125 845 cuique
1142 811 1163 837 si
1178 811 1239 845 quis
1254 811 1408 838 obtrectare
1420 816 1545 844 conatur,
1559 819 1614 839 non
1622 820 1698 845 eum.

79 854 126 890 κήν
140 853 273 889 κυροῦσαν
286 853 361 889 αὐτῷ
376 855 425 888 τῆς
435 853 588 887 ἐπισκοπῆς
603 853 634 880 τὺ
651 853 769 888 ἀξίωμα,
785 853 814 879 ὃν
829 852 856 879 εἰ

909 855 950 883 sed
967 856 1099 891 synodum
1115 856 1206 891 potius
1219 857 1246 884 in
1262 857 1307 892 jus
1326 862 1415 885 vocat.
1431 858 1465 885 Et
1477 857 1589 892 quidem
1602 866 1698 885 eorum

54 903 62 937 ι
78 908 117 932 τις
136 899 289 935 ἑνδιασῦραι
307 899 473 935 πειράσοιτο,
488 899 538 925 οὐκ
560 898 652 930 αὑτὸν,
667 899 734 925 ἀλλὰ
754 899 802 934 τήν
824 907 855 933 γε

51 941 179 972 1σύνοδον
205 944 257 971 ὑπὸ
295 943 372 979 δίκην
398 942 497 978 μᾶλλον
534 944 616 973 ποιεῖ,
637 942 726 969 καίτοι
754 941 856 968 τούτων

53 1015 56 1018 ,
78 990 200 1025 ἑκάτερος
219 990 269 1016 οὐκ
292 990 324 1016 ὲκ
337 988 433 1015 λαῖκοῦ
458 988 539 1024 μόνον
560 989 607 1014 ὲπὶ
618 988 668 1023 τὴν
690 987 738 1022 τῆς
763 988 858 1022 ἀρχιε-

52 1046 60 1052 ·
79 1035 196 1071 ρωσύνης
216 1034 334 1070 προῆλθε
350 1033 501 1067 τελείωσιν,
521 1033 590 1060 ἀλλὰ
607 1034 658 1060 κάν
684 1034 739 1064 τοῖς
766 1033 858 1068 ἀμυή-

78 1090 130 1112 τοις
148 1080 334 1115 ἐξεταζόμενοι
354 1079 421 1115 ὸμοῦ
439 1087 468 1106 τε
495 1079 544 1114 τῆς
559 1079 662 1114 δωρεᾶς
683 1077 730 1104 τοῦ
761 1077 858 1112 βαπτί-

81 1134 179 1161 σματος
197 1146 206 1158 ,
234 1126 280 1151 καὶ
309 1124 357 1159 τῆς
387 1124 584 1159 ἀρχιερατικῆς
612 1123 768 1158 ἠξιώθησαν
784 1124 860 1158 χάρι-

77 1181 129 1204 τος.
142 1172 171 1198 Εἰ
186 1172 215 1197 δὲ
231 1171 333 1197 τούτων
357 1170 508 1205 οὐδέτερον,
528 1170 613 1201 οὐδεὶς
637 1169 670 1195 ἆν
688 1170 717 1196 ὲν
734 1168 860 1200 εὐθύναις

86 1217 237 1251 λογίζεσθαι
262 1215 358 1251 τολμᾷ,
381 1215 435 1241 οὐδ’
463 1216 487 1241 εἰ
503 1215 591 1241 πάντα
612 1214 714 1250 θρασὺς
730 1215 782 1250 εἴη,
799 1214 860 1240 οὐδὲ

77 1263 207 1299 Ταράτιον
229 1262 273 1289 τὸν
296 1262 429 1296 ἡμέτερον
442 1261 614 1295 πατρόθειον,
632 1261 662 1287 οῠ
678 1260 706 1286 δέ
723 1269 754 1294 γε
773 1261 860 1295 Νικη-

77 1311 157 1345 φόρον
169 1309 214 1336 τὺν
237 1308 342 1335 καὶτοῦ
359 1307 452 1342 γένους
475 1307 523 1334 καὶ¹
544 1307 591 1333 τοῦ
610 1306 716 1342 θρόνου,
729 1307 777 1333 καὶ
806 1306 860 1333 τῶν

77 1356 184 1391 τρόπων
197 1356 279 1389 ἀξίως
303 1354 437 1390 διάδοχον.
459 1354 511 1380 Ἐῶ
525 1354 553 1380 δὲ
569 1353 651 1380 τανῦν
673 1353 719 1380 τὸν
731 1353 777 1379 τοῦ
793 1353 857 1379 Θεο-

76 1402 154 1437 λόγου
180 1402 348 1438 Γρηγόριον,
366 1402 414 1428 καὶ
437 1400 483 1427 τὸν
506 1399 676 1435 Καισαρείας
699 1399 860 1430 Θαλάσσιον,

77 1449 123 1475 καὶ
136 1449 190 1474 τῶν
208 1447 309 1474 λοιπῶν
335 1447 486 1482 ἀρχιερέων
513 1446 558 1472 τὸν
573 1445 676 1477 θίασον,
689 1444 713 1471 οἳ
730 1445 801 1471 κατὰ
811 1445 860 1479 τὴν

904 906 1019 937 uterque
1033 911 1087 930 non
1104 910 1120 930 e
1132 903 1201 930 laico
1211 904 1299 931 solum
1310 904 1343 931 ad
1353 905 1525 939 episcopatus
1534 912 1697 940 progressus

906 951 948 974 est
963 948 1240 981 consummationem,
1259 948 1306 976 sed
1322 957 1383 977 cum
1399 949 1519 977 nondum
1541 954 1632 977 essent
1645 950 1698 976 inia

906 990 977 1023 tiati,
1002 991 1124 1018 simulet
1144 991 1315 1027 baptismatis
1338 1000 1437 1021 munus
1451 993 1493 1030 _ad
1513 994 1697 1030 pontificalem

907 1037 1020 1071 gratiam
1034 1041 1202 1065 meruerunt.
1219 1038 1295 1071 Quod
1321 1038 1344 1066 si
1368 1039 1464 1066 horum
1480 1045 1607 1067 neutrum
1622 1041 1698 1076 quis-

907 1088 988 1115 quam
1019 1082 1053 1109 ad
1075 1082 1243 1110 reddendam
1271 1084 1405 1111 rationem
1434 1093 1576 1113 accersere
1605 1086 1698 1118 audet,

907 1126 990 1154 etiam
1016 1127 1093 1154 valde
1107 1128 1257 1161 conﬁdens,
1273 1137 1328 1157 non
1345 1129 1487 1157 Tarasium
1515 1131 1626 1165 quidem
1648 1139 1698 1158 no-

909 1176 998 1200 strum
1008 1174 1233 1207 proavunculum,
1244 1182 1295 1202 nec
1302 1175 1484 1210 Nicephorum
1494 1175 1566 1203 illius
1577 1179 1605 1203 et
1615 1183 1699 1211 gene-

909 1218 947 1245 ris
957 1223 984 1246 et
1001 1219 1073 1246 sedis
1090 1224 1117 1247 et
1126 1227 1232 1247 morum
1251 1221 1362 1256 dignum
1376 1227 1573 1249 successorem.
1583 1223 1700 1250 Praeter-

908 1264 988 1291 mitto
1006 1264 1032 1291 in
1046 1272 1167 1300 przesens
1179 1270 1205 1293 et
1219 1266 1349 1301 Thcologi
1365 1271 1507 1301 parentem
1528 1267 1699 1302 Gregorium,

907 1312 935 1336 et
945 1308 1075 1337 Caesareae
1086 1310 1268 1344 Thalassium,
1278 1317 1305 1339 et
1313 1311 1472 1347 pontiﬁcum
1484 1312 1564 1339 vitam
1579 1313 1698 1348 reliquo-

908 1362 979 1386 rum,
992 1355 1037 1390 qui
1054 1356 1189 1383 consimili
1202 1357 1297 1384 ordine
1309 1362 1338 1384 ct
1349 1357 1402 1384 ritu
1414 1362 1543 1393 suscepto
1552 1359 1699 1393 praesulatu

909 1399 1105 1433 Ecclesiarum,
1119 1401 1194 1428 omni
1210 1401 1409 1437 vituperatione
1422 1406 1450 1430 et
1458 1402 1595 1430 calumnia
1604 1409 1700 1430 carue-

910 1449 987 1473 runt.

75 1495 171 1530 ὁμοὶαν
184 1495 261 1527 τάξιν
269 1503 298 1520 τε
318 1495 362 1520 καί
372 1492 529 1521 ἀκολουθίαν
543 1492 592 1523 τὰς
618 1489 671 1518 τῶν
692 1491 860 1526 Ἐκκλησιῶν
875 1492 1044 1527 προστασίας
1074 1492 1271 1528 ἀναδεξάμενοι
1298 1493 1398 1525 παντὸς
1422 1493 1506 1529 ψόγου
1519 1493 1566 1520 καὶ
1575 1493 1700 1529 διαϐολῆς

77 1544 185 1578 ἁπάσης
197 1542 336 1577 κρείττους
350 1540 482 1574 ἐγένοντο.

118 1587 198 1615 Ἀλλὰ
209 1587 294 1613 ταῦτα
309 1586 358 1621 μὲν
381 1585 451 1620 ὑπὲρ
467 1582 504 1611 ὢν
526 1583 664 1618 προσῆκον
681 1581 720 1618 ,ἦν
742 1583 857 1618 ῥηθῆναι

945 1583 1033 1618 Atque
1057 1583 1114 1610 haec
1134 1590 1183 1618 pro
1204 1583 1302 1618 quibus
1317 1583 1368 1611 dici
1388 1584 1567 1612 conveniebat
1594 1603 1603 1616 ,
1628 1584 1701 1612 dicta

76 1635 124 1661 καὶ
140 1634 256 1669 εἴρηται,
274 1630 447 1667 Ὑπὲρ-ἡμῶν
470 1630 498 1656 δὲ
515 1630 543 1656 ἓν
557 1630 674 1664 εἴρηται,
692 1629 739 1655 καὶ
754 1629 861 1664 εἰρήσε-

74 1687 132 1710 ται,
147 1678 183 1708 ὡς
197 1676 306 1707 ἄκοντες
323 1675 369 1702 καὶ
380 1674 558 1710 εἰσήχθημεν,
576 1674 622 1700 xui.
637 1675 718 1709 μέχρι
743 1673 790 1699 τοῦ
814 1673 861 1700 νῦν

74 1725 114 1756 ὡς
133 1723 310 1758 κατεχόμενοι
335 1721 517 1756 καθεζόμεθα.
542 1721 585 1747 Ἐν
601 1721 668 1746 πᾶσι
684 1720 711 1746 δὲ
729 1719 758 1745 τι
783 1719 861 1745 πειθ-

74 1772 151 1805 ήνιον
170 1771 204 1804 τῇ
221 1769 340 1802 πατρικῇ
361 1767 436 1802 ὑμῶν
451 1766 648 1797 ἐπιδεικνύντες
661 1766 764 1801 ἀγάπῃ1
779 1765 819 1790 ἔτι
833 1765 861 1791 δὲ

74 1816 171 1852 σαφῶς
178 1815 362 1851 παριστῶντες
373 1814 410 1848 μὴ
425 1814 588 1848 φιλονεικίας
597 1813 676 1849 χάριν
686 1814 719 1840 τὰ
733 1813 858 1847 ῥηθέντα,

73 1863 122 1897 τῆς
133 1861 221 1888 δὲτῶν
234 1859 376 1896 μακαρίων
389 1859 604 1894 Πατέρωνήμῶν
626 1859 776 1890 ὰοωώσεως
791 1860 862 1893 εἰρῆ-

73 1907 139 1934 σθαι
152 1906 297 1937 συνοὸικῶς
307 1905 498 1939 ὲκφωνηθῆναι
507 1904 750 1941 συνευδοκήσαμεν,
763 1906 863 1940 μηκέτι

71 1952 121 1979 τοῦ
131 1951 226 1978 λοιποῦ
246 1952 314 1987 πρὸς
327 1952 358 1978 τὸ
372 1951 421 1986 τῆς
435 1951 586 1986 ἐπισκοπῆς
601 1950 666 1985 ὕψος
688 1951 793 1986 ἀθρόως
815 1952 862 1978 ἁν-

72 1998 193 2031 άγεσθαι
214 1998 277 2029 τοὺς
297 1998 328 2024 ὲκ
348 1997 459 2029 λαῐκῶν,
474 1997 490 2032 ἢ
506 1997 629 2032 μοναχῶν
652 1997 862 2032 ψηφιζομένους,

71 2045 98 2070 εἰ
109 2044 149 2079 μὴ
158 2044 203 2070 διὰ
218 2044 271 2070 τῶν
285 2043 384 2078 ἑφεξῆς
402 2043 546 2079 ἱερατικῶν
562 2043 673 2078 βαθμῶν
680 2043 862 2071 διοδεύσωσιν.

79 2086 127 2113 Ἐν
135 2084 176 2118 οἷς
190 2087 243 2121 γὰρ
259 2087 406 2114 σκανδάλου
416 2087 493 2118 νόσος
502 2089 557 2119 τοῖς
570 2088 694 2122 ἀδελφοῖς
706 2088 861 2122 ἐπιφύεται,

912 1627 976 1655 sint.
993 1628 1029 1654 De
1042 1628 1122 1655 nobis
1138 1633 1230 1656 autem
1250 1636 1334 1656 unum
1350 1629 1453 1656 dictum
1468 1634 1520 1662 est,
1537 1637 1569 1657 ac
1583 1629 1700 1657 dicetur.

912 1673 992 1701 Inviti
1007 1674 1061 1701 huc
1075 1674 1184 1702 adducti
1200 1682 1294 1702 sumus
1307 1683 1314 1701 ι
1330 1683 1417 1709 usque
1433 1675 1521 1702 adhuc
1537 1675 1700 1707 retinentur,

911 1723 939 1746 et
952 1719 1088 1747 sedemus.
1109 1720 1330 1747 Demonstrantes
1342 1724 1432 1747 autem
1447 1728 1498 1747 nos
1512 1720 1700 1755 obtemperare

911 1769 1034 1799 paterna:
1059 1769 1157 1791 vestra:
1182 1764 1318 1796 charitati,
1341 1769 1487 1798 aperteque
1514 1763 1700 1791 ostendentes.

913 1817 968 1836 non
993 1809 1178 1837 contentionis
1192 1817 1272 1837 causa
1288 1809 1346 1837 lucc
1358 1809 1429 1837 dicta
1449 1817 1519 1841 esse,
1535 1809 1583 1837 sed
1610 1809 1702 1837 beato-

914 1863 974 1882 rum
990 1860 1146 1882 nostrorum
1161 1855 1270 1882 Patrum
1286 1855 1471 1890 purgationis:
1488 1855 1591 1882 assensi
1607 1863 1702 1882 sunms

914 1905 945 1928 ut
959 1901 1089 1936 synodice
1105 1901 1141 1937 (Ii)
1170 1901 1400 1936 promulgaretur,
1413 1909 1447 1928 ne
1464 1901 1576 1936 posthac
1588 1900 1622 1928 ad
1644 1900 1702 1936 epi-

916 1952 1045 1982 scopatus
1067 1948 1263 1975 sublimitatem
1278 1948 1421 1975 confestim
1436 1948 1641 1981 extollerentur,
1654 1957 1701 1980 qui

916 2002 931 2022 e
946 1995 1021 2022 laicis
1048 1995 1090 2022 vel
1110 1995 1251 2022 monachis
1275 1998 1445 2025 crearentur.
1461 1994 1514 2021 nisi
1537 2002 1586 2029 per
1609 2002 1703 2022 sacros

915 2040 1044 2074 deinceps
1071 2040 1170 2075 gradus
1185 2039 1374 2074 procederent.
1391 2038 1457 2066 Nam
1474 2039 1518 2066 ubi
1544 2039 1702 2067 oﬂ‘ensionis

915 2085 1027 2112 morbus
1051 2084 1177 2112 Patribus
1193 2085 1322 2117 exoritur,
1338 2085 1390 2111 nisi
1410 2084 1479 2111 forte
1497 2085 1629 2112 medicina
1652 2084 1700 2111 lm-

71 2133 109 2159 ἂν
123 2133 163 2167 μὴ
179 2133 249 2167 μέγα
266 2132 370 2168 βλάπτῃ
386 2133 416 2159 τὺ
431 2133 569 2166 ἰάσασθαι,
587 2134 648 2160 ἐπεὶ
664 2135 710 2160 καὶ
718 2135 800 2168 ἄφετε
815 2135 857 2160 αὑ-

915 2131 961 2158 dat
976 2131 1203 2166 (quandoquidem
1224 2131 1369 2158 nonnullos
1395 2130 1460 2157 vitio
1476 2138 1526 2158 suo
1540 2130 1639 2157 oﬂ‘endi
1652 2137 1700 2157 su-

71 2177 153 2208 τοὺς,
163 2176 340 2212 ἐδιδάχθημεν
350 2176 667 2209 σκανδαλίζεσθαι.”οταν
679 2178 748 2209 τινὲς
756 2177 864 2209 ἑκόντες

70 2222 115 2257 τῷ
144 2222 237 2257 φθόνῳ
258 2222 460 2256 τυφλώττωσιν,
485 2222 588 2257 ἒτοιμοι
615 2223 688 2250 λύειν
707 2224 787 2258 ἡμεῖς
815 2223 863 2250 τοῦ

71 2268 230 2295 σκανδάλου
247 2268 297 2303 τὴν
321 2268 470 2303 πρόφασιν,
491 2268 536 2294 καὶ
552 2268 654 2303 ῥᾴστην
680 2268 811 2304 παρέχειν
830 2270 863 2304 τῇ

70 2315 225 2349 ἀφαιρέσει
247 2314 293 2341 τοῦ
322 2314 563 2349 συνταράσσοντος.
580 2314 628 2349 τὴν
651 2314 799 2350 θεραπείαν
817 2315 863 2342 τοῦ

68 2358 309 2394 ἀρῤωστήματος.
321 2358 358 2385 Τὸ
376 2359 425 2393 μὲν
438 2356 484 2384 οὖν
501 2358 608 2385 ἐπὶτῶν
620 2361 864 2395 προγεγενημένων

67 2404 263 2439 ἀποδέχεσθαι
276 2405 325 2439 τὴν
341 2405 506 2441 συμϐουλὴν,
522 2406 569 2432 καὶ
583 2405 629 2432 τὸν
645 2404 708 2441 παρ’
733 2407 797 2440 ὑμῖν
816 2415 866 2433 κα-

67 2449 141 2476 νόνα
169 2451 280 2484 κρατεῖν
296 2450 396 2483 ἀξιοῦν.
415 2450 486 2477 κατὰ
516 2451 646 2486 Πατέρων
667 2449 701 2486 ἦν
714 2451 763 2486 τὴν
788 2452 865 2487 ὖὸριν

65 2497 254 2531 ἀναμετρείν,
271 2496 318 2522 καὶ
332 2497 394 2527 τοὺς
409 2496 490 2531 μηδὲν
505 2496 669 2531 ἠδικηκότας
685 2497 763 2531 δίκην
776 2497 861 2523 ἀπαι-

63 2543 131 2568 τεῖν
148 2550 157 2557 ·
170 2542 202 2568 τὸ
211 2541 233 2568 δ’
244 2542 283 2574 είς
304 2542 366 2573 τοὺς
384 2542 479 2569 ἔπειτα
496 2543 694 2578 γενησομένους
711 2544 861 2578 συγχωρεῖν

66 2587 120 2613 καὶ
159 2586 355 2622 παραπέμπειν
379 2587 468 2622 κρίσει
488 2587 601 2619 πολλῶν,
632 2586 694 2613 οὕτε
724 2587 861 2622 Πατράσιν

65 2632 158 2667 ὓϐριν
173 2633 294 2667 ἐμποιεῖ,
307 2631 370 2658 οὗτε
384 2633 479 2667 ποινὴν
498 2633 600 2665 ἄδικον,
613 2633 670 2659 ἀλλ’
682 2633 742 2659 οὐδὲ
759 2632 861 2668 ζημίαν

62 2677 177 2711 ἐπάγει
206 2678 273 2704 τισί.
289 2679 335 2704 Δεῖ
356 2678 410 2714 γὰρ
431 2678 466 2705 τὰ
492 2679 614 2711 τεθέντας
628 2678 784 2712 φυλάσσειν,
814 2679 861 2705 καὶ

61 2724 199 2762 πατράσι
210 2725 295 2752 τέκνα
308 2724 410 2751 δίκαιόν
425 2732 454 2751 τε
468 2724 514 2751 καὶ
532 2725 604 2752 ὅσιον
623 2724 792 2760 πειθαρχεῖν.

914 2185 974 2204 mus
987 2177 1086 2209 cdocti,
1099 2184 1160 2203 cum
1176 2181 1274 2211 sponte
1288 2180 1399 2210 propter
1413 2175 1542 2202 invidiam
1554 2175 1701 2202 czecutiuut

912 2223 998 2257 parati
1013 2230 1108 2250 sunms
1119 2223 1288 2249 occasionem
1303 2222 1397 2248 tollere
1409 2220 1567 2248 offensionis
1581 2225 1607 2247 et
1618 2227 1700 2248 scan-

912 2268 976 2301 dali,
992 2268 1200 2303 facillimamque
1213 2269 1344 2302 praebere,
1360 2267 1466 2294 sublato
1480 2274 1513 2294 eo
1521 2266 1592 2301 quod
1608 2267 1701 2294 turba-

913 2313 969 2346 bat,
982 2313 1150 2348 aegritudinis
1169 2321 1272 2340 curam.
1296 2313 1477 2345 Quamobrem
1491 2311 1524 2340 de
1536 2312 1617 2339 rebus
1631 2320 1679 2347 pra
1688 2327 1700 2332 -

913 2360 1003 2386 teritis
1017 2359 1163 2387 consilium
1183 2359 1317 2394 accipere,
1335 2363 1363 2385 et
1381 2357 1519 2392 postulare
1538 2361 1611 2384 utea
1639 2366 1700 2392 quae

914 2405 984 2440 apud
1002 2413 1051 2432 vos
1074 2409 1126 2438 est,
1144 2405 1236 2440 regula
1259 2408 1359 2437 teneat,
1379 2403 1506 2430 Patribus
1529 2407 1587 2430 erat
1602 2407 1702 2430 contu-

913 2452 1025 2478 meliam
1050 2451 1186 2484 admetiri,
1212 2454 1240 2478 et
1255 2451 1289 2477 ab
1304 2450 1337 2476 iis
1351 2449 1397 2484 qui
1422 2449 1489 2476 nihil
1510 2449 1700 2484 deliquissent,

915 2505 1010 2532 poenas
1021 2501 1156 2532 expetere.
1173 2497 1202 2523 in
1224 2501 1360 2531 posterum
1374 2503 1439 2522 vero
1454 2495 1480 2521 id
1497 2495 1657 2529 concedere,
1674 2501 1700 2523 et

915 2544 1072 2578 permittere
1086 2543 1231 2570 multorum
1243 2542 1345 2577 judicio
1360 2549 1411 2568 nec
1421 2541 1545 2569 Patribus
1559 2547 1701 2569 eontume-t

914 2589 978 2616 liam
1004 2589 1092 2621 aﬂ'ert,
1109 2596 1159 2617 nec
1177 2589 1301 2623 cuiquam
1327 2595 1434 2623 poenam
1453 2587 1593 2623 injustam,
1616 2596 1647 2615 ac
1666 2594 1702 2615 ne

914 2635 1042 2663 damnum
1053 2636 1161 2671 quidem
1170 2635 1280 2670 irrogat.
1304 2634 1369 2667 Quae
1381 2634 1453 2661 enim
1464 2634 1611 2662 constituta
1626 2641 1700 2665 sunt.

914 2681 1050 2708 custodire
1069 2684 1196 2716 oportet;
1217 2683 1244 2708 et
1256 2680 1378 2715 patribus
1395 2679 1464 2707 lilios
1489 2679 1534 2715 jus
1549 2679 1642 2715 fasQue
1660 2680 1702 2706 est

914 2725 1036 2753 obedire.

855 2784 971 2813 NOTE.

103 2830 151 2866 (4)
171 2830 238 2858 Cau.
253 2831 297 2865 Π,
311 2831 441 2867 repetitus
454 2832 482 2859 in
497 2837 592 2862 octava
605 2832 706 2868 Synodo
719 2832 849 2860 Photiuna
868 2833 981 2860 inferius
991 2832 1042 2861 sub
1052 2832 1132 2861 Joan.
1148 2840 1210 2869 pap.
1228 2837 1324 2862 octavo
1338 2834 1441 2862 habita.
