  <div class='ocr_page' id='page_1' title='image "/cluster/home/n/w/nwhite01/storage/ocr_20150623/102/njp.32101010943874/328.png"; bbox 0 0 1940 3087; ppageno 0'>
   <div class='ocr_carea' id='block_1_1' title="bbox 89 130 132 163">
    <p class='ocr_par' dir='ltr' id='par_1_1' title="bbox 89 130 132 163">
     <span class='ocr_line' id='line_1_1' title="bbox 89 130 132 163; baseline -0.023 0"><span class='ocrx_word' id='word_1_1' title='bbox 89 130 132 163; x_wconf 83' lang='grc'><strong>613</strong></span> 
     </span>
    </p>
   </div>
   <div class='ocr_carea' id='block_1_2' title="bbox 645 123 1098 157">
    <p class='ocr_par' dir='ltr' id='par_1_2' title="bbox 645 123 1098 157">
     <span class='ocr_line' id='line_1_2' title="bbox 645 123 1098 157; baseline -0.004 0"><span class='ocrx_word' id='word_1_2' title='bbox 645 124 920 157; x_wconf 83' lang='lat' dir='ltr'><strong>EPISTOLARUM</strong></span> <span class='ocrx_word' id='word_1_3' title='bbox 940 124 1056 155; x_wconf 84' lang='lat' dir='ltr'><strong>LIBER</strong></span> <span class='ocrx_word' id='word_1_4' title='bbox 1073 123 1098 155; x_wconf 86' lang='grc' dir='ltr'><strong>Ῑ.</strong></span> 
     </span>
    </p>
   </div>
   <div class='ocr_carea' id='block_1_3' title="bbox 1636 123 1689 156">
    <p class='ocr_par' dir='ltr' id='par_1_3' title="bbox 1636 123 1689 156">
     <span class='ocr_line' id='line_1_3' title="bbox 1636 123 1689 156; baseline 0 -1"><span class='ocrx_word' id='word_1_5' title='bbox 1636 123 1689 156; x_wconf 72' lang='grc'><strong>614</strong></span> 
     </span>
    </p>
   </div>
   <div class='ocr_carea' id='block_1_4' title="bbox 89 178 865 220">
    <p class='ocr_par' dir='ltr' id='par_1_4' title="bbox 89 181 848 220">
     <span class='ocr_line' id='line_1_4' title="bbox 89 181 848 220; baseline -0.007 -7"><span class='ocrx_word' id='word_1_6' title='bbox 89 186 126 214; x_wconf 82' lang='grc' dir='ltr'>τοῦ</span> <span class='ocrx_word' id='word_1_7' title='bbox 144 185 253 220; x_wconf 81' lang='grc' dir='ltr'><strong>θράσους</strong></span> <span class='ocrx_word' id='word_1_8' title='bbox 283 184 331 210; x_wconf 72' lang='grc' dir='ltr'>καὶ</span> <span class='ocrx_word' id='word_1_9' title='bbox 348 183 398 218; x_wconf 82' lang='grc' dir='ltr'>τῆς</span> <span class='ocrx_word' id='word_1_10' title='bbox 422 181 566 218; x_wconf 74' lang='grc' dir='ltr'><strong>παροινίας</strong></span> <span class='ocrx_word' id='word_1_11' title='bbox 582 183 615 217; x_wconf 82' lang='grc' dir='ltr'>τῇ</span> <span class='ocrx_word' id='word_1_12' title='bbox 631 183 757 217; x_wconf 86' lang='grc' dir='ltr'>συνοδικῇ</span> <span class='ocrx_word' id='word_1_13' title='bbox 784 190 848 208; x_wconf 82' lang='grc' dir='ltr'>κατ-</span> 
     </span>
    </p>
   </div>
   <div class='ocr_carea' id='block_1_5' title="bbox 916 178 1690 220">
    <p class='ocr_par' dir='ltr' id='par_1_5' title="bbox 916 178 1690 215">
     <span class='ocr_line' id='line_1_5' title="bbox 916 178 1690 215; baseline 0 -7"><span class='ocrx_word' id='word_1_14' title='bbox 916 189 929 208; x_wconf 86' lang='lat' dir='ltr'><strong>o</strong></span> <span class='ocrx_word' id='word_1_15' title='bbox 943 185 1062 215; x_wconf 71' lang='lat' dir='ltr'><strong>paternae</strong></span> <span class='ocrx_word' id='word_1_16' title='bbox 1079 184 1177 208; x_wconf 71' lang='lat' dir='ltr'><strong>vestrae</strong></span> <span class='ocrx_word' id='word_1_17' title='bbox 1192 179 1330 215; x_wconf 72' lang='lat' dir='ltr'><strong>religionis</strong></span> <span class='ocrx_word' id='word_1_18' title='bbox 1343 200 1351 212; x_wconf 96' lang='lat'><strong>,</strong></span> <span class='ocrx_word' id='word_1_19' title='bbox 1373 180 1507 207; x_wconf 76' lang='lat' dir='ltr'><strong>sententia</strong></span> <span class='ocrx_word' id='word_1_20' title='bbox 1523 178 1550 208; x_wconf 82' lang='lat' dir='ltr'><strong>in</strong></span> <span class='ocrx_word' id='word_1_21' title='bbox 1572 187 1620 208; x_wconf 91' lang='lat' dir='ltr'><strong>eos</strong></span> <span class='ocrx_word' id='word_1_22' title='bbox 1641 188 1690 208; x_wconf 88' lang='lat' dir='ltr'><strong>sua</strong></span> 
     </span>
    </p>
   </div>
   <div class='ocr_carea' id='block_1_6' title="bbox 89 227 853 266">
    <p class='ocr_par' dir='ltr' id='par_1_6' title="bbox 89 227 853 266">
     <span class='ocr_line' id='line_1_6' title="bbox 89 227 853 266; baseline -0.007 -8"><span class='ocrx_word' id='word_1_23' title='bbox 89 231 185 266; x_wconf 80' lang='grc' dir='ltr'>εσὸέσθη</span> <span class='ocrx_word' id='word_1_24' title='bbox 192 231 286 266; x_wconf 77' lang='grc' dir='ltr'>ψήφῳ,</span> <span class='ocrx_word' id='word_1_25' title='bbox 298 230 349 264; x_wconf 83' lang='grc' dir='ltr'>τῆς</span> <span class='ocrx_word' id='word_1_26' title='bbox 360 228 437 264; x_wconf 80' lang='grc' dir='ltr'>ὑμῶν</span> <span class='ocrx_word' id='word_1_27' title='bbox 448 228 585 263; x_wconf 77' lang='grc' dir='ltr'><strong>πατρικῆς</strong></span> <span class='ocrx_word' id='word_1_28' title='bbox 596 228 733 263; x_wconf 82' lang='grc' dir='ltr'><strong>ὁσιότητος</strong></span> <span class='ocrx_word' id='word_1_29' title='bbox 746 227 791 254; x_wconf 83' lang='grc' dir='ltr'><strong>διὰ</strong></span> <span class='ocrx_word' id='word_1_30' title='bbox 799 227 853 254; x_wconf 82' lang='grc' dir='ltr'>τῶν</span> 
     </span>
    </p>
   </div>
   <div class='ocr_carea' id='block_1_7' title="bbox 87 271 854 312">
    <p class='ocr_par' dir='ltr' id='par_1_7' title="bbox 87 271 854 312">
     <span class='ocr_line' id='line_1_7' title="bbox 87 271 854 312; baseline -0.007 -9"><span class='ocrx_word' id='word_1_31' title='bbox 87 276 240 312; x_wconf 71' lang='grc' dir='ltr'><strong>τιμιωτάτων</strong></span> <span class='ocrx_word' id='word_1_32' title='bbox 253 275 337 309; x_wconf 82' lang='grc' dir='ltr'>αὐτῆς</span> <span class='ocrx_word' id='word_1_33' title='bbox 349 273 543 309; x_wconf 84' lang='grc' dir='ltr'>τοποτηρητῶν</span> <span class='ocrx_word' id='word_1_34' title='bbox 555 274 604 308; x_wconf 84' lang='grc' dir='ltr'>τὴν</span> <span class='ocrx_word' id='word_1_35' title='bbox 618 272 678 299; x_wconf 83' lang='grc' dir='ltr'>κατ’</span> <span class='ocrx_word' id='word_1_36' title='bbox 693 272 782 299; x_wconf 84' lang='grc' dir='ltr'>αὐτῶν</span> <span class='ocrx_word' id='word_1_37' title='bbox 795 271 854 298; x_wconf 75' lang='grc' dir='ltr'>επι-</span> 
     </span>
    </p>
   </div>
   <div class='ocr_carea' id='block_1_8' title="bbox 87 317 854 356">
    <p class='ocr_par' dir='ltr' id='par_1_8' title="bbox 87 317 854 356">
     <span class='ocr_line' id='line_1_8' title="bbox 87 317 854 356; baseline -0.005 -8"><span class='ocrx_word' id='word_1_38' title='bbox 87 321 208 356; x_wconf 81' lang='grc' dir='ltr'>κυρούσης</span> <span class='ocrx_word' id='word_1_39' title='bbox 222 321 369 354; x_wconf 71' lang='grc' dir='ltr'>ἀπόφασιν,</span> <span class='ocrx_word' id='word_1_40' title='bbox 393 319 451 346; x_wconf 78' lang='grc' dir='ltr'>ἀλλ’</span> <span class='ocrx_word' id='word_1_41' title='bbox 475 317 522 346; x_wconf 81' lang='grc' dir='ltr'>οὖν</span> <span class='ocrx_word' id='word_1_42' title='bbox 538 320 553 345; x_wconf 90' lang='grc' dir='ltr'><strong>ό</strong></span> <span class='ocrx_word' id='word_1_43' title='bbox 570 319 674 350; x_wconf 82' lang='grc' dir='ltr'>καπνὸς</span> <span class='ocrx_word' id='word_1_44' title='bbox 689 319 729 345; x_wconf 79' lang='grc' dir='ltr'>ἔτι</span> <span class='ocrx_word' id='word_1_45' title='bbox 750 318 854 348; x_wconf 76' lang='grc' dir='ltr'>δάκνει.</span> 
     </span>
    </p>
   </div>
   <div class='ocr_carea' id='block_1_9' title="bbox 88 363 854 402">
    <p class='ocr_par' dir='ltr' id='par_1_9' title="bbox 88 363 854 402">
     <span class='ocr_line' id='line_1_9' title="bbox 88 363 854 402; baseline -0.005 -8"><span class='ocrx_word' id='word_1_46' title='bbox 88 368 129 394; x_wconf 76' lang='grc' dir='ltr'><strong>καὶ</strong></span> <span class='ocrx_word' id='word_1_47' title='bbox 154 367 213 402; x_wconf 84' lang='grc' dir='ltr'>ἀνιᾷ</span> <span class='ocrx_word' id='word_1_48' title='bbox 240 366 303 397; x_wconf 85' lang='grc' dir='ltr'>τοὺς</span> <span class='ocrx_word' id='word_1_49' title='bbox 331 366 489 391; x_wconf 77' lang='grc' dir='ltr'><strong>ἐπισκοπεῖν</strong></span> <span class='ocrx_word' id='word_1_50' title='bbox 515 364 642 400; x_wconf 80' lang='grc' dir='ltr'><strong>ἐμμελῶς</strong></span> <span class='ocrx_word' id='word_1_51' title='bbox 671 363 701 390; x_wconf 89' lang='grc' dir='ltr'><strong>τδ</strong></span> <span class='ocrx_word' id='word_1_52' title='bbox 730 363 854 398; x_wconf 84' lang='grc' dir='ltr'><strong>ποίμνιον</strong></span> 
     </span>
    </p>
   </div>
   <div class='ocr_carea' id='block_1_10' title="bbox 89 408 855 447">
    <p class='ocr_par' dir='ltr' id='par_1_10' title="bbox 89 408 855 447">
     <span class='ocr_line' id='line_1_10' title="bbox 89 408 855 447; baseline -0.005 -9"><span class='ocrx_word' id='word_1_53' title='bbox 89 410 314 447; x_wconf 79' lang='grc' dir='ltr'><strong>προαιρουμένους,</strong></span> <span class='ocrx_word' id='word_1_54' title='bbox 331 410 378 437; x_wconf 74' lang='grc' dir='ltr'>καὶ</span> <span class='ocrx_word' id='word_1_55' title='bbox 399 410 429 436; x_wconf 74' lang='grc' dir='ltr'>τὸ</span> <span class='ocrx_word' id='word_1_56' title='bbox 447 409 544 445; x_wconf 81' lang='grc' dir='ltr'>μικρὸν</span> <span class='ocrx_word' id='word_1_57' title='bbox 563 408 617 435; x_wconf 82' lang='grc' dir='ltr'>τῶν</span> <span class='ocrx_word' id='word_1_58' title='bbox 637 409 855 444; x_wconf 83' lang='grc' dir='ltr'>ποιμαινομένων</span> 
     </span>
    </p>
   </div>
   <div class='ocr_carea' id='block_1_11' title="bbox 88 453 855 493">
    <p class='ocr_par' dir='ltr' id='par_1_11' title="bbox 88 453 855 493">
     <span class='ocr_line' id='line_1_11' title="bbox 88 453 855 493; baseline -0.005 -9"><span class='ocrx_word' id='word_1_59' title='bbox 88 457 233 493; x_wconf 76' lang='grc' dir='ltr'>ἁμάρτημα,</span> <span class='ocrx_word' id='word_1_60' title='bbox 247 455 368 491; x_wconf 83' lang='grc' dir='ltr'><strong>μεγάλην</strong></span> <span class='ocrx_word' id='word_1_61' title='bbox 381 455 456 490; x_wconf 88' lang='grc' dir='ltr'>σφῶν</span> <span class='ocrx_word' id='word_1_62' title='bbox 468 453 657 490; x_wconf 78' lang='grc' dir='ltr'>λογιζομένους</span> <span class='ocrx_word' id='word_1_63' title='bbox 667 453 779 490; x_wconf 84' lang='grc' dir='ltr'>ζημίαν,</span> <span class='ocrx_word' id='word_1_64' title='bbox 790 455 855 486; x_wconf 76' lang='grc' dir='ltr'>ἴσως</span> 
     </span>
    </p>
   </div>
   <div class='ocr_carea' id='block_1_12' title="bbox 88 499 856 537">
    <p class='ocr_par' dir='ltr' id='par_1_12' title="bbox 88 499 856 537">
     <span class='ocr_line' id='line_1_12' title="bbox 88 499 856 537; baseline -0.005 -6"><span class='ocrx_word' id='word_1_65' title='bbox 88 505 112 531; x_wconf 80' lang='grc' dir='ltr'>δὲ</span> <span class='ocrx_word' id='word_1_66' title='bbox 122 505 170 535; x_wconf 80' lang='grc' dir='ltr'>τοῖς</span> <span class='ocrx_word' id='word_1_67' title='bbox 178 503 325 530; x_wconf 85' lang='grc' dir='ltr'>τυπωθεῖσι</span> <span class='ocrx_word' id='word_1_68' title='bbox 336 503 458 535; x_wconf 78' lang='grc' dir='ltr'>κανόσιν,</span> <span class='ocrx_word' id='word_1_69' title='bbox 469 499 510 534; x_wconf 76' lang='grc' dir='ltr'>οἷς</span> <span class='ocrx_word' id='word_1_70' title='bbox 523 501 668 537; x_wconf 83' lang='grc' dir='ltr'><strong>ὁλόκληρος</strong></span> <span class='ocrx_word' id='word_1_71' title='bbox 680 502 697 536; x_wconf 86' lang='grc' dir='ltr'>ὴ</span> <span class='ocrx_word' id='word_1_72' title='bbox 714 501 856 536; x_wconf 85' lang='grc' dir='ltr'>Ῥωμαίων</span> 
     </span>
    </p>
   </div>
   <div class='ocr_carea' id='block_1_13' title="bbox 89 547 855 586">
    <p class='ocr_par' dir='ltr' id='par_1_13' title="bbox 89 547 855 586">
     <span class='ocr_line' id='line_1_13' title="bbox 89 547 855 586; baseline -0.005 -8"><span class='ocrx_word' id='word_1_73' title='bbox 89 551 222 586; x_wconf 81' lang='grc' dir='ltr'>Ἐκκλησία</span> <span class='ocrx_word' id='word_1_74' title='bbox 228 550 433 585; x_wconf 82' lang='grc' dir='ltr'>συν-τετήρηται,</span> <span class='ocrx_word' id='word_1_75' title='bbox 442 550 635 584; x_wconf 87' lang='grc' dir='ltr'>σχισματικαῖς</span> <span class='ocrx_word' id='word_1_76' title='bbox 649 548 679 575; x_wconf 87' lang='grc' dir='ltr'>οὺ</span> <span class='ocrx_word' id='word_1_77' title='bbox 691 547 855 583; x_wconf 83' lang='grc' dir='ltr'>μεριζομένη</span> 
     </span>
    </p>
   </div>
   <div class='ocr_carea' id='block_1_14' title="bbox 90 593 857 633">
    <p class='ocr_par' dir='ltr' id='par_1_14' title="bbox 90 593 857 633">
     <span class='ocr_line' id='line_1_14' title="bbox 90 593 857 633; baseline -0.004 -10"><span class='ocrx_word' id='word_1_78' title='bbox 90 597 195 633; x_wconf 80' lang='grc' dir='ltr'>μανίαις,</span> <span class='ocrx_word' id='word_1_79' title='bbox 213 596 261 623; x_wconf 76' lang='grc' dir='ltr'>καὶ</span> <span class='ocrx_word' id='word_1_80' title='bbox 274 597 288 622; x_wconf 87' lang='grc' dir='ltr'><strong>ό</strong></span> <span class='ocrx_word' id='word_1_81' title='bbox 302 595 405 626; x_wconf 81' lang='grc' dir='ltr'>καπνὸς</span> <span class='ocrx_word' id='word_1_82' title='bbox 418 595 610 630; x_wconf 81' lang='grc' dir='ltr'>διασκεδασθῇ,</span> <span class='ocrx_word' id='word_1_83' title='bbox 627 595 673 621; x_wconf 78' lang='grc' dir='ltr'>καὶ</span> <span class='ocrx_word' id='word_1_84' title='bbox 688 594 718 621; x_wconf 74' lang='grc' dir='ltr'>τὸ</span> <span class='ocrx_word' id='word_1_85' title='bbox 739 593 857 629; x_wconf 78' lang='grc' dir='ltr'>ζοφῶδες</span> 
     </span>
    </p>
   </div>
   <div class='ocr_carea' id='block_1_15' title="bbox 88 639 858 677">
    <p class='ocr_par' dir='ltr' id='par_1_15' title="bbox 88 639 858 677">
     <span class='ocr_line' id='line_1_15' title="bbox 88 639 858 677; baseline -0.005 -8"><span class='ocrx_word' id='word_1_86' title='bbox 88 643 234 677; x_wconf 76' lang='grc' dir='ltr'>ἐκριπισθῇ,</span> <span class='ocrx_word' id='word_1_87' title='bbox 249 643 297 668; x_wconf 78' lang='grc' dir='ltr'><strong>καὶ</strong></span> <span class='ocrx_word' id='word_1_88' title='bbox 310 641 375 676; x_wconf 85' lang='grc' dir='ltr'>ἡμῖν</span> <span class='ocrx_word' id='word_1_89' title='bbox 389 642 437 675; x_wconf 78' lang='grc' dir='ltr'>τῆς</span> <span class='ocrx_word' id='word_1_90' title='bbox 452 640 569 676; x_wconf 82' lang='grc' dir='ltr'>ἀθυμίας</span> <span class='ocrx_word' id='word_1_91' title='bbox 582 639 705 675; x_wconf 75' lang='grc' dir='ltr'>ἀναψυχὴ</span> <span class='ocrx_word' id='word_1_92' title='bbox 727 640 858 675; x_wconf 88' lang='grc' dir='ltr'>πορισθή-</span> 
     </span>
    </p>
   </div>
   <div class='ocr_carea' id='block_1_16' title="bbox 89 684 859 722">
    <p class='ocr_par' dir='ltr' id='par_1_16' title="bbox 89 684 859 722">
     <span class='ocr_line' id='line_1_16' title="bbox 89 684 859 722; baseline -0.005 -7"><span class='ocrx_word' id='word_1_93' title='bbox 89 697 164 715; x_wconf 81' lang='grc' dir='ltr'><strong>σεται.</strong></span> <span class='ocrx_word' id='word_1_94' title='bbox 181 688 218 714; x_wconf 83' lang='grc' dir='ltr'>υὺ</span> <span class='ocrx_word' id='word_1_95' title='bbox 233 687 287 722; x_wconf 87' lang='grc' dir='ltr'><strong>γὰρ</strong></span> <span class='ocrx_word' id='word_1_96' title='bbox 304 687 384 722; x_wconf 83' lang='grc' dir='ltr'>μόνος</span> <span class='ocrx_word' id='word_1_97' title='bbox 403 688 418 713; x_wconf 94' lang='grc' dir='ltr'><strong>ό</strong></span> <span class='ocrx_word' id='word_1_98' title='bbox 435 686 600 722; x_wconf 74' lang='grc' dir='ltr'>προρῤηθεὶς</span> <span class='ocrx_word' id='word_1_99' title='bbox 617 685 706 712; x_wconf 85' lang='grc' dir='ltr'>κανὼν</span> <span class='ocrx_word' id='word_1_100' title='bbox 721 686 792 712; x_wconf 80' lang='grc' dir='ltr'>κατὰ</span> <span class='ocrx_word' id='word_1_101' title='bbox 810 684 859 720; x_wconf 86' lang='grc' dir='ltr'>τὴν</span> 
     </span>
    </p>
   </div>
   <div class='ocr_carea' id='block_1_17' title="bbox 88 731 859 770">
    <p class='ocr_par' dir='ltr' id='par_1_17' title="bbox 88 731 859 770">
     <span class='ocr_line' id='line_1_17' title="bbox 88 731 859 770; baseline -0.004 -9"><span class='ocrx_word' id='word_1_102' title='bbox 88 735 211 770; x_wconf 79' lang='grc' dir='ltr'>ὑμετέραν</span> <span class='ocrx_word' id='word_1_103' title='bbox 227 733 387 769; x_wconf 85' lang='grc' dir='ltr'>παραίνεσιν</span> <span class='ocrx_word' id='word_1_104' title='bbox 404 732 586 768; x_wconf 81' lang='grc' dir='ltr'>φυλάττεσθαι</span> <span class='ocrx_word' id='word_1_105' title='bbox 596 732 778 764; x_wconf 67' lang='grc' dir='ltr'><strong>δεδικαίωται,</strong></span> <span class='ocrx_word' id='word_1_106' title='bbox 792 731 859 758; x_wconf 82' lang='grc' dir='ltr'><strong>ἀλλά</strong></span> 
     </span>
    </p>
   </div>
   <div class='ocr_carea' id='block_1_18' title="bbox 87 778 860 815">
    <p class='ocr_par' dir='ltr' id='par_1_18' title="bbox 87 778 860 815">
     <span class='ocr_line' id='line_1_18' title="bbox 87 778 860 815; baseline -0.005 -8"><span class='ocrx_word' id='word_1_107' title='bbox 87 790 116 815; x_wconf 87' lang='grc' dir='ltr'><strong>γε</strong></span> <span class='ocrx_word' id='word_1_108' title='bbox 137 781 166 815; x_wconf 82' lang='grc' dir='ltr'>δὴ</span> <span class='ocrx_word' id='word_1_109' title='bbox 187 779 420 807; x_wconf 84' lang='grc' dir='ltr'>συνευδοκούντων</span> <span class='ocrx_word' id='word_1_110' title='bbox 437 779 565 806; x_wconf 81' lang='grc' dir='ltr'>ἁπάντων</span> <span class='ocrx_word' id='word_1_111' title='bbox 584 779 632 805; x_wconf 68' lang='grc' dir='ltr'>καὶ</span> <span class='ocrx_word' id='word_1_112' title='bbox 656 778 745 813; x_wconf 74' lang='grc' dir='ltr'>ἕτεροι</span> <span class='ocrx_word' id='word_1_113' title='bbox 772 785 860 812; x_wconf 87' lang='grc' dir='ltr'>παρα-</span> 
     </span>
    </p>
   </div>
   <div class='ocr_carea' id='block_1_19' title="bbox 87 822 860 861">
    <p class='ocr_par' dir='ltr' id='par_1_19' title="bbox 87 822 860 861">
     <span class='ocr_line' id='line_1_19' title="bbox 87 822 860 861; baseline -0.008 -7"><span class='ocrx_word' id='word_1_114' title='bbox 87 827 206 859; x_wconf 79' lang='grc' dir='ltr'>δέδονται,</span> <span class='ocrx_word' id='word_1_115' title='bbox 221 822 258 853; x_wconf 82' lang='grc' dir='ltr'><strong>ὧν</strong></span> <span class='ocrx_word' id='word_1_116' title='bbox 272 826 303 852; x_wconf 82' lang='grc' dir='ltr'>τὸ</span> <span class='ocrx_word' id='word_1_117' title='bbox 314 826 413 861; x_wconf 80' lang='grc' dir='ltr'>κράτος</span> <span class='ocrx_word' id='word_1_118' title='bbox 425 825 473 852; x_wconf 80' lang='grc' dir='ltr'>καὶ</span> <span class='ocrx_word' id='word_1_119' title='bbox 484 825 585 860; x_wconf 88' lang='grc' dir='ltr'>πολλὴν</span> <span class='ocrx_word' id='word_1_120' title='bbox 597 825 630 860; x_wconf 83' lang='grc' dir='ltr'><strong>τῇ</strong></span> <span class='ocrx_word' id='word_1_121' title='bbox 651 822 797 859; x_wconf 73' lang='grc' dir='ltr'>Ἐκκλησία</span> <span class='ocrx_word' id='word_1_122' title='bbox 811 822 860 858; x_wconf 84' lang='grc' dir='ltr'>τὴν</span> 
     </span>
    </p>
   </div>
   <div class='ocr_carea' id='block_1_20' title="bbox 904 226 1691 262">
    <p class='ocr_par' dir='ltr' id='par_1_20' title="bbox 904 226 1691 262">
     <span class='ocr_line' id='line_1_20' title="bbox 904 226 1691 262; baseline -0.001 -7"><span class='ocrx_word' id='word_1_123' title='bbox 904 235 954 262; x_wconf 90' lang='lat' dir='ltr'><strong>per</strong></span> <span class='ocrx_word' id='word_1_124' title='bbox 969 227 1140 255; x_wconf 76' lang='lat' dir='ltr'><strong>venerabiles</strong></span> <span class='ocrx_word' id='word_1_125' title='bbox 1155 227 1271 254; x_wconf 81' lang='lat' dir='ltr'><strong>vicarios</strong></span> <span class='ocrx_word' id='word_1_126' title='bbox 1290 233 1354 253; x_wconf 91' lang='lat' dir='ltr'><strong>suos</strong></span> <span class='ocrx_word' id='word_1_127' title='bbox 1369 226 1526 261; x_wconf 86' lang='lat' dir='ltr'><strong>opitulantis</strong></span> <span class='ocrx_word' id='word_1_128' title='bbox 1540 236 1546 254; x_wconf 89' lang='lat'><strong><em>:</em></strong></span> <span class='ocrx_word' id='word_1_129' title='bbox 1570 232 1691 254; x_wconf 78' lang='lat' dir='ltr'><strong>attamen</strong></span> 
     </span>
    </p>
   </div>
   <div class='ocr_carea' id='block_1_21' title="bbox 904 272 1691 308">
    <p class='ocr_par' dir='ltr' id='par_1_21' title="bbox 904 272 1691 308">
     <span class='ocr_line' id='line_1_21' title="bbox 904 272 1691 308; baseline 0.001 -9"><span class='ocrx_word' id='word_1_130' title='bbox 904 273 995 301; x_wconf 81' lang='lat' dir='ltr'><strong>fumus</strong></span> <span class='ocrx_word' id='word_1_131' title='bbox 1006 281 1053 300; x_wconf 91' lang='lat' dir='ltr'><strong>eos</strong></span> <span class='ocrx_word' id='word_1_132' title='bbox 1065 273 1155 300; x_wconf 87' lang='lat' dir='ltr'><strong>adhuc</strong></span> <span class='ocrx_word' id='word_1_133' title='bbox 1170 272 1275 300; x_wconf 86' lang='lat' dir='ltr'><strong>mordet</strong></span> <span class='ocrx_word' id='word_1_134' title='bbox 1295 277 1324 299; x_wconf 91' lang='lat' dir='ltr'><strong>et</strong></span> <span class='ocrx_word' id='word_1_135' title='bbox 1340 273 1424 307; x_wconf 80' lang='lat' dir='ltr'><strong>angit,</strong></span> <span class='ocrx_word' id='word_1_136' title='bbox 1438 272 1483 307; x_wconf 91' lang='lat' dir='ltr'><strong>qui</strong></span> <span class='ocrx_word' id='word_1_137' title='bbox 1496 273 1568 308; x_wconf 75' lang='lat' dir='ltr'><strong>gregi</strong></span> <span class='ocrx_word' id='word_1_138' title='bbox 1582 281 1691 300; x_wconf 83' lang='lat' dir='ltr'><strong>accom-</strong></span> 
     </span>
    </p>
   </div>
   <div class='ocr_carea' id='block_1_22' title="bbox 904 318 1692 354">
    <p class='ocr_par' dir='ltr' id='par_1_22' title="bbox 904 318 1692 354">
     <span class='ocr_line' id='line_1_22' title="bbox 904 318 1692 354; baseline -0.003 -8"><span class='ocrx_word' id='word_1_139' title='bbox 904 320 1013 347; x_wconf 87' lang='lat' dir='ltr'><strong>modate</strong></span> <span class='ocrx_word' id='word_1_140' title='bbox 1028 326 1145 354; x_wconf 81' lang='lat' dir='ltr'><strong>praeesse</strong></span> <span class='ocrx_word' id='word_1_141' title='bbox 1159 319 1263 349; x_wconf 86' lang='lat' dir='ltr'><strong>volunt.</strong></span> <span class='ocrx_word' id='word_1_142' title='bbox 1274 326 1305 346; x_wconf 87' lang='lat' dir='ltr'><strong>ac</strong></span> <span class='ocrx_word' id='word_1_143' title='bbox 1316 318 1443 353; x_wconf 77' lang='lat' dir='ltr'><strong>exiguum</strong></span> <span class='ocrx_word' id='word_1_144' title='bbox 1455 325 1558 350; x_wconf 82' lang='lat' dir='ltr'><strong>eorum,</strong></span> <span class='ocrx_word' id='word_1_145' title='bbox 1574 319 1619 353; x_wconf 91' lang='lat' dir='ltr'><strong>qui</strong></span> <span class='ocrx_word' id='word_1_146' title='bbox 1643 326 1692 353; x_wconf 93' lang='lat' dir='ltr'><strong>pa-</strong></span> 
     </span>
    </p>
   </div>
   <div class='ocr_carea' id='block_1_23' title="bbox 906 363 1693 400">
    <p class='ocr_par' dir='ltr' id='par_1_23' title="bbox 906 363 1693 400">
     <span class='ocr_line' id='line_1_23' title="bbox 906 363 1693 400; baseline -0.004 -8"><span class='ocrx_word' id='word_1_147' title='bbox 906 369 1032 398; x_wconf 88' lang='lat' dir='ltr'><strong>scuntur,</strong></span> <span class='ocrx_word' id='word_1_148' title='bbox 1051 369 1204 400; x_wconf 79' lang='lat' dir='ltr'><strong>peccatum,</strong></span> <span class='ocrx_word' id='word_1_149' title='bbox 1225 371 1352 400; x_wconf 78' lang='lat' dir='ltr'><strong>magnum</strong></span> <span class='ocrx_word' id='word_1_150' title='bbox 1375 371 1453 390; x_wconf 90' lang='lat' dir='ltr'><strong>suum</strong></span> <span class='ocrx_word' id='word_1_151' title='bbox 1480 363 1609 390; x_wconf 90' lang='lat' dir='ltr'><strong>damnum</strong></span> <span class='ocrx_word' id='word_1_152' title='bbox 1632 371 1693 390; x_wconf 84' lang='lat' dir='ltr'><strong>esse</strong></span> 
     </span>
    </p>
   </div>
   <div class='ocr_carea' id='block_1_24' title="bbox 905 409 1693 443">
    <p class='ocr_par' dir='ltr' id='par_1_24' title="bbox 905 409 1693 443">
     <span class='ocr_line' id='line_1_24' title="bbox 905 409 1693 443; baseline -0.004 -5"><span class='ocrx_word' id='word_1_153' title='bbox 905 411 1020 439; x_wconf 88' lang='lat' dir='ltr'><strong>ducunt.</strong></span> <span class='ocrx_word' id='word_1_154' title='bbox 1036 411 1075 438; x_wconf 85' lang='lat' dir='ltr'><strong>Ac</strong></span> <span class='ocrx_word' id='word_1_155' title='bbox 1092 410 1207 438; x_wconf 81' lang='lat' dir='ltr'><strong>fortasse</strong></span> <span class='ocrx_word' id='word_1_156' title='bbox 1223 410 1266 437; x_wconf 86' lang='lat' dir='ltr'><strong>his</strong></span> <span class='ocrx_word' id='word_1_157' title='bbox 1280 409 1431 437; x_wconf 85' lang='lat' dir='ltr'><strong>canonibus</strong></span> <span class='ocrx_word' id='word_1_158' title='bbox 1445 409 1613 440; x_wconf 80' lang='lat' dir='ltr'><strong>constitutis.</strong></span> <span class='ocrx_word' id='word_1_159' title='bbox 1630 409 1693 443; x_wconf 93' lang='lat' dir='ltr'><strong>qui-</strong></span> 
     </span>
    </p>
   </div>
   <div class='ocr_carea' id='block_1_25' title="bbox 906 457 1693 492">
    <p class='ocr_par' dir='ltr' id='par_1_25' title="bbox 906 457 1693 492">
     <span class='ocr_line' id='line_1_25' title="bbox 906 457 1693 492; baseline -0.004 -7"><span class='ocrx_word' id='word_1_160' title='bbox 906 457 957 485; x_wconf 85' lang='lat' dir='ltr'><strong>bus</strong></span> <span class='ocrx_word' id='word_1_161' title='bbox 977 457 1081 492; x_wconf 81' lang='lat' dir='ltr'><strong>integra</strong></span> <span class='ocrx_word' id='word_1_162' title='bbox 1105 457 1290 484; x_wconf 81' lang='lat' dir='ltr'><strong>Romanorum</strong></span> <span class='ocrx_word' id='word_1_163' title='bbox 1308 457 1430 484; x_wconf 85' lang='lat' dir='ltr'><strong>Ecclesia</strong></span> <span class='ocrx_word' id='word_1_164' title='bbox 1453 460 1613 484; x_wconf 88' lang='lat' dir='ltr'><strong>conservata</strong></span> <span class='ocrx_word' id='word_1_165' title='bbox 1637 459 1693 487; x_wconf 84' lang='lat' dir='ltr'><strong>est,</strong></span> 
     </span>
    </p>
   </div>
   <div class='ocr_carea' id='block_1_26' title="bbox 892 502 1697 538">
    <p class='ocr_par' dir='ltr' id='par_1_26' title="bbox 892 502 1697 538">
     <span class='ocr_line' id='line_1_26' title="bbox 892 502 1697 538; baseline -0.001 -8"><span class='ocrx_word' id='word_1_166' title='bbox 892 514 895 518; x_wconf 76' lang='lat'><strong>~</strong></span> <span class='ocrx_word' id='word_1_167' title='bbox 907 503 1012 530; x_wconf 84' lang='lat' dir='ltr'><strong>insanis</strong></span> <span class='ocrx_word' id='word_1_168' title='bbox 1028 503 1222 531; x_wconf 88' lang='lat' dir='ltr'><strong>schismatibus</strong></span> <span class='ocrx_word' id='word_1_169' title='bbox 1235 511 1290 530; x_wconf 89' lang='lat' dir='ltr'><strong>non</strong></span> <span class='ocrx_word' id='word_1_170' title='bbox 1303 503 1401 536; x_wconf 83' lang='lat' dir='ltr'><strong>divisa,</strong></span> <span class='ocrx_word' id='word_1_171' title='bbox 1417 503 1593 538; x_wconf 85' lang='lat' dir='ltr'><strong>dissipabitur</strong></span> <span class='ocrx_word' id='word_1_172' title='bbox 1605 502 1697 530; x_wconf 80' lang='lat' dir='ltr'><strong>fumus</strong></span> 
     </span>
    </p>
   </div>
   <div class='ocr_carea' id='block_1_27' title="bbox 907 549 1697 586">
    <p class='ocr_par' dir='ltr' id='par_1_27' title="bbox 907 549 1697 586">
     <span class='ocr_line' id='line_1_27' title="bbox 907 549 1697 586; baseline -0.001 -9"><span class='ocrx_word' id='word_1_173' title='bbox 907 554 934 577; x_wconf 91' lang='lat' dir='ltr'><strong>et</strong></span> <span class='ocrx_word' id='word_1_174' title='bbox 949 550 1036 586; x_wconf 78' lang='lat' dir='ltr'><strong>caligo</strong></span> <span class='ocrx_word' id='word_1_175' title='bbox 1047 551 1222 583; x_wconf 82' lang='lat' dir='ltr'><strong>discutietur,</strong></span> <span class='ocrx_word' id='word_1_176' title='bbox 1246 557 1278 577; x_wconf 90' lang='lat' dir='ltr'><strong>ac</strong></span> <span class='ocrx_word' id='word_1_177' title='bbox 1294 550 1375 578; x_wconf 90' lang='lat' dir='ltr'><strong>nobis</strong></span> <span class='ocrx_word' id='word_1_178' title='bbox 1393 550 1518 578; x_wconf 75' lang='lat' dir='ltr'><strong>maeroris</strong></span> <span class='ocrx_word' id='word_1_179' title='bbox 1533 549 1697 584; x_wconf 64' lang='lat' dir='ltr'><strong>praebebitur</strong></span> 
     </span>
    </p>
   </div>
   <div class='ocr_carea' id='block_1_28' title="bbox 907 596 1698 632">
    <p class='ocr_par' dir='ltr' id='par_1_28' title="bbox 907 596 1698 632">
     <span class='ocr_line' id='line_1_28' title="bbox 907 596 1698 632; baseline 0 -9"><span class='ocrx_word' id='word_1_180' title='bbox 907 597 1070 624; x_wconf 86' lang='lat' dir='ltr'><strong>consolatio.</strong></span> <span class='ocrx_word' id='word_1_181' title='bbox 1085 597 1144 624; x_wconf 88' lang='lat' dir='ltr'><strong>Non</strong></span> <span class='ocrx_word' id='word_1_182' title='bbox 1161 596 1235 624; x_wconf 89' lang='lat' dir='ltr'><strong>enim</strong></span> <span class='ocrx_word' id='word_1_183' title='bbox 1248 601 1353 624; x_wconf 85' lang='lat' dir='ltr'><strong>tantum</strong></span> <span class='ocrx_word' id='word_1_184' title='bbox 1375 604 1462 624; x_wconf 86' lang='lat' dir='ltr'><strong>canon</strong></span> <span class='ocrx_word' id='word_1_185' title='bbox 1482 596 1698 632; x_wconf 72' lang='lat' dir='ltr'><strong>przel&#39;atusjuxta</strong></span> 
     </span>
    </p>
   </div>
   <div class='ocr_carea' id='block_1_29' title="bbox 908 642 1699 677">
    <p class='ocr_par' dir='ltr' id='par_1_29' title="bbox 908 642 1699 677">
     <span class='ocr_line' id='line_1_29' title="bbox 908 642 1699 677; baseline 0 -8"><span class='ocrx_word' id='word_1_186' title='bbox 908 642 1127 670; x_wconf 81' lang='lat' dir='ltr'><strong>exhortationem</strong></span> <span class='ocrx_word' id='word_1_187' title='bbox 1148 647 1266 670; x_wconf 83' lang='lat' dir='ltr'><strong>vestram</strong></span> <span class='ocrx_word' id='word_1_188' title='bbox 1283 642 1411 670; x_wconf 84' lang='lat' dir='ltr'><strong>custodiri</strong></span> <span class='ocrx_word' id='word_1_189' title='bbox 1424 642 1517 677; x_wconf 85' lang='lat' dir='ltr'><strong>jussus</strong></span> <span class='ocrx_word' id='word_1_190' title='bbox 1535 646 1593 675; x_wconf 87' lang='lat' dir='ltr'><strong>est;</strong></span> <span class='ocrx_word' id='word_1_191' title='bbox 1610 642 1657 669; x_wconf 87' lang='lat' dir='ltr'><strong>sed</strong></span> <span class='ocrx_word' id='word_1_192' title='bbox 1672 646 1699 669; x_wconf 84' lang='lat' dir='ltr'><strong>et</strong></span> 
     </span>
    </p>
   </div>
   <div class='ocr_carea' id='block_1_30' title="bbox 909 689 1696 722">
    <p class='ocr_par' dir='ltr' id='par_1_30' title="bbox 909 689 1696 722">
     <span class='ocr_line' id='line_1_30' title="bbox 909 689 1696 722; baseline 0 -6"><span class='ocrx_word' id='word_1_193' title='bbox 909 689 964 721; x_wconf 89' lang='lat' dir='ltr'><strong>alii,</strong></span> <span class='ocrx_word' id='word_1_194' title='bbox 982 690 1079 716; x_wconf 83' lang='lat' dir='ltr'><strong>vestris</strong></span> <span class='ocrx_word' id='word_1_195' title='bbox 1107 689 1215 716; x_wconf 87' lang='lat' dir='ltr'><strong>vieariis</strong></span> <span class='ocrx_word' id='word_1_196' title='bbox 1242 689 1465 722; x_wconf 82' lang='lat' dir='ltr'><strong>assentientibus,</strong></span> <span class='ocrx_word' id='word_1_197' title='bbox 1495 694 1560 716; x_wconf 90' lang='lat' dir='ltr'><strong>sunt</strong></span> <span class='ocrx_word' id='word_1_198' title='bbox 1583 689 1696 717; x_wconf 86' lang='lat' dir='ltr'><strong>traditi:</strong></span> 
     </span>
    </p>
   </div>
   <div class='ocr_carea' id='block_1_31' title="bbox 909 734 1698 770">
    <p class='ocr_par' dir='ltr' id='par_1_31' title="bbox 909 734 1698 770">
     <span class='ocr_line' id='line_1_31' title="bbox 909 734 1698 770; baseline 0.001 -9"><span class='ocrx_word' id='word_1_199' title='bbox 909 743 1026 770; x_wconf 88' lang='lat' dir='ltr'><strong>quorum</strong></span> <span class='ocrx_word' id='word_1_200' title='bbox 1053 735 1093 763; x_wconf 73' lang='lat' dir='ltr'><strong>vis</strong></span> <span class='ocrx_word' id='word_1_201' title='bbox 1107 739 1135 762; x_wconf 88' lang='lat' dir='ltr'><strong>et</strong></span> <span class='ocrx_word' id='word_1_202' title='bbox 1155 735 1248 767; x_wconf 87' lang='lat' dir='ltr'><strong>robur,</strong></span> <span class='ocrx_word' id='word_1_203' title='bbox 1274 739 1301 762; x_wconf 91' lang='lat' dir='ltr'><strong>et</strong></span> <span class='ocrx_word' id='word_1_204' title='bbox 1319 734 1429 762; x_wconf 89' lang='lat' dir='ltr'><strong>multam</strong></span> <span class='ocrx_word' id='word_1_205' title='bbox 1454 734 1582 762; x_wconf 62' lang='lat' dir='ltr'><strong>Ecclesiae</strong></span> <span class='ocrx_word' id='word_1_206' title='bbox 1604 742 1698 769; x_wconf 88' lang='lat' dir='ltr'><strong>pacem</strong></span> 
     </span>
    </p>
   </div>
   <div class='ocr_carea' id='block_1_32' title="bbox 910 780 1699 816">
    <p class='ocr_par' dir='ltr' id='par_1_32' title="bbox 910 780 1699 816">
     <span class='ocr_line' id='line_1_32' title="bbox 910 780 1699 816; baseline -0.001 -7"><span class='ocrx_word' id='word_1_207' title='bbox 910 781 1018 814; x_wconf 72' lang='lat' dir='ltr'><strong>afferet,</strong></span> <span class='ocrx_word' id='word_1_208' title='bbox 1036 785 1064 808; x_wconf 87' lang='lat' dir='ltr'><strong>et</strong></span> <span class='ocrx_word' id='word_1_209' title='bbox 1086 781 1207 808; x_wconf 89' lang='lat' dir='ltr'><strong>debitum</strong></span> <span class='ocrx_word' id='word_1_210' title='bbox 1223 781 1354 808; x_wconf 84' lang='lat' dir='ltr'><strong>honorem</strong></span> <span class='ocrx_word' id='word_1_211' title='bbox 1370 780 1536 816; x_wconf 80' lang='lat' dir='ltr'><strong>gloriamque</strong></span> <span class='ocrx_word' id='word_1_212' title='bbox 1561 781 1594 808; x_wconf 92' lang='lat' dir='ltr'><strong>iis</strong></span> <span class='ocrx_word' id='word_1_213' title='bbox 1614 780 1699 813; x_wconf 86' lang='lat' dir='ltr'><strong>dabit,</strong></span> 
     </span>
    </p>
   </div>
   <div class='ocr_carea' id='block_1_33' title="bbox 911 826 1701 862">
    <p class='ocr_par' dir='ltr' id='par_1_33' title="bbox 911 826 1701 862">
     <span class='ocr_line' id='line_1_33' title="bbox 911 826 1701 862; baseline -0.001 -8"><span class='ocrx_word' id='word_1_214' title='bbox 911 827 958 862; x_wconf 90' lang='lat' dir='ltr'><strong>qui</strong></span> <span class='ocrx_word' id='word_1_215' title='bbox 971 827 1072 854; x_wconf 89' lang='lat' dir='ltr'><strong>dudum</strong></span> <span class='ocrx_word' id='word_1_216' title='bbox 1089 826 1198 861; x_wconf 82' lang='lat' dir='ltr'><strong>quidem</strong></span> <span class='ocrx_word' id='word_1_217' title='bbox 1216 831 1389 861; x_wconf 75' lang='lat' dir='ltr'><strong>acceperunt,</strong></span> <span class='ocrx_word' id='word_1_218' title='bbox 1407 833 1481 853; x_wconf 90' lang='lat' dir='ltr'><strong>nunc</strong></span> <span class='ocrx_word' id='word_1_219' title='bbox 1494 834 1560 853; x_wconf 89' lang='lat' dir='ltr'><strong>vero</strong></span> <span class='ocrx_word' id='word_1_220' title='bbox 1576 827 1701 861; x_wconf 87' lang='lat' dir='ltr'><strong>imperti-</strong></span> 
     </span>
    </p>
   </div>
   <div class='ocr_carea' id='block_1_34' title="bbox 87 866 865 908">
    <p class='ocr_par' dir='ltr' id='par_1_34' title="bbox 87 869 862 908">
     <span class='ocr_line' id='line_1_34' title="bbox 87 869 862 908; baseline -0.006 -8"><span class='ocrx_word' id='word_1_221' title='bbox 87 873 190 908; x_wconf 76' lang='grc' dir='ltr'>εἰρήνην</span> <span class='ocrx_word' id='word_1_222' title='bbox 205 871 343 908; x_wconf 81' lang='grc' dir='ltr'>βραϐεύει,</span> <span class='ocrx_word' id='word_1_223' title='bbox 359 873 406 898; x_wconf 61' lang='grc' dir='ltr'><strong>καὶ⁴</strong></span> <span class='ocrx_word' id='word_1_224' title='bbox 420 871 468 906; x_wconf 84' lang='grc' dir='ltr'>τὴν</span> <span class='ocrx_word' id='word_1_225' title='bbox 482 870 661 906; x_wconf 82' lang='grc' dir='ltr'>ὀφειλομένην</span> <span class='ocrx_word' id='word_1_226' title='bbox 672 870 755 905; x_wconf 84' lang='grc' dir='ltr'>τιμήν</span> <span class='ocrx_word' id='word_1_227' title='bbox 772 878 802 896; x_wconf 89' lang='grc' dir='ltr'><strong>τε</strong></span> <span class='ocrx_word' id='word_1_228' title='bbox 814 869 862 896; x_wconf 79' lang='grc' dir='ltr'>καὶ</span> 
     </span>
    </p>
   </div>
   <div class='ocr_carea' id='block_1_35' title="bbox 916 866 1702 908">
    <p class='ocr_par' dir='ltr' id='par_1_35' title="bbox 916 872 1702 908">
     <span class='ocr_line' id='line_1_35' title="bbox 916 872 1702 908; baseline 0 -8"><span class='ocrx_word' id='word_1_229' title='bbox 916 877 1019 900; x_wconf 85' lang='lat' dir='ltr'><strong>verunt.</strong></span> <span class='ocrx_word' id='word_1_230' title='bbox 1031 872 1087 900; x_wconf 87' lang='lat' dir='ltr'><strong>Nec</strong></span> <span class='ocrx_word' id='word_1_231' title='bbox 1095 873 1149 900; x_wconf 86' lang='lat' dir='ltr'><strong>ulla</strong></span> <span class='ocrx_word' id='word_1_232' title='bbox 1158 873 1313 907; x_wconf 70' lang='lat' dir='ltr'><strong>regularum</strong></span> <span class='ocrx_word' id='word_1_233' title='bbox 1322 880 1336 899; x_wconf 92' lang='lat' dir='ltr'><strong>a</strong></span> <span class='ocrx_word' id='word_1_234' title='bbox 1346 872 1502 900; x_wconf 85' lang='lat' dir='ltr'><strong>beatissima</strong></span> <span class='ocrx_word' id='word_1_235' title='bbox 1511 873 1538 900; x_wconf 94' lang='lat' dir='ltr'><strong>in</strong></span> <span class='ocrx_word' id='word_1_236' title='bbox 1547 873 1603 900; x_wconf 91' lang='lat' dir='ltr'><strong>Deo</strong></span> <span class='ocrx_word' id='word_1_237' title='bbox 1613 877 1702 908; x_wconf 88' lang='lat' dir='ltr'><strong>pater-</strong></span> 
     </span>
    </p>
   </div>
   <div class='ocr_carea' id='block_1_36' title="bbox 87 914 863 953">
    <p class='ocr_par' dir='ltr' id='par_1_36' title="bbox 87 914 863 953">
     <span class='ocr_line' id='line_1_36' title="bbox 87 914 863 953; baseline -0.006 -7"><span class='ocrx_word' id='word_1_238' title='bbox 87 919 157 953; x_wconf 82' lang='grc' dir='ltr'>δόξαν</span> <span class='ocrx_word' id='word_1_239' title='bbox 172 920 212 951; x_wconf 78' lang='grc' dir='ltr'><strong>είς</strong></span> <span class='ocrx_word' id='word_1_240' title='bbox 227 920 289 950; x_wconf 81' lang='grc' dir='ltr'>τοὺς</span> <span class='ocrx_word' id='word_1_241' title='bbox 308 918 393 945; x_wconf 84' lang='grc' dir='ltr'>πάλαι</span> <span class='ocrx_word' id='word_1_242' title='bbox 408 918 457 953; x_wconf 79' lang='grc' dir='ltr'>μὲν</span> <span class='ocrx_word' id='word_1_243' title='bbox 474 917 687 953; x_wconf 85' lang='grc' dir='ltr'>παρειληφότας,</span> <span class='ocrx_word' id='word_1_244' title='bbox 703 916 763 943; x_wconf 81' lang='grc' dir='ltr'>νυνὶ</span> <span class='ocrx_word' id='word_1_245' title='bbox 774 915 804 942; x_wconf 78' lang='grc' dir='ltr'>δὲ</span> <span class='ocrx_word' id='word_1_246' title='bbox 816 914 863 941; x_wconf 77' lang='grc' dir='ltr'>καὶ</span> 
     </span>
    </p>
   </div>
   <div class='ocr_carea' id='block_1_37' title="bbox 88 961 863 1000">
    <p class='ocr_par' dir='ltr' id='par_1_37' title="bbox 88 961 863 1000">
     <span class='ocr_line' id='line_1_37' title="bbox 88 961 863 1000; baseline -0.005 -9"><span class='ocrx_word' id='word_1_247' title='bbox 88 964 242 1000; x_wconf 85' lang='grc' dir='ltr'>μεταδόντας</span> <span class='ocrx_word' id='word_1_248' title='bbox 267 964 427 997; x_wconf 72' lang='grc' dir='ltr'>διαϐιϐάζει,</span> <span class='ocrx_word' id='word_1_249' title='bbox 452 964 500 991; x_wconf 79' lang='grc' dir='ltr'>καὶ</span> <span class='ocrx_word' id='word_1_250' title='bbox 522 963 608 995; x_wconf 87' lang='grc' dir='ltr'>οὐδεὶς</span> <span class='ocrx_word' id='word_1_251' title='bbox 628 963 662 990; x_wconf 78' lang='grc' dir='ltr'>ἂν</span> <span class='ocrx_word' id='word_1_252' title='bbox 676 961 729 989; x_wconf 85' lang='grc' dir='ltr'><strong>τῶν</strong></span> <span class='ocrx_word' id='word_1_253' title='bbox 747 961 800 988; x_wconf 83' lang='grc' dir='ltr'><strong>ὑπὸ</strong></span> <span class='ocrx_word' id='word_1_254' title='bbox 813 961 863 996; x_wconf 82' lang='grc' dir='ltr'>τῆς</span> 
     </span>
    </p>
   </div>
   <div class='ocr_carea' id='block_1_38' title="bbox 87 1008 863 1046">
    <p class='ocr_par' dir='ltr' id='par_1_38' title="bbox 87 1008 863 1046">
     <span class='ocr_line' id='line_1_38' title="bbox 87 1008 863 1046; baseline -0.006 -8"><span class='ocrx_word' id='word_1_255' title='bbox 87 1010 157 1046; x_wconf 80' lang='grc' dir='ltr'>ὑμῶν</span> <span class='ocrx_word' id='word_1_256' title='bbox 177 1011 393 1046; x_wconf 83' lang='grc' dir='ltr'>θεομακαρίστου</span> <span class='ocrx_word' id='word_1_257' title='bbox 411 1009 581 1046; x_wconf 85' lang='grc' dir='ltr'>πατρότητος</span> <span class='ocrx_word' id='word_1_258' title='bbox 609 1008 798 1045; x_wconf 81' lang='grc' dir='ltr'>διορισθέντων</span> <span class='ocrx_word' id='word_1_259' title='bbox 815 1016 863 1034; x_wconf 88' lang='grc' dir='ltr'>τυ-</span> 
     </span>
    </p>
   </div>
   <div class='ocr_carea' id='block_1_39' title="bbox 86 1055 863 1092">
    <p class='ocr_par' dir='ltr' id='par_1_39' title="bbox 86 1055 863 1092">
     <span class='ocr_line' id='line_1_39' title="bbox 86 1055 863 1092; baseline -0.001 -8"><span class='ocrx_word' id='word_1_260' title='bbox 86 1057 202 1092; x_wconf 85' lang='grc' dir='ltr'>πωθῆναι</span> <span class='ocrx_word' id='word_1_261' title='bbox 214 1057 425 1092; x_wconf 82' lang='grc' dir='ltr'>παραλέλειπτο,</span> <span class='ocrx_word' id='word_1_262' title='bbox 440 1057 464 1082; x_wconf 91' lang='grc' dir='ltr'>εἱ</span> <span class='ocrx_word' id='word_1_263' title='bbox 479 1056 516 1091; x_wconf 90' lang='grc' dir='ltr'>μή</span> <span class='ocrx_word' id='word_1_264' title='bbox 527 1065 569 1087; x_wconf 88' lang='grc' dir='ltr'><strong>τις</strong></span> <span class='ocrx_word' id='word_1_265' title='bbox 582 1055 707 1091; x_wconf 83' lang='grc' dir='ltr'>βασιλικὴ</span> <span class='ocrx_word' id='word_1_266' title='bbox 721 1056 863 1088; x_wconf 85' lang='grc' dir='ltr'>ἀνάνευσις</span> 
     </span>
    </p>
   </div>
   <div class='ocr_carea' id='block_1_40' title="bbox 85 1100 864 1137">
    <p class='ocr_par' dir='ltr' id='par_1_40' title="bbox 85 1100 864 1137">
     <span class='ocr_line' id='line_1_40' title="bbox 85 1100 864 1137; baseline 0.001 -9"><span class='ocrx_word' id='word_1_267' title='bbox 85 1101 161 1128; x_wconf 80' lang='grc' dir='ltr'>πλέον</span> <span class='ocrx_word' id='word_1_268' title='bbox 181 1101 313 1136; x_wconf 86' lang='grc' dir='ltr'><strong>ἰσχύσασα</strong></span> <span class='ocrx_word' id='word_1_269' title='bbox 330 1101 377 1127; x_wconf 78' lang='grc' dir='ltr'>τοῦ</span> <span class='ocrx_word' id='word_1_270' title='bbox 396 1100 528 1136; x_wconf 80' lang='grc' dir='ltr'>ἡμετέρου</span> <span class='ocrx_word' id='word_1_271' title='bbox 550 1100 713 1136; x_wconf 80' lang='grc' dir='ltr'>θελήματος,</span> <span class='ocrx_word' id='word_1_272' title='bbox 730 1102 794 1137; x_wconf 73' lang='grc' dir='ltr'>περὶ</span> <span class='ocrx_word' id='word_1_273' title='bbox 810 1101 864 1129; x_wconf 84' lang='grc' dir='ltr'><strong>τῶν</strong></span> 
     </span>
    </p>
   </div>
   <div class='ocr_carea' id='block_1_41' title="bbox 85 1144 864 1181">
    <p class='ocr_par' dir='ltr' id='par_1_41' title="bbox 85 1144 864 1181">
     <span class='ocr_line' id='line_1_41' title="bbox 85 1144 864 1181; baseline -0.001 -8"><span class='ocrx_word' id='word_1_274' title='bbox 85 1145 182 1173; x_wconf 85' lang='grc' dir='ltr'>λοιπῶν</span> <span class='ocrx_word' id='word_1_275' title='bbox 201 1146 383 1173; x_wconf 79' lang='grc' dir='ltr'>ἀποθεσπίσαι</span> <span class='ocrx_word' id='word_1_276' title='bbox 398 1146 429 1172; x_wconf 87' lang='grc' dir='ltr'>οὐ</span> <span class='ocrx_word' id='word_1_277' title='bbox 443 1144 636 1181; x_wconf 84' lang='grc' dir='ltr'>παρεχώρησε.</span> <span class='ocrx_word' id='word_1_278' title='bbox 651 1145 690 1172; x_wconf 85' lang='grc' dir='ltr'><strong>Δι’</strong></span> <span class='ocrx_word' id='word_1_279' title='bbox 710 1145 724 1172; x_wconf 83' lang='grc' dir='ltr'><strong>ὃ</strong></span> <span class='ocrx_word' id='word_1_280' title='bbox 740 1146 798 1181; x_wconf 75' lang='grc' dir='ltr'>ἅμα</span> <span class='ocrx_word' id='word_1_281' title='bbox 809 1146 864 1172; x_wconf 84' lang='grc' dir='ltr'>τῶν</span> 
     </span>
    </p>
   </div>
   <div class='ocr_carea' id='block_1_42' title="bbox 85 1191 865 1226">
    <p class='ocr_par' dir='ltr' id='par_1_42' title="bbox 85 1191 865 1226">
     <span class='ocr_line' id='line_1_42' title="bbox 85 1191 865 1226; baseline -0.001 -8"><span class='ocrx_word' id='word_1_282' title='bbox 85 1191 253 1226; x_wconf 83' lang='grc' dir='ltr'>τιμιωτάτων</span> <span class='ocrx_word' id='word_1_283' title='bbox 264 1191 457 1226; x_wconf 83' lang='grc' dir='ltr'>τοποτηρητῶν</span> <span class='ocrx_word' id='word_1_284' title='bbox 473 1191 611 1226; x_wconf 85' lang='grc' dir='ltr'>συμφέρον</span> <span class='ocrx_word' id='word_1_285' title='bbox 626 1191 810 1226; x_wconf 80' lang='grc' dir='ltr'>ἡγησάμενος,</span> <span class='ocrx_word' id='word_1_286' title='bbox 827 1191 865 1226; x_wconf 82' lang='grc' dir='ltr'>μὴ</span> 
     </span>
    </p>
   </div>
   <div class='ocr_carea' id='block_1_43' title="bbox 86 1236 864 1273">
    <p class='ocr_par' dir='ltr' id='par_1_43' title="bbox 86 1236 864 1273">
     <span class='ocr_line' id='line_1_43' title="bbox 86 1236 864 1273; baseline -0.003 -9"><span class='ocrx_word' id='word_1_287' title='bbox 86 1238 115 1264; x_wconf 82' lang='grc' dir='ltr'>ὲν</span> <span class='ocrx_word' id='word_1_288' title='bbox 131 1239 163 1273; x_wconf 81' lang='grc' dir='ltr'>τῇ</span> <span class='ocrx_word' id='word_1_289' title='bbox 177 1237 338 1272; x_wconf 77' lang='grc' dir='ltr'>ἐπιζητήσει</span> <span class='ocrx_word' id='word_1_290' title='bbox 363 1237 410 1263; x_wconf 81' lang='grc' dir='ltr'>τοῦ</span> <span class='ocrx_word' id='word_1_291' title='bbox 433 1236 532 1268; x_wconf 81' lang='grc' dir='ltr'>παντὸς</span> <span class='ocrx_word' id='word_1_292' title='bbox 550 1237 731 1263; x_wconf 76' lang='grc' dir='ltr'>συναπολέσαι</span> <span class='ocrx_word' id='word_1_293' title='bbox 747 1237 778 1263; x_wconf 80' lang='grc' dir='ltr'>τὸ</span> <span class='ocrx_word' id='word_1_294' title='bbox 793 1237 864 1270; x_wconf 78' lang='grc' dir='ltr'>πᾶν,</span> 
     </span>
    </p>
   </div>
   <div class='ocr_carea' id='block_1_44' title="bbox 86 1283 866 1320">
    <p class='ocr_par' dir='ltr' id='par_1_44' title="bbox 86 1283 866 1320">
     <span class='ocr_line' id='line_1_44' title="bbox 86 1283 866 1320; baseline -0.003 -9"><span class='ocrx_word' id='word_1_295' title='bbox 86 1286 114 1312; x_wconf 78' lang='grc' dir='ltr'><strong>έν</strong></span> <span class='ocrx_word' id='word_1_296' title='bbox 127 1287 159 1320; x_wconf 71' lang='grc' dir='ltr'>τῇ</span> <span class='ocrx_word' id='word_1_297' title='bbox 173 1283 308 1319; x_wconf 84' lang='grc' dir='ltr'>ἀπολήψει</span> <span class='ocrx_word' id='word_1_298' title='bbox 320 1283 372 1310; x_wconf 83' lang='grc' dir='ltr'>τῶν</span> <span class='ocrx_word' id='word_1_299' title='bbox 385 1283 516 1310; x_wconf 80' lang='grc' dir='ltr'>πλειόνων</span> <span class='ocrx_word' id='word_1_300' title='bbox 536 1283 585 1318; x_wconf 83' lang='grc' dir='ltr'>τὴν</span> <span class='ocrx_word' id='word_1_301' title='bbox 599 1284 627 1310; x_wconf 86' lang='grc' dir='ltr'>ὲν</span> <span class='ocrx_word' id='word_1_302' title='bbox 641 1284 698 1315; x_wconf 89' lang='grc' dir='ltr'>τοῖς</span> <span class='ocrx_word' id='word_1_303' title='bbox 710 1283 866 1315; x_wconf 79' lang='grc' dir='ltr'>ὑπολοίποις</span> 
     </span>
    </p>
   </div>
   <div class='ocr_carea' id='block_1_45' title="bbox 84 1325 867 1365">
    <p class='ocr_par' dir='ltr' id='par_1_45' title="bbox 84 1325 867 1365">
     <span class='ocr_line' id='line_1_45' title="bbox 84 1325 867 1365; baseline 0.001 -9"><span class='ocrx_word' id='word_1_304' title='bbox 84 1330 184 1365; x_wconf 79' lang='grc' dir='ltr'>ζημίαν</span> <span class='ocrx_word' id='word_1_305' title='bbox 204 1338 239 1364; x_wconf 92' lang='grc' dir='ltr'><strong>γε</strong></span> <span class='ocrx_word' id='word_1_306' title='bbox 261 1329 293 1356; x_wconf 87' lang='grc' dir='ltr'>ἂν</span> <span class='ocrx_word' id='word_1_307' title='bbox 307 1329 475 1364; x_wconf 81' lang='grc' dir='ltr'>ὑπέστημεν.</span> <span class='ocrx_word' id='word_1_308' title='bbox 493 1329 620 1365; x_wconf 79' lang='grc' dir='ltr'>Ἀριστον</span> <span class='ocrx_word' id='word_1_309' title='bbox 636 1330 685 1365; x_wconf 80' lang='grc' dir='ltr'>μὲν</span> <span class='ocrx_word' id='word_1_310' title='bbox 699 1330 753 1364; x_wconf 87' lang='grc' dir='ltr'><strong>γὰρ</strong></span> <span class='ocrx_word' id='word_1_311' title='bbox 769 1325 806 1357; x_wconf 82' lang='grc' dir='ltr'>ὧν</span> <span class='ocrx_word' id='word_1_312' title='bbox 824 1339 867 1362; x_wconf 87' lang='grc' dir='ltr'><strong>τις</strong></span> 
     </span>
    </p>
   </div>
   <div class='ocr_carea' id='block_1_46' title="bbox 85 1375 867 1410">
    <p class='ocr_par' dir='ltr' id='par_1_46' title="bbox 85 1375 867 1410">
     <span class='ocr_line' id='line_1_46' title="bbox 85 1375 867 1410; baseline 0 -8"><span class='ocrx_word' id='word_1_313' title='bbox 85 1375 187 1410; x_wconf 73' lang='grc' dir='ltr'>ἐφίεται</span> <span class='ocrx_word' id='word_1_314' title='bbox 210 1375 323 1410; x_wconf 79' lang='grc' dir='ltr'>μηδενὸς</span> <span class='ocrx_word' id='word_1_315' title='bbox 347 1376 491 1402; x_wconf 75' lang='grc' dir='ltr'>ἐκπεσεῖν·</span> <span class='ocrx_word' id='word_1_316' title='bbox 507 1376 676 1410; x_wconf 84' lang='grc' dir='ltr'>ἀπρονόητον</span> <span class='ocrx_word' id='word_1_317' title='bbox 694 1376 723 1402; x_wconf 82' lang='grc' dir='ltr'>δὲ</span> <span class='ocrx_word' id='word_1_318' title='bbox 736 1376 867 1403; x_wconf 88' lang='grc' dir='ltr'>πλειόνων</span> 
     </span>
    </p>
   </div>
   <div class='ocr_carea' id='block_1_47' title="bbox 85 1420 866 1456">
    <p class='ocr_par' dir='ltr' id='par_1_47' title="bbox 85 1420 866 1456">
     <span class='ocr_line' id='line_1_47' title="bbox 85 1420 866 1456; baseline 0.003 -10"><span class='ocrx_word' id='word_1_319' title='bbox 85 1420 229 1455; x_wconf 86' lang='grc' dir='ltr'>διδομένων</span> <span class='ocrx_word' id='word_1_320' title='bbox 249 1420 314 1455; x_wconf 81' lang='grc' dir='ltr'>περὶ</span> <span class='ocrx_word' id='word_1_321' title='bbox 327 1420 381 1446; x_wconf 86' lang='grc' dir='ltr'>τῶν</span> <span class='ocrx_word' id='word_1_322' title='bbox 400 1421 430 1446; x_wconf 82' lang='grc' dir='ltr'>οὺ</span> <span class='ocrx_word' id='word_1_323' title='bbox 450 1420 595 1456; x_wconf 79' lang='grc' dir='ltr'>διδομένων</span> <span class='ocrx_word' id='word_1_324' title='bbox 609 1420 848 1456; x_wconf 86' lang='grc' dir='ltr'>πολυπραγμονεῖν</span> <span class='ocrx_word' id='word_1_325' title='bbox 858 1442 866 1455; x_wconf 95' lang='grc'><strong>,</strong></span> 
     </span>
    </p>
   </div>
   <div class='ocr_carea' id='block_1_48' title="bbox 85 1465 868 1502">
    <p class='ocr_par' dir='ltr' id='par_1_48' title="bbox 85 1465 868 1502">
     <span class='ocr_line' id='line_1_48' title="bbox 85 1465 868 1502; baseline 0 -8"><span class='ocrx_word' id='word_1_326' title='bbox 85 1467 133 1494; x_wconf 78' lang='grc' dir='ltr'><strong>καὶ</strong></span> <span class='ocrx_word' id='word_1_327' title='bbox 146 1465 350 1500; x_wconf 85' lang='grc' dir='ltr'>φιλονεικοῦντα</span> <span class='ocrx_word' id='word_1_328' title='bbox 367 1466 432 1502; x_wconf 79' lang='grc' dir='ltr'>περὶ</span> <span class='ocrx_word' id='word_1_329' title='bbox 452 1466 554 1494; x_wconf 89' lang='grc' dir='ltr'>τούτων</span> <span class='ocrx_word' id='word_1_330' title='bbox 568 1466 676 1494; x_wconf 78' lang='grc' dir='ltr'>πάντων</span> <span class='ocrx_word' id='word_1_331' title='bbox 688 1468 785 1494; x_wconf 79' lang='grc' dir='ltr'>ἑαυτὸν</span> <span class='ocrx_word' id='word_1_332' title='bbox 799 1468 868 1495; x_wconf 86' lang='grc' dir='ltr'>ἀπο-</span> 
     </span>
    </p>
   </div>
   <div class='ocr_carea' id='block_1_49' title="bbox 82 1509 869 1549">
    <p class='ocr_par' dir='ltr' id='par_1_49' title="bbox 82 1509 869 1549">
     <span class='ocr_line' id='line_1_49' title="bbox 82 1509 869 1549; baseline 0 -9"><span class='ocrx_word' id='word_1_333' title='bbox 82 1514 202 1549; x_wconf 81' lang='grc' dir='ltr'>στερεῖν.</span> <span class='ocrx_word' id='word_1_334' title='bbox 227 1512 266 1539; x_wconf 89' lang='grc' dir='ltr'><strong>Δι’</strong></span> <span class='ocrx_word' id='word_1_335' title='bbox 291 1511 305 1538; x_wconf 78' lang='grc' dir='ltr'><strong>ὃ</strong></span> <span class='ocrx_word' id='word_1_336' title='bbox 322 1512 388 1547; x_wconf 64' lang='grc' dir='ltr'><strong>περ)¹</strong></span> <span class='ocrx_word' id='word_1_337' title='bbox 413 1509 451 1540; x_wconf 83' lang='grc' dir='ltr'>ὧν</span> <span class='ocrx_word' id='word_1_338' title='bbox 470 1514 485 1548; x_wconf 88' lang='grc' dir='ltr'>ή</span> <span class='ocrx_word' id='word_1_339' title='bbox 507 1513 602 1548; x_wconf 86' lang='grc' dir='ltr'>γνώμη</span> <span class='ocrx_word' id='word_1_340' title='bbox 617 1513 761 1548; x_wconf 77' lang='grc' dir='ltr'>σύμφωνος</span> <span class='ocrx_word' id='word_1_341' title='bbox 779 1513 869 1549; x_wconf 81' lang='grc' dir='ltr'><strong>ἐξενή-</strong></span> 
     </span>
    </p>
   </div>
   <div class='ocr_carea' id='block_1_50' title="bbox 85 1557 866 1596">
    <p class='ocr_par' dir='ltr' id='par_1_50' title="bbox 85 1557 866 1596">
     <span class='ocr_line' id='line_1_50' title="bbox 85 1557 866 1596; baseline 0 -10"><span class='ocrx_word' id='word_1_342' title='bbox 85 1567 196 1592; x_wconf 86' lang='grc' dir='ltr'>νεκται,</span> <span class='ocrx_word' id='word_1_343' title='bbox 223 1559 370 1591; x_wconf 86' lang='grc' dir='ltr'>συνοδικῶς</span> <span class='ocrx_word' id='word_1_344' title='bbox 395 1559 507 1591; x_wconf 84' lang='grc' dir='ltr'>τούτους</span> <span class='ocrx_word' id='word_1_345' title='bbox 535 1559 696 1594; x_wconf 80' lang='grc' dir='ltr'>ὲξεθέμεθα,</span> <span class='ocrx_word' id='word_1_346' title='bbox 718 1557 765 1592; x_wconf 82' lang='grc' dir='ltr'>οὓς</span> <span class='ocrx_word' id='word_1_347' title='bbox 782 1561 811 1587; x_wconf 80' lang='grc' dir='ltr'>ἐν</span> <span class='ocrx_word' id='word_1_348' title='bbox 826 1560 866 1596; x_wconf 81' lang='grc' dir='ltr'>τῷ</span> 
     </span>
    </p>
   </div>
   <div class='ocr_carea' id='block_1_51' title="bbox 913 919 1700 954">
    <p class='ocr_par' dir='ltr' id='par_1_51' title="bbox 913 919 1700 954">
     <span class='ocr_line' id='line_1_51' title="bbox 913 919 1700 954; baseline 0 -7"><span class='ocrx_word' id='word_1_349' title='bbox 913 920 998 947; x_wconf 88' lang='lat' dir='ltr'><strong>nitate</strong></span> <span class='ocrx_word' id='word_1_350' title='bbox 1023 924 1114 947; x_wconf 84' lang='lat' dir='ltr'><strong>vestra</strong></span> <span class='ocrx_word' id='word_1_351' title='bbox 1128 919 1302 947; x_wconf 84' lang='lat' dir='ltr'><strong>deﬁnitarum</strong></span> <span class='ocrx_word' id='word_1_352' title='bbox 1324 919 1389 954; x_wconf 89' lang='lat' dir='ltr'><strong>quin</strong></span> <span class='ocrx_word' id='word_1_353' title='bbox 1411 919 1567 947; x_wconf 88' lang='lat' dir='ltr'><strong>sanciretur</strong></span> <span class='ocrx_word' id='word_1_354' title='bbox 1588 924 1700 954; x_wconf 66' lang='lat' dir='ltr'><strong>praetcr-</strong></span> 
     </span>
    </p>
   </div>
   <div class='ocr_carea' id='block_1_52' title="bbox 913 965 1702 1001">
    <p class='ocr_par' dir='ltr' id='par_1_52' title="bbox 913 965 1702 1001">
     <span class='ocr_line' id='line_1_52' title="bbox 913 965 1702 1001; baseline 0 -9"><span class='ocrx_word' id='word_1_355' title='bbox 913 965 996 992; x_wconf 86' lang='lat' dir='ltr'><strong>missa</strong></span> <span class='ocrx_word' id='word_1_356' title='bbox 1018 969 1101 997; x_wconf 83' lang='lat' dir='ltr'><strong>esset,</strong></span> <span class='ocrx_word' id='word_1_357' title='bbox 1132 965 1185 993; x_wconf 89' lang='lat' dir='ltr'><strong>nisi</strong></span> <span class='ocrx_word' id='word_1_358' title='bbox 1208 965 1331 1000; x_wconf 65' lang='lat' dir='ltr'><strong>quaedam</strong></span> <span class='ocrx_word' id='word_1_359' title='bbox 1359 965 1532 1000; x_wconf 87' lang='lat' dir='ltr'><strong>imperatoria</strong></span> <span class='ocrx_word' id='word_1_360' title='bbox 1556 965 1702 1001; x_wconf 77' lang='lat' dir='ltr'><strong>refragatio</strong></span> 
     </span>
    </p>
   </div>
   <div class='ocr_carea' id='block_1_53' title="bbox 912 1009 1701 1046">
    <p class='ocr_par' dir='ltr' id='par_1_53' title="bbox 912 1009 1701 1046">
     <span class='ocr_line' id='line_1_53' title="bbox 912 1009 1701 1046; baseline 0.003 -10"><span class='ocrx_word' id='word_1_361' title='bbox 912 1009 1056 1045; x_wconf 85' lang='lat' dir='ltr'><strong>plusquam</strong></span> <span class='ocrx_word' id='word_1_362' title='bbox 1080 1010 1208 1038; x_wconf 81' lang='lat' dir='ltr'><strong>voluntas</strong></span> <span class='ocrx_word' id='word_1_363' title='bbox 1231 1015 1323 1038; x_wconf 87' lang='lat' dir='ltr'><strong>nostra</strong></span> <span class='ocrx_word' id='word_1_364' title='bbox 1336 1010 1451 1045; x_wconf 89' lang='lat' dir='ltr'><strong>pollens,</strong></span> <span class='ocrx_word' id='word_1_365' title='bbox 1466 1010 1500 1037; x_wconf 85' lang='lat' dir='ltr'><strong>de</strong></span> <span class='ocrx_word' id='word_1_366' title='bbox 1522 1011 1633 1046; x_wconf 84' lang='lat' dir='ltr'><strong>reliquis</strong></span> <span class='ocrx_word' id='word_1_367' title='bbox 1646 1019 1701 1038; x_wconf 90' lang='lat' dir='ltr'><strong>non</strong></span> 
     </span>
    </p>
   </div>
   <div class='ocr_carea' id='block_1_54' title="bbox 913 1056 1702 1084">
    <p class='ocr_par' dir='ltr' id='par_1_54' title="bbox 913 1056 1702 1084">
     <span class='ocr_line' id='line_1_54' title="bbox 913 1056 1702 1084; baseline 0.003 -2"><span class='ocrx_word' id='word_1_368' title='bbox 913 1056 1066 1083; x_wconf 85' lang='lat' dir='ltr'><strong>sanciendis</strong></span> <span class='ocrx_word' id='word_1_369' title='bbox 1080 1056 1290 1084; x_wconf 81' lang='lat' dir='ltr'><strong>intercessisset.</strong></span> <span class='ocrx_word' id='word_1_370' title='bbox 1307 1057 1409 1084; x_wconf 85' lang='lat' dir='ltr'><strong>Idcirco</strong></span> <span class='ocrx_word' id='word_1_371' title='bbox 1425 1065 1478 1084; x_wconf 92' lang='lat' dir='ltr'><strong>una</strong></span> <span class='ocrx_word' id='word_1_372' title='bbox 1490 1064 1550 1084; x_wconf 90' lang='lat' dir='ltr'><strong>cum</strong></span> <span class='ocrx_word' id='word_1_373' title='bbox 1562 1057 1702 1084; x_wconf 83' lang='lat' dir='ltr'><strong>venerabi-</strong></span> 
     </span>
    </p>
   </div>
   <div class='ocr_carea' id='block_1_55' title="bbox 914 1101 1702 1134">
    <p class='ocr_par' dir='ltr' id='par_1_55' title="bbox 914 1101 1702 1134">
     <span class='ocr_line' id='line_1_55' title="bbox 914 1101 1702 1134; baseline 0.003 -6"><span class='ocrx_word' id='word_1_374' title='bbox 914 1101 986 1129; x_wconf 90' lang='lat' dir='ltr'><strong>libus</strong></span> <span class='ocrx_word' id='word_1_375' title='bbox 1005 1102 1114 1130; x_wconf 76' lang='lat' dir='ltr'><strong>vicariis</strong></span> <span class='ocrx_word' id='word_1_376' title='bbox 1130 1102 1157 1129; x_wconf 94' lang='lat' dir='ltr'><strong>in</strong></span> <span class='ocrx_word' id='word_1_377' title='bbox 1178 1111 1235 1130; x_wconf 85' lang='lat' dir='ltr'><strong>rem</strong></span> <span class='ocrx_word' id='word_1_378' title='bbox 1248 1110 1308 1130; x_wconf 86' lang='lat' dir='ltr'><strong>esse</strong></span> <span class='ocrx_word' id='word_1_379' title='bbox 1332 1103 1462 1134; x_wconf 82' lang='lat' dir='ltr'><strong>arbitrati,</strong></span> <span class='ocrx_word' id='word_1_380' title='bbox 1479 1111 1545 1134; x_wconf 84' lang='lat' dir='ltr'><strong>non.</strong></span> <span class='ocrx_word' id='word_1_381' title='bbox 1561 1103 1624 1130; x_wconf 82' lang='lat' dir='ltr'><strong>dum</strong></span> <span class='ocrx_word' id='word_1_382' title='bbox 1642 1110 1702 1130; x_wconf 92' lang='lat' dir='ltr'><strong>om-</strong></span> 
     </span>
    </p>
   </div>
   <div class='ocr_carea' id='block_1_56' title="bbox 915 1146 1701 1181">
    <p class='ocr_par' dir='ltr' id='par_1_56' title="bbox 915 1146 1701 1181">
     <span class='ocr_line' id='line_1_56' title="bbox 915 1146 1701 1181; baseline 0.001 -9"><span class='ocrx_word' id='word_1_383' title='bbox 915 1153 963 1173; x_wconf 86' lang='lat' dir='ltr'><strong>nes</strong></span> <span class='ocrx_word' id='word_1_384' title='bbox 989 1153 1108 1174; x_wconf 83' lang='lat' dir='ltr'><strong>canones</strong></span> <span class='ocrx_word' id='word_1_385' title='bbox 1127 1151 1310 1181; x_wconf 80' lang='lat' dir='ltr'><strong>expetuntur,</strong></span> <span class='ocrx_word' id='word_1_386' title='bbox 1343 1154 1476 1174; x_wconf 89' lang='lat' dir='ltr'><strong>summam</strong></span> <span class='ocrx_word' id='word_1_387' title='bbox 1499 1146 1538 1173; x_wconf 87' lang='lat' dir='ltr'><strong>rei</strong></span> <span class='ocrx_word' id='word_1_388' title='bbox 1561 1147 1701 1179; x_wconf 86' lang='lat' dir='ltr'><strong>amittere,</strong></span> 
     </span>
    </p>
   </div>
   <div class='ocr_carea' id='block_1_57' title="bbox 915 1191 1704 1226">
    <p class='ocr_par' dir='ltr' id='par_1_57' title="bbox 915 1191 1704 1226">
     <span class='ocr_line' id='line_1_57' title="bbox 915 1191 1704 1226; baseline -0.001 -7"><span class='ocrx_word' id='word_1_389' title='bbox 915 1191 1068 1226; x_wconf 89' lang='lat' dir='ltr'><strong>complures</strong></span> <span class='ocrx_word' id='word_1_390' title='bbox 1088 1191 1244 1224; x_wconf 83' lang='lat' dir='ltr'><strong>obtinendo,</strong></span> <span class='ocrx_word' id='word_1_391' title='bbox 1261 1191 1427 1226; x_wconf 90' lang='lat' dir='ltr'><strong>reliquorum</strong></span> <span class='ocrx_word' id='word_1_392' title='bbox 1443 1192 1571 1218; x_wconf 89' lang='lat' dir='ltr'><strong>damnum</strong></span> <span class='ocrx_word' id='word_1_393' title='bbox 1587 1192 1614 1219; x_wconf 92' lang='lat' dir='ltr'><strong>in</strong></span> <span class='ocrx_word' id='word_1_394' title='bbox 1632 1200 1704 1226; x_wconf 67' lang='lat' dir='ltr'><strong>prae—</strong></span> 
     </span>
    </p>
   </div>
   <div class='ocr_carea' id='block_1_58' title="bbox 915 1237 1703 1272">
    <p class='ocr_par' dir='ltr' id='par_1_58' title="bbox 915 1237 1703 1272">
     <span class='ocr_line' id='line_1_58' title="bbox 915 1237 1703 1272; baseline 0.001 -8"><span class='ocrx_word' id='word_1_395' title='bbox 915 1244 978 1264; x_wconf 87' lang='lat' dir='ltr'><strong>sens</strong></span> <span class='ocrx_word' id='word_1_396' title='bbox 1001 1237 1144 1265; x_wconf 86' lang='lat' dir='ltr'><strong>subiimus.</strong></span> <span class='ocrx_word' id='word_1_397' title='bbox 1169 1237 1305 1271; x_wconf 90' lang='lat' dir='ltr'><strong>Optimum</strong></span> <span class='ocrx_word' id='word_1_398' title='bbox 1325 1238 1399 1264; x_wconf 90' lang='lat' dir='ltr'><strong>enim</strong></span> <span class='ocrx_word' id='word_1_399' title='bbox 1422 1242 1463 1264; x_wconf 86' lang='lat' dir='ltr'><strong>est</strong></span> <span class='ocrx_word' id='word_1_400' title='bbox 1477 1237 1585 1272; x_wconf 88' lang='lat' dir='ltr'><strong>quidem</strong></span> <span class='ocrx_word' id='word_1_401' title='bbox 1609 1245 1703 1265; x_wconf 91' lang='lat' dir='ltr'><strong>eorum</strong></span> 
     </span>
    </p>
   </div>
   <div class='ocr_carea' id='block_1_59' title="bbox 915 1283 1704 1319">
    <p class='ocr_par' dir='ltr' id='par_1_59' title="bbox 915 1283 1704 1319">
     <span class='ocr_line' id='line_1_59' title="bbox 915 1283 1704 1319; baseline 0 -7"><span class='ocrx_word' id='word_1_402' title='bbox 915 1291 976 1319; x_wconf 63' lang='lat' dir='ltr'><strong>qua:</strong></span> <span class='ocrx_word' id='word_1_403' title='bbox 990 1284 1053 1318; x_wconf 91' lang='lat' dir='ltr'><strong>quis</strong></span> <span class='ocrx_word' id='word_1_404' title='bbox 1073 1288 1193 1319; x_wconf 84' lang='lat' dir='ltr'><strong>expetat,</strong></span> <span class='ocrx_word' id='word_1_405' title='bbox 1223 1284 1298 1312; x_wconf 89' lang='lat' dir='ltr'><strong>nullo</strong></span> <span class='ocrx_word' id='word_1_406' title='bbox 1315 1283 1440 1311; x_wconf 85' lang='lat' dir='ltr'><strong>excidere</strong></span> <span class='ocrx_word' id='word_1_407' title='bbox 1455 1292 1462 1310; x_wconf 75' lang='grc' dir='ltr'>ε</span> <span class='ocrx_word' id='word_1_408' title='bbox 1480 1288 1508 1311; x_wconf 89' lang='lat' dir='ltr'><strong>at</strong></span> <span class='ocrx_word' id='word_1_409' title='bbox 1532 1284 1704 1319; x_wconf 88' lang='lat' dir='ltr'><strong>desperantis</strong></span> 
     </span>
    </p>
   </div>
   <div class='ocr_carea' id='block_1_60' title="bbox 916 1329 1705 1365">
    <p class='ocr_par' dir='ltr' id='par_1_60' title="bbox 916 1329 1705 1365">
     <span class='ocr_line' id='line_1_60' title="bbox 916 1329 1705 1365; baseline 0 -8"><span class='ocrx_word' id='word_1_410' title='bbox 916 1334 967 1362; x_wconf 91' lang='lat' dir='ltr'><strong>est,</strong></span> <span class='ocrx_word' id='word_1_411' title='bbox 983 1337 1035 1357; x_wconf 91' lang='lat' dir='ltr'><strong>nec</strong></span> <span class='ocrx_word' id='word_1_412' title='bbox 1052 1329 1118 1357; x_wconf 89' lang='lat' dir='ltr'><strong>satis</strong></span> <span class='ocrx_word' id='word_1_413' title='bbox 1128 1337 1201 1357; x_wconf 61' lang='lat' dir='ltr'><strong>sanae</strong></span> <span class='ocrx_word' id='word_1_414' title='bbox 1218 1329 1330 1363; x_wconf 88' lang='lat' dir='ltr'><strong>mentis,</strong></span> <span class='ocrx_word' id='word_1_415' title='bbox 1345 1338 1407 1357; x_wconf 91' lang='lat' dir='ltr'><strong>cum</strong></span> <span class='ocrx_word' id='word_1_416' title='bbox 1424 1330 1500 1365; x_wconf 90' lang='lat' dir='ltr'><strong>plura</strong></span> <span class='ocrx_word' id='word_1_417' title='bbox 1513 1331 1611 1357; x_wconf 84' lang='lat' dir='ltr'><strong>dantur</strong></span> <span class='ocrx_word' id='word_1_418' title='bbox 1624 1330 1658 1357; x_wconf 87' lang='lat' dir='ltr'><strong>de</strong></span> <span class='ocrx_word' id='word_1_419' title='bbox 1671 1330 1705 1358; x_wconf 87' lang='lat' dir='ltr'><strong>iis</strong></span> 
     </span>
    </p>
   </div>
   <div class='ocr_carea' id='block_1_61' title="bbox 917 1375 1705 1411">
    <p class='ocr_par' dir='ltr' id='par_1_61' title="bbox 917 1375 1705 1411">
     <span class='ocr_line' id='line_1_61' title="bbox 917 1375 1705 1411; baseline 0 -8"><span class='ocrx_word' id='word_1_420' title='bbox 917 1383 978 1411; x_wconf 62' lang='lat' dir='ltr'><strong>qua:</strong></span> <span class='ocrx_word' id='word_1_421' title='bbox 1000 1384 1056 1403; x_wconf 91' lang='lat' dir='ltr'><strong>non</strong></span> <span class='ocrx_word' id='word_1_422' title='bbox 1077 1376 1188 1409; x_wconf 89' lang='lat' dir='ltr'><strong>dantur,</strong></span> <span class='ocrx_word' id='word_1_423' title='bbox 1207 1377 1289 1404; x_wconf 90' lang='lat' dir='ltr'><strong>nimis</strong></span> <span class='ocrx_word' id='word_1_424' title='bbox 1307 1384 1367 1404; x_wconf 88' lang='lat' dir='ltr'><strong>esse</strong></span> <span class='ocrx_word' id='word_1_425' title='bbox 1382 1376 1529 1409; x_wconf 87' lang='lat' dir='ltr'><strong>curiosum,</strong></span> <span class='ocrx_word' id='word_1_426' title='bbox 1552 1384 1584 1403; x_wconf 89' lang='lat' dir='ltr'><strong>ac</strong></span> <span class='ocrx_word' id='word_1_427' title='bbox 1598 1375 1633 1403; x_wconf 92' lang='lat' dir='ltr'><strong>de</strong></span> <span class='ocrx_word' id='word_1_428' title='bbox 1659 1376 1705 1403; x_wconf 79' lang='lat' dir='ltr'><strong>his</strong></span> 
     </span>
    </p>
   </div>
   <div class='ocr_carea' id='block_1_62' title="bbox 918 1422 1707 1458">
    <p class='ocr_par' dir='ltr' id='par_1_62' title="bbox 918 1422 1707 1458">
     <span class='ocr_line' id='line_1_62' title="bbox 918 1422 1707 1458; baseline 0.001 -9"><span class='ocrx_word' id='word_1_429' title='bbox 918 1423 1140 1455; x_wconf 87' lang='lat' dir='ltr'><strong>contendentem,</strong></span> <span class='ocrx_word' id='word_1_430' title='bbox 1161 1422 1288 1450; x_wconf 88' lang='lat' dir='ltr'><strong>omnibus</strong></span> <span class='ocrx_word' id='word_1_431' title='bbox 1307 1423 1426 1458; x_wconf 89' lang='lat' dir='ltr'><strong>seipsum</strong></span> <span class='ocrx_word' id='word_1_432' title='bbox 1453 1423 1570 1458; x_wconf 87' lang='lat' dir='ltr'><strong>privare.</strong></span> <span class='ocrx_word' id='word_1_433' title='bbox 1588 1422 1707 1457; x_wconf 84' lang='lat' dir='ltr'><strong>Ideoque</strong></span> 
     </span>
    </p>
   </div>
   <div class='ocr_carea' id='block_1_63' title="bbox 918 1469 1707 1503">
    <p class='ocr_par' dir='ltr' id='par_1_63' title="bbox 918 1469 1707 1503">
     <span class='ocr_line' id='line_1_63' title="bbox 918 1469 1707 1503; baseline 0 -8"><span class='ocrx_word' id='word_1_434' title='bbox 918 1476 975 1501; x_wconf 90' lang='lat' dir='ltr'><strong>eos,</strong></span> <span class='ocrx_word' id='word_1_435' title='bbox 996 1469 1029 1496; x_wconf 91' lang='lat' dir='ltr'><strong>dc</strong></span> <span class='ocrx_word' id='word_1_436' title='bbox 1048 1469 1147 1503; x_wconf 90' lang='lat' dir='ltr'><strong>quibus</strong></span> <span class='ocrx_word' id='word_1_437' title='bbox 1160 1469 1301 1496; x_wconf 75' lang='lat' dir='ltr'><strong>sententia:</strong></span> <span class='ocrx_word' id='word_1_438' title='bbox 1310 1469 1521 1496; x_wconf 74' lang='lat' dir='ltr'><strong>consonaedicta:</strong></span> <span class='ocrx_word' id='word_1_439' title='bbox 1538 1473 1611 1501; x_wconf 87' lang='lat' dir='ltr'><strong>sunt,</strong></span> <span class='ocrx_word' id='word_1_440' title='bbox 1627 1476 1707 1503; x_wconf 79' lang='lat' dir='ltr'><strong>syno-</strong></span> 
     </span>
    </p>
   </div>
   <div class='ocr_carea' id='block_1_64' title="bbox 918 1515 1707 1551">
    <p class='ocr_par' dir='ltr' id='par_1_64' title="bbox 918 1515 1707 1551">
     <span class='ocr_line' id='line_1_64' title="bbox 918 1515 1707 1551; baseline 0 -9"><span class='ocrx_word' id='word_1_441' title='bbox 918 1516 1015 1543; x_wconf 87' lang='lat' dir='ltr'><strong>daliter</strong></span> <span class='ocrx_word' id='word_1_442' title='bbox 1028 1516 1212 1551; x_wconf 88' lang='lat' dir='ltr'><strong>exposuimus,</strong></span> <span class='ocrx_word' id='word_1_443' title='bbox 1229 1524 1338 1551; x_wconf 86' lang='lat' dir='ltr'><strong>unaque</strong></span> <span class='ocrx_word' id='word_1_444' title='bbox 1363 1515 1389 1542; x_wconf 91' lang='lat' dir='ltr'><strong>in</strong></span> <span class='ocrx_word' id='word_1_445' title='bbox 1408 1515 1505 1542; x_wconf 87' lang='lat' dir='ltr'><strong>litteris</strong></span> <span class='ocrx_word' id='word_1_446' title='bbox 1516 1523 1577 1543; x_wconf 93' lang='lat' dir='ltr'><strong>cum</strong></span> <span class='ocrx_word' id='word_1_447' title='bbox 1597 1515 1630 1543; x_wconf 87' lang='lat' dir='ltr'><strong>iis</strong></span> <span class='ocrx_word' id='word_1_448' title='bbox 1645 1523 1707 1550; x_wconf 76' lang='lat' dir='ltr'><strong>qua:</strong></span> 
     </span>
    </p>
   </div>
   <div class='ocr_carea' id='block_1_65' title="bbox 918 1561 1573 1597">
    <p class='ocr_par' dir='ltr' id='par_1_65' title="bbox 918 1561 1573 1597">
     <span class='ocr_line' id='line_1_65' title="bbox 918 1561 1573 1597; baseline -0.002 -8"><span class='ocrx_word' id='word_1_449' title='bbox 918 1569 933 1588; x_wconf 86' lang='lat' dir='ltr'><strong>a</strong></span> <span class='ocrx_word' id='word_1_450' title='bbox 948 1562 1027 1589; x_wconf 87' lang='lat' dir='ltr'><strong>nobis</strong></span> <span class='ocrx_word' id='word_1_451' title='bbox 1035 1562 1112 1597; x_wconf 88' lang='lat' dir='ltr'><strong>prius</strong></span> <span class='ocrx_word' id='word_1_452' title='bbox 1126 1562 1248 1597; x_wconf 78' lang='lat' dir='ltr'><strong>exposita</strong></span> <span class='ocrx_word' id='word_1_453' title='bbox 1262 1561 1380 1594; x_wconf 79' lang='lat' dir='ltr'><strong>fuerant,</strong></span> <span class='ocrx_word' id='word_1_454' title='bbox 1397 1561 1573 1596; x_wconf 75' lang='lat' dir='ltr'><strong>subiecimus.</strong></span> 
     </span>
    </p>
   </div>
   <div class='ocr_carea' id='block_1_66' title="bbox 84 1605 1045 1642">
    <p class='ocr_par' dir='ltr' id='par_1_66' title="bbox 84 1605 1045 1642">
     <span class='ocr_line' id='line_1_66' title="bbox 84 1605 1045 1642; baseline 0.001 -9"><span class='ocrx_word' id='word_1_455' title='bbox 84 1606 251 1642; x_wconf 80' lang='grc' dir='ltr'>γραμματίῳ</span> <span class='ocrx_word' id='word_1_456' title='bbox 263 1606 332 1641; x_wconf 87' lang='grc' dir='ltr'>μετὰ</span> <span class='ocrx_word' id='word_1_457' title='bbox 345 1606 399 1632; x_wconf 82' lang='grc' dir='ltr'><strong>τῶν</strong></span> <span class='ocrx_word' id='word_1_458' title='bbox 413 1606 631 1641; x_wconf 82' lang='grc' dir='ltr'>προεκτεθέντων</span> <span class='ocrx_word' id='word_1_459' title='bbox 646 1606 691 1640; x_wconf 82' lang='grc' dir='ltr'>ὑφ’</span> <span class='ocrx_word' id='word_1_460' title='bbox 705 1605 786 1641; x_wconf 86' lang='grc' dir='ltr'>ήμῶν</span> <span class='ocrx_word' id='word_1_461' title='bbox 811 1606 1045 1642; x_wconf 86' lang='grc' dir='ltr'>συνυπετάξαμεν.</span> 
     </span>
    </p>
   </div>
   <div class='ocr_carea' id='block_1_67' title="bbox 121 1653 865 1691">
    <p class='ocr_par' dir='ltr' id='par_1_67' title="bbox 121 1653 865 1691">
     <span class='ocr_line' id='line_1_67' title="bbox 121 1653 865 1691; baseline -0.001 -9"><span class='ocrx_word' id='word_1_462' title='bbox 121 1655 190 1691; x_wconf 83' lang='grc' dir='ltr'>Περὶ</span> <span class='ocrx_word' id='word_1_463' title='bbox 214 1655 242 1681; x_wconf 83' lang='grc' dir='ltr'><strong>δέ</strong></span> <span class='ocrx_word' id='word_1_464' title='bbox 267 1664 299 1690; x_wconf 88' lang='grc' dir='ltr'><strong>γε</strong></span> <span class='ocrx_word' id='word_1_465' title='bbox 315 1655 369 1681; x_wconf 84' lang='grc' dir='ltr'>τῶν</span> <span class='ocrx_word' id='word_1_466' title='bbox 391 1655 440 1686; x_wconf 83' lang='grc' dir='ltr'><strong>τὰς</strong></span> <span class='ocrx_word' id='word_1_467' title='bbox 463 1654 628 1690; x_wconf 86' lang='grc' dir='ltr'>χειροτονίας</span> <span class='ocrx_word' id='word_1_468' title='bbox 646 1653 761 1680; x_wconf 81' lang='grc' dir='ltr'>αὐτόθεν</span> <span class='ocrx_word' id='word_1_469' title='bbox 783 1654 865 1681; x_wconf 83' lang='grc' dir='ltr'>πάλαι</span> 
     </span>
    </p>
   </div>
   <div class='ocr_carea' id='block_1_68' title="bbox 916 1653 1707 1691">
    <p class='ocr_par' dir='ltr' id='par_1_68' title="bbox 955 1655 1707 1691">
     <span class='ocr_line' id='line_1_68' title="bbox 955 1655 1707 1691; baseline -0.001 -8"><span class='ocrx_word' id='word_1_470' title='bbox 955 1656 994 1683; x_wconf 82' lang='lat' dir='ltr'><strong>De</strong></span> <span class='ocrx_word' id='word_1_471' title='bbox 1010 1656 1043 1683; x_wconf 91' lang='lat' dir='ltr'><strong>iis</strong></span> <span class='ocrx_word' id='word_1_472' title='bbox 1060 1663 1135 1688; x_wconf 78' lang='lat' dir='ltr'><strong>vero,</strong></span> <span class='ocrx_word' id='word_1_473' title='bbox 1160 1655 1205 1691; x_wconf 88' lang='lat' dir='ltr'><strong>qui</strong></span> <span class='ocrx_word' id='word_1_474' title='bbox 1221 1655 1407 1683; x_wconf 86' lang='lat' dir='ltr'><strong>ordinationes</strong></span> <span class='ocrx_word' id='word_1_475' title='bbox 1424 1655 1461 1690; x_wconf 85' lang='lat'><strong>(6)</strong></span> <span class='ocrx_word' id='word_1_476' title='bbox 1476 1663 1508 1682; x_wconf 86' lang='lat' dir='ltr'><strong>ex</strong></span> <span class='ocrx_word' id='word_1_477' title='bbox 1524 1663 1564 1686; x_wconf 75' lang='lat' dir='ltr'><strong>se,</strong></span> <span class='ocrx_word' id='word_1_478' title='bbox 1579 1659 1607 1683; x_wconf 89' lang='lat' dir='ltr'><strong>et</strong></span> <span class='ocrx_word' id='word_1_479' title='bbox 1633 1655 1707 1682; x_wconf 86' lang='lat' dir='ltr'><strong>arbi-</strong></span> 
     </span>
    </p>
   </div>
   <div class='ocr_carea' id='block_1_69' title="bbox 83 1700 870 1736">
    <p class='ocr_par' dir='ltr' id='par_1_69' title="bbox 83 1700 870 1736">
     <span class='ocr_line' id='line_1_69' title="bbox 83 1700 870 1736; baseline -0.001 -8"><span class='ocrx_word' id='word_1_480' title='bbox 83 1701 295 1736; x_wconf 82' lang='grc' dir='ltr'>λαμϐανόντων,</span> <span class='ocrx_word' id='word_1_481' title='bbox 320 1701 559 1736; x_wconf 84' lang='grc' dir='ltr'>ὲκοινολογήσαντο</span> <span class='ocrx_word' id='word_1_482' title='bbox 585 1701 650 1735; x_wconf 82' lang='grc' dir='ltr'>ἡμῖν</span> <span class='ocrx_word' id='word_1_483' title='bbox 675 1700 699 1726; x_wconf 78' lang='grc' dir='ltr'>οἱ</span> <span class='ocrx_word' id='word_1_484' title='bbox 722 1701 771 1734; x_wconf 86' lang='grc' dir='ltr'>τῆς</span> <span class='ocrx_word' id='word_1_485' title='bbox 793 1700 870 1735; x_wconf 87' lang='grc' dir='ltr'>ὑμῶν</span> 
     </span>
    </p>
   </div>
   <div class='ocr_carea' id='block_1_70' title="bbox 84 1745 870 1782">
    <p class='ocr_par' dir='ltr' id='par_1_70' title="bbox 84 1745 870 1782">
     <span class='ocr_line' id='line_1_70' title="bbox 84 1745 870 1782; baseline -0.001 -9"><span class='ocrx_word' id='word_1_486' title='bbox 84 1747 225 1782; x_wconf 65' lang='grc' dir='ltr'>ὁτιιότητος</span> <span class='ocrx_word' id='word_1_487' title='bbox 240 1746 443 1782; x_wconf 74' lang='grc' dir='ltr'>τοποτηρηταὶ,</span> <span class='ocrx_word' id='word_1_488' title='bbox 456 1746 494 1778; x_wconf 86' lang='grc' dir='ltr'>ὼς</span> <span class='ocrx_word' id='word_1_489' title='bbox 506 1746 595 1782; x_wconf 81' lang='grc' dir='ltr'>χρεὼν</span> <span class='ocrx_word' id='word_1_490' title='bbox 616 1745 659 1780; x_wconf 73' lang='grc' dir='ltr'>εἴη</span> <span class='ocrx_word' id='word_1_491' title='bbox 681 1746 791 1776; x_wconf 81' lang='grc' dir='ltr'>τούτους</span> <span class='ocrx_word' id='word_1_492' title='bbox 819 1747 870 1772; x_wconf 84' lang='grc' dir='ltr'>έπ-</span> 
     </span>
    </p>
   </div>
   <div class='ocr_carea' id='block_1_71' title="bbox 85 1791 870 1828">
    <p class='ocr_par' dir='ltr' id='par_1_71' title="bbox 85 1791 870 1828">
     <span class='ocr_line' id='line_1_71' title="bbox 85 1791 870 1828; baseline -0.004 -8"><span class='ocrx_word' id='word_1_493' title='bbox 85 1793 306 1828; x_wconf 82' lang='grc' dir='ltr'>αναστραφῆναι,</span> <span class='ocrx_word' id='word_1_494' title='bbox 323 1794 371 1819; x_wconf 70' lang='grc' dir='ltr'>καὶ</span> <span class='ocrx_word' id='word_1_495' title='bbox 387 1793 456 1828; x_wconf 75' lang='grc' dir='ltr'>πρὸς</span> <span class='ocrx_word' id='word_1_496' title='bbox 472 1792 522 1827; x_wconf 89' lang='grc' dir='ltr'>τὴν</span> <span class='ocrx_word' id='word_1_497' title='bbox 533 1791 635 1818; x_wconf 78' lang='grc' dir='ltr'>οἰκείαν</span> <span class='ocrx_word' id='word_1_498' title='bbox 654 1791 870 1827; x_wconf 76' lang='grc' dir='ltr'>παλινδρομήσαι</span> 
     </span>
    </p>
   </div>
   <div class='ocr_carea' id='block_1_72' title="bbox 84 1838 871 1876">
    <p class='ocr_par' dir='ltr' id='par_1_72' title="bbox 84 1838 871 1876">
     <span class='ocr_line' id='line_1_72' title="bbox 84 1838 871 1876; baseline -0.004 -9"><span class='ocrx_word' id='word_1_499' title='bbox 84 1841 259 1876; x_wconf 79' lang='grc' dir='ltr'>προμήτορα.</span> <span class='ocrx_word' id='word_1_500' title='bbox 281 1839 351 1866; x_wconf 79' lang='grc' dir='ltr'>Ἀλλ’</span> <span class='ocrx_word' id='word_1_501' title='bbox 368 1840 393 1865; x_wconf 80' lang='grc' dir='ltr'><strong>εί</strong></span> <span class='ocrx_word' id='word_1_502' title='bbox 410 1839 459 1874; x_wconf 84' lang='grc' dir='ltr'>μὲν</span> <span class='ocrx_word' id='word_1_503' title='bbox 472 1840 501 1865; x_wconf 80' lang='grc' dir='ltr'>ὲν</span> <span class='ocrx_word' id='word_1_504' title='bbox 513 1839 579 1874; x_wconf 83' lang='grc' dir='ltr'>ἡμῖν</span> <span class='ocrx_word' id='word_1_505' title='bbox 593 1838 623 1864; x_wconf 76' lang='grc' dir='ltr'>τὸ</span> <span class='ocrx_word' id='word_1_506' title='bbox 637 1838 684 1864; x_wconf 79' lang='grc' dir='ltr'><strong>τοῦ</strong></span> <span class='ocrx_word' id='word_1_507' title='bbox 702 1838 871 1873; x_wconf 82' lang='grc' dir='ltr'>βουλήματος</span> 
     </span>
    </p>
   </div>
   <div class='ocr_carea' id='block_1_73' title="bbox 83 1884 870 1922">
    <p class='ocr_par' dir='ltr' id='par_1_73' title="bbox 83 1884 870 1922">
     <span class='ocr_line' id='line_1_73' title="bbox 83 1884 870 1922; baseline -0.003 -10"><span class='ocrx_word' id='word_1_508' title='bbox 83 1886 171 1922; x_wconf 81' lang='grc' dir='ltr'>κῦρος</span> <span class='ocrx_word' id='word_1_509' title='bbox 186 1885 285 1917; x_wconf 83' lang='grc' dir='ltr'>ἔκειτο,</span> <span class='ocrx_word' id='word_1_510' title='bbox 309 1886 356 1912; x_wconf 83' lang='grc' dir='ltr'><strong>καί</strong></span> <span class='ocrx_word' id='word_1_511' title='bbox 372 1886 409 1920; x_wconf 87' lang='grc' dir='ltr'>μὴ</span> <span class='ocrx_word' id='word_1_512' title='bbox 429 1885 644 1920; x_wconf 87' lang='grc' dir='ltr'>συνεμεμέριστο</span> <span class='ocrx_word' id='word_1_513' title='bbox 660 1886 692 1919; x_wconf 87' lang='grc' dir='ltr'>τῇ</span> <span class='ocrx_word' id='word_1_514' title='bbox 714 1884 835 1920; x_wconf 85' lang='grc' dir='ltr'>βασιλείᾳ</span> <span class='ocrx_word' id='word_1_515' title='bbox 853 1885 870 1919; x_wconf 85' lang='grc' dir='ltr'>ἡ</span> 
     </span>
    </p>
   </div>
   <div class='ocr_carea' id='block_1_74' title="bbox 81 1929 872 1967">
    <p class='ocr_par' dir='ltr' id='par_1_74' title="bbox 81 1929 872 1967">
     <span class='ocr_line' id='line_1_74' title="bbox 81 1929 872 1967; baseline -0.003 -9"><span class='ocrx_word' id='word_1_516' title='bbox 81 1931 199 1967; x_wconf 81' lang='grc' dir='ltr'>πρᾶξις,</span> <span class='ocrx_word' id='word_1_517' title='bbox 226 1931 275 1957; x_wconf 82' lang='grc' dir='ltr'>οὐκ</span> <span class='ocrx_word' id='word_1_518' title='bbox 300 1931 333 1957; x_wconf 85' lang='grc' dir='ltr'>ἂν</span> <span class='ocrx_word' id='word_1_519' title='bbox 357 1931 505 1964; x_wconf 82' lang='grc' dir='ltr'>ἀπολογίας</span> <span class='ocrx_word' id='word_1_520' title='bbox 523 1930 586 1962; x_wconf 83' lang='grc' dir='ltr'>ἔδει,</span> <span class='ocrx_word' id='word_1_521' title='bbox 615 1930 680 1956; x_wconf 82' lang='grc' dir='ltr'>αὐτὸ</span> <span class='ocrx_word' id='word_1_522' title='bbox 695 1930 724 1957; x_wconf 82' lang='grc' dir='ltr'>δὲ</span> <span class='ocrx_word' id='word_1_523' title='bbox 748 1930 778 1956; x_wconf 84' lang='grc' dir='ltr'>τὸ</span> <span class='ocrx_word' id='word_1_524' title='bbox 792 1929 872 1965; x_wconf 81' lang='grc' dir='ltr'>ἔργον</span> 
     </span>
    </p>
   </div>
   <div class='ocr_carea' id='block_1_75' title="bbox 80 1976 872 2012">
    <p class='ocr_par' dir='ltr' id='par_1_75' title="bbox 80 1976 872 2012">
     <span class='ocr_line' id='line_1_75' title="bbox 80 1976 872 2012; baseline -0.001 -8"><span class='ocrx_word' id='word_1_525' title='bbox 80 1979 211 2012; x_wconf 85' lang='grc' dir='ltr'>κρεῖττον</span> <span class='ocrx_word' id='word_1_526' title='bbox 234 1977 264 2004; x_wconf 82' lang='grc' dir='ltr'>ὃν</span> <span class='ocrx_word' id='word_1_527' title='bbox 287 1977 336 2012; x_wconf 85' lang='grc' dir='ltr'>τῆς</span> <span class='ocrx_word' id='word_1_528' title='bbox 352 1977 502 2010; x_wconf 78' lang='grc' dir='ltr'>ἀπολογίας</span> <span class='ocrx_word' id='word_1_529' title='bbox 519 1976 667 2004; x_wconf 72' lang='grc' dir='ltr'>ἐδείκνυτο.</span> <span class='ocrx_word' id='word_1_530' title='bbox 691 1976 766 2002; x_wconf 72' lang='grc' dir='ltr'>Ἐπεὶ</span> <span class='ocrx_word' id='word_1_531' title='bbox 789 1976 817 2002; x_wconf 83' lang='grc' dir='ltr'>δὲ</span> <span class='ocrx_word' id='word_1_532' title='bbox 838 1976 872 2004; x_wconf 84' lang='grc' dir='ltr'><strong>τὰ</strong></span> 
     </span>
    </p>
   </div>
   <div class='ocr_carea' id='block_1_76' title="bbox 80 2021 873 2059">
    <p class='ocr_par' dir='ltr' id='par_1_76' title="bbox 80 2021 873 2059">
     <span class='ocr_line' id='line_1_76' title="bbox 80 2021 873 2059; baseline -0.003 -9"><span class='ocrx_word' id='word_1_533' title='bbox 80 2023 313 2059; x_wconf 77' lang='grc' dir='ltr'>ὲκκλησιαστικὰ,</span> <span class='ocrx_word' id='word_1_534' title='bbox 327 2023 376 2050; x_wconf 80' lang='grc' dir='ltr'>καὶ</span> <span class='ocrx_word' id='word_1_535' title='bbox 388 2022 505 2058; x_wconf 84' lang='grc' dir='ltr'>μάλιστά</span> <span class='ocrx_word' id='word_1_536' title='bbox 525 2030 556 2056; x_wconf 90' lang='grc' dir='ltr'><strong>γε</strong></span> <span class='ocrx_word' id='word_1_537' title='bbox 567 2022 601 2048; x_wconf 70' lang='grc' dir='ltr'><strong>τὰ</strong></span> <span class='ocrx_word' id='word_1_538' title='bbox 614 2023 678 2057; x_wconf 75' lang='grc' dir='ltr'>περὶ</span> <span class='ocrx_word' id='word_1_539' title='bbox 691 2021 746 2049; x_wconf 85' lang='grc' dir='ltr'><strong>τῶν</strong></span> <span class='ocrx_word' id='word_1_540' title='bbox 760 2021 873 2057; x_wconf 85' lang='grc' dir='ltr'>ὲνοριῶν</span> 
     </span>
    </p>
   </div>
   <div class='ocr_carea' id='block_1_77' title="bbox 78 2067 873 2103">
    <p class='ocr_par' dir='ltr' id='par_1_77' title="bbox 78 2067 873 2103">
     <span class='ocr_line' id='line_1_77' title="bbox 78 2067 873 2103; baseline 0 -9"><span class='ocrx_word' id='word_1_541' title='bbox 78 2067 179 2096; x_wconf 81' lang='grc' dir='ltr'>δίκαια</span> <span class='ocrx_word' id='word_1_542' title='bbox 192 2070 253 2100; x_wconf 88' lang='grc' dir='ltr'>ταῖς</span> <span class='ocrx_word' id='word_1_543' title='bbox 276 2069 430 2101; x_wconf 77' lang='grc' dir='ltr'>πολιτικαῖς</span> <span class='ocrx_word' id='word_1_544' title='bbox 452 2069 640 2103; x_wconf 83' lang='grc' dir='ltr'>ὲπικρατείαις</span> <span class='ocrx_word' id='word_1_545' title='bbox 655 2077 684 2094; x_wconf 86' lang='grc' dir='ltr'><strong>τε</strong></span> <span class='ocrx_word' id='word_1_546' title='bbox 707 2068 754 2095; x_wconf 79' lang='grc' dir='ltr'>καὶ</span> <span class='ocrx_word' id='word_1_547' title='bbox 771 2068 873 2103; x_wconf 84' lang='grc' dir='ltr'>διοική-</span> 
     </span>
    </p>
   </div>
   <div class='ocr_carea' id='block_1_78' title="bbox 79 2113 872 2149">
    <p class='ocr_par' dir='ltr' id='par_1_78' title="bbox 79 2113 872 2149">
     <span class='ocr_line' id='line_1_78' title="bbox 79 2113 872 2149; baseline 0 -10"><span class='ocrx_word' id='word_1_548' title='bbox 79 2121 145 2139; x_wconf 83' lang='grc' dir='ltr'>σεσι</span> <span class='ocrx_word' id='word_1_549' title='bbox 165 2114 439 2148; x_wconf 85' lang='grc' dir='ltr'>συμμεταϐάλλεσθαι</span> <span class='ocrx_word' id='word_1_550' title='bbox 452 2113 557 2146; x_wconf 78' lang='grc' dir='ltr'>εἴωθεν,</span> <span class='ocrx_word' id='word_1_551' title='bbox 577 2114 593 2149; x_wconf 91' lang='grc' dir='ltr'><strong>ἡ</strong></span> <span class='ocrx_word' id='word_1_552' title='bbox 611 2113 660 2148; x_wconf 80' lang='grc' dir='ltr'>τῆς</span> <span class='ocrx_word' id='word_1_553' title='bbox 673 2113 750 2148; x_wconf 80' lang='grc' dir='ltr'>ὑμῶν</span> <span class='ocrx_word' id='word_1_554' title='bbox 764 2113 872 2148; x_wconf 80' lang='grc' dir='ltr'>ὁσιότη-</span> 
     </span>
    </p>
   </div>
   <div class='ocr_carea' id='block_1_79' title="bbox 77 2158 873 2195">
    <p class='ocr_par' dir='ltr' id='par_1_79' title="bbox 77 2158 873 2195">
     <span class='ocr_line' id='line_1_79' title="bbox 77 2158 873 2195; baseline -0.001 -10"><span class='ocrx_word' id='word_1_555' title='bbox 77 2166 129 2190; x_wconf 86' lang='grc' dir='ltr'><strong>τος</strong></span> <span class='ocrx_word' id='word_1_556' title='bbox 146 2159 343 2195; x_wconf 81' lang='grc' dir='ltr'>εὐγνωμοσύνη</span> <span class='ocrx_word' id='word_1_557' title='bbox 360 2159 391 2186; x_wconf 82' lang='grc' dir='ltr'><strong>τδ</strong></span> <span class='ocrx_word' id='word_1_558' title='bbox 404 2159 483 2194; x_wconf 81' lang='grc' dir='ltr'>ἡμῶν</span> <span class='ocrx_word' id='word_1_559' title='bbox 498 2159 544 2186; x_wconf 77' lang='grc' dir='ltr'>ἐπὶ</span> <span class='ocrx_word' id='word_1_560' title='bbox 557 2159 588 2186; x_wconf 82' lang='grc' dir='ltr'>τὸ</span> <span class='ocrx_word' id='word_1_561' title='bbox 606 2159 775 2186; x_wconf 85' lang='grc' dir='ltr'>συνευδοκεῖν</span> <span class='ocrx_word' id='word_1_562' title='bbox 789 2159 828 2190; x_wconf 84' lang='grc' dir='ltr'><strong>είς</strong></span> <span class='ocrx_word' id='word_1_563' title='bbox 842 2158 873 2184; x_wconf 81' lang='grc' dir='ltr'>τὸ</span> 
     </span>
    </p>
   </div>
   <div class='ocr_carea' id='block_1_80' title="bbox 79 2204 873 2240">
    <p class='ocr_par' dir='ltr' id='par_1_80' title="bbox 79 2204 873 2240">
     <span class='ocr_line' id='line_1_80' title="bbox 79 2204 873 2240; baseline 0.001 -10"><span class='ocrx_word' id='word_1_564' title='bbox 79 2205 242 2239; x_wconf 84' lang='grc' dir='ltr'>παρασχεῖν</span> <span class='ocrx_word' id='word_1_565' title='bbox 261 2205 450 2239; x_wconf 83' lang='grc' dir='ltr'>ἀποδεχομένη</span> <span class='ocrx_word' id='word_1_566' title='bbox 470 2205 587 2239; x_wconf 86' lang='grc' dir='ltr'>θέλημα,</span> <span class='ocrx_word' id='word_1_567' title='bbox 602 2205 632 2231; x_wconf 85' lang='grc' dir='ltr'>τὸ</span> <span class='ocrx_word' id='word_1_568' title='bbox 646 2205 684 2240; x_wconf 87' lang='grc' dir='ltr'>μὴ</span> <span class='ocrx_word' id='word_1_569' title='bbox 701 2205 802 2237; x_wconf 84' lang='grc' dir='ltr'>λαϐεῖν,</span> <span class='ocrx_word' id='word_1_570' title='bbox 823 2204 873 2239; x_wconf 88' lang='grc' dir='ltr'>τῆς</span> 
     </span>
    </p>
   </div>
   <div class='ocr_carea' id='block_1_81' title="bbox 78 2247 872 2284">
    <p class='ocr_par' dir='ltr' id='par_1_81' title="bbox 78 2247 872 2284">
     <span class='ocr_line' id='line_1_81' title="bbox 78 2247 872 2284; baseline 0.003 -10"><span class='ocrx_word' id='word_1_571' title='bbox 78 2247 251 2283; x_wconf 84' lang='grc' dir='ltr'>πολιτικῆς,</span> <span class='ocrx_word' id='word_1_572' title='bbox 271 2249 328 2275; x_wconf 83' lang='grc' dir='ltr'>ἀλλ’</span> <span class='ocrx_word' id='word_1_573' title='bbox 351 2249 400 2283; x_wconf 76' lang='grc' dir='ltr'>οὐχ</span> <span class='ocrx_word' id='word_1_574' title='bbox 416 2249 552 2284; x_wconf 83' lang='grc' dir='ltr'>ἡμέτερον</span> <span class='ocrx_word' id='word_1_575' title='bbox 566 2247 716 2282; x_wconf 78' lang='grc' dir='ltr'>λογιζέσθω</span> <span class='ocrx_word' id='word_1_576' title='bbox 736 2248 872 2283; x_wconf 78' lang='grc' dir='ltr'>ἔγκλημα.</span> 
     </span>
    </p>
   </div>
   <div class='ocr_carea' id='block_1_82' title="bbox 85 2294 874 2331">
    <p class='ocr_par' dir='ltr' id='par_1_82' title="bbox 85 2294 874 2331">
     <span class='ocr_line' id='line_1_82' title="bbox 85 2294 874 2331; baseline 0.001 -11"><span class='ocrx_word' id='word_1_577' title='bbox 85 2294 167 2328; x_wconf 89' lang='grc' dir='ltr'><strong>Ἐγὼ</strong></span> <span class='ocrx_word' id='word_1_578' title='bbox 188 2296 243 2330; x_wconf 80' lang='grc' dir='ltr'><strong>γὰρ</strong></span> <span class='ocrx_word' id='word_1_579' title='bbox 256 2296 304 2330; x_wconf 81' lang='grc' dir='ltr'>οὐχ</span> <span class='ocrx_word' id='word_1_580' title='bbox 326 2295 345 2323; x_wconf 73' lang='grc' dir='ltr'><strong>ἃ.</strong></span> <span class='ocrx_word' id='word_1_581' title='bbox 362 2296 446 2322; x_wconf 85' lang='grc' dir='ltr'>πάλαι</span> <span class='ocrx_word' id='word_1_582' title='bbox 462 2296 508 2322; x_wconf 77' lang='grc' dir='ltr'><strong>ὑπ’</strong></span> <span class='ocrx_word' id='word_1_583' title='bbox 523 2295 619 2327; x_wconf 85' lang='grc' dir='ltr'>ἄλλους</span> <span class='ocrx_word' id='word_1_584' title='bbox 638 2295 723 2322; x_wconf 83' lang='grc' dir='ltr'>ὲτέλει</span> <span class='ocrx_word' id='word_1_585' title='bbox 739 2296 809 2331; x_wconf 82' lang='grc' dir='ltr'>μετὰ</span> <span class='ocrx_word' id='word_1_586' title='bbox 827 2294 874 2321; x_wconf 80' lang='grc' dir='ltr'><strong>τοῦ</strong></span> 
     </span>
    </p>
   </div>
   <div class='ocr_carea' id='block_1_83' title="bbox 919 1701 1707 1737">
    <p class='ocr_par' dir='ltr' id='par_1_83' title="bbox 919 1701 1707 1737">
     <span class='ocr_line' id='line_1_83' title="bbox 919 1701 1707 1737; baseline -0.001 -8"><span class='ocrx_word' id='word_1_587' title='bbox 919 1702 971 1730; x_wconf 86' lang='lat' dir='ltr'><strong>trio</strong></span> <span class='ocrx_word' id='word_1_588' title='bbox 997 1710 1048 1730; x_wconf 88' lang='lat' dir='ltr'><strong>suo</strong></span> <span class='ocrx_word' id='word_1_589' title='bbox 1070 1703 1174 1737; x_wconf 88' lang='lat' dir='ltr'><strong>pridem</strong></span> <span class='ocrx_word' id='word_1_590' title='bbox 1190 1702 1337 1737; x_wconf 86' lang='lat' dir='ltr'><strong>accipiunt,</strong></span> <span class='ocrx_word' id='word_1_591' title='bbox 1352 1702 1493 1729; x_wconf 89' lang='lat' dir='ltr'><strong>nobiscum</strong></span> <span class='ocrx_word' id='word_1_592' title='bbox 1519 1701 1707 1729; x_wconf 87' lang='lat' dir='ltr'><strong>communica-</strong></span> 
     </span>
    </p>
   </div>
   <div class='ocr_carea' id='block_1_84' title="bbox 919 1746 1707 1782">
    <p class='ocr_par' dir='ltr' id='par_1_84' title="bbox 919 1746 1707 1782">
     <span class='ocr_line' id='line_1_84' title="bbox 919 1746 1707 1782; baseline -0.003 -8"><span class='ocrx_word' id='word_1_593' title='bbox 919 1752 984 1774; x_wconf 88' lang='lat' dir='ltr'><strong>runt</strong></span> <span class='ocrx_word' id='word_1_594' title='bbox 997 1748 1150 1774; x_wconf 84' lang='lat' dir='ltr'><strong>sanctitatis</strong></span> <span class='ocrx_word' id='word_1_595' title='bbox 1168 1752 1266 1775; x_wconf 66' lang='lat' dir='ltr'><strong>vestrm</strong></span> <span class='ocrx_word' id='word_1_596' title='bbox 1278 1746 1371 1774; x_wconf 79' lang='lat' dir='ltr'><strong>vicarii</strong></span> <span class='ocrx_word' id='word_1_597' title='bbox 1387 1755 1395 1780; x_wconf 88' lang='lat'><strong>;</strong></span> <span class='ocrx_word' id='word_1_598' title='bbox 1411 1750 1537 1782; x_wconf 87' lang='lat' dir='ltr'><strong>oportere</strong></span> <span class='ocrx_word' id='word_1_599' title='bbox 1550 1754 1597 1773; x_wconf 87' lang='lat' dir='ltr'><strong>eos</strong></span> <span class='ocrx_word' id='word_1_600' title='bbox 1614 1754 1707 1773; x_wconf 88' lang='lat' dir='ltr'><strong>rever-</strong></span> 
     </span>
    </p>
   </div>
   <div class='ocr_carea' id='block_1_85' title="bbox 921 1790 1704 1827">
    <p class='ocr_par' dir='ltr' id='par_1_85' title="bbox 921 1790 1704 1827">
     <span class='ocr_line' id='line_1_85' title="bbox 921 1790 1704 1827; baseline -0.003 -8"><span class='ocrx_word' id='word_1_601' title='bbox 921 1792 951 1825; x_wconf 87' lang='lat' dir='ltr'><strong>ti,</strong></span> <span class='ocrx_word' id='word_1_602' title='bbox 974 1795 1002 1819; x_wconf 87' lang='lat' dir='ltr'><strong>et</strong></span> <span class='ocrx_word' id='word_1_603' title='bbox 1014 1792 1048 1819; x_wconf 86' lang='lat' dir='ltr'><strong>ad</strong></span> <span class='ocrx_word' id='word_1_604' title='bbox 1061 1792 1197 1827; x_wconf 88' lang='lat' dir='ltr'><strong>propriam</strong></span> <span class='ocrx_word' id='word_1_605' title='bbox 1214 1798 1355 1819; x_wconf 88' lang='lat' dir='ltr'><strong>recurrere</strong></span> <span class='ocrx_word' id='word_1_606' title='bbox 1373 1799 1442 1823; x_wconf 87' lang='lat' dir='ltr'><strong>eam,</strong></span> <span class='ocrx_word' id='word_1_607' title='bbox 1466 1798 1526 1825; x_wconf 62' lang='lat' dir='ltr'><strong>qua}</strong></span> <span class='ocrx_word' id='word_1_608' title='bbox 1541 1791 1616 1825; x_wconf 93' lang='lat' dir='ltr'><strong>prius</strong></span> <span class='ocrx_word' id='word_1_609' title='bbox 1644 1790 1704 1823; x_wconf 78' lang='lat' dir='ltr'><strong>fuit,</strong></span> 
     </span>
    </p>
   </div>
   <div class='ocr_carea' id='block_1_86' title="bbox 920 1836 1708 1872">
    <p class='ocr_par' dir='ltr' id='par_1_86' title="bbox 920 1836 1708 1872">
     <span class='ocr_line' id='line_1_86' title="bbox 920 1836 1708 1872; baseline -0.003 -7"><span class='ocrx_word' id='word_1_610' title='bbox 920 1841 1045 1865; x_wconf 84' lang='lat' dir='ltr'><strong>matrem.</strong></span> <span class='ocrx_word' id='word_1_611' title='bbox 1065 1837 1164 1865; x_wconf 90' lang='lat' dir='ltr'><strong>Verum</strong></span> <span class='ocrx_word' id='word_1_612' title='bbox 1174 1837 1195 1865; x_wconf 87' lang='lat' dir='ltr'><strong>si</strong></span> <span class='ocrx_word' id='word_1_613' title='bbox 1207 1837 1279 1872; x_wconf 92' lang='lat' dir='ltr'><strong>quod</strong></span> <span class='ocrx_word' id='word_1_614' title='bbox 1291 1837 1449 1865; x_wconf 86' lang='lat' dir='ltr'><strong>volebamus</strong></span> <span class='ocrx_word' id='word_1_615' title='bbox 1464 1837 1491 1864; x_wconf 90' lang='lat' dir='ltr'><strong>in</strong></span> <span class='ocrx_word' id='word_1_616' title='bbox 1502 1840 1594 1864; x_wconf 88' lang='lat' dir='ltr'><strong>nostra</strong></span> <span class='ocrx_word' id='word_1_617' title='bbox 1610 1836 1708 1864; x_wconf 79' lang='lat' dir='ltr'><strong>luisset</strong></span> 
     </span>
    </p>
   </div>
   <div class='ocr_carea' id='block_1_87' title="bbox 922 1883 1708 1919">
    <p class='ocr_par' dir='ltr' id='par_1_87' title="bbox 922 1883 1708 1919">
     <span class='ocr_line' id='line_1_87' title="bbox 922 1883 1708 1919; baseline 0 -8"><span class='ocrx_word' id='word_1_618' title='bbox 922 1888 1056 1919; x_wconf 83' lang='lat' dir='ltr'><strong>potestate</strong></span> <span class='ocrx_word' id='word_1_619' title='bbox 1073 1884 1167 1916; x_wconf 89' lang='lat' dir='ltr'><strong>situm,</strong></span> <span class='ocrx_word' id='word_1_620' title='bbox 1185 1885 1236 1912; x_wconf 77' lang='lat' dir='ltr'><strong>n&#39;ec</strong></span> <span class='ocrx_word' id='word_1_621' title='bbox 1255 1883 1395 1919; x_wconf 72' lang='lat' dir='ltr'><strong>negotium</strong></span> <span class='ocrx_word' id='word_1_622' title='bbox 1419 1891 1482 1911; x_wconf 92' lang='lat' dir='ltr'><strong>cum</strong></span> <span class='ocrx_word' id='word_1_623' title='bbox 1505 1883 1619 1918; x_wconf 87' lang='lat' dir='ltr'><strong>imperio</strong></span> <span class='ocrx_word' id='word_1_624' title='bbox 1637 1883 1708 1911; x_wconf 87' lang='lat' dir='ltr'><strong>divi-</strong></span> 
     </span>
    </p>
   </div>
   <div class='ocr_carea' id='block_1_88' title="bbox 921 1929 1706 1964">
    <p class='ocr_par' dir='ltr' id='par_1_88' title="bbox 921 1929 1706 1964">
     <span class='ocr_line' id='line_1_88' title="bbox 921 1929 1706 1964; baseline -0.001 -6"><span class='ocrx_word' id='word_1_625' title='bbox 921 1938 981 1958; x_wconf 91' lang='lat' dir='ltr'><strong>sum</strong></span> <span class='ocrx_word' id='word_1_626' title='bbox 1009 1930 1114 1963; x_wconf 80' lang='lat' dir='ltr'><strong>fuisset,</strong></span> <span class='ocrx_word' id='word_1_627' title='bbox 1128 1930 1241 1958; x_wconf 90' lang='lat' dir='ltr'><strong>dicenda</strong></span> <span class='ocrx_word' id='word_1_628' title='bbox 1256 1937 1338 1957; x_wconf 81' lang='lat' dir='ltr'><strong>causa</strong></span> <span class='ocrx_word' id='word_1_629' title='bbox 1352 1937 1406 1957; x_wconf 90' lang='lat' dir='ltr'><strong>non</strong></span> <span class='ocrx_word' id='word_1_630' title='bbox 1418 1937 1500 1962; x_wconf 79' lang='lat' dir='ltr'><strong>esset,</strong></span> <span class='ocrx_word' id='word_1_631' title='bbox 1517 1930 1564 1957; x_wconf 85' lang='lat' dir='ltr'><strong>sed</strong></span> <span class='ocrx_word' id='word_1_632' title='bbox 1578 1929 1635 1964; x_wconf 87' lang='lat' dir='ltr'><strong>ipsa</strong></span> <span class='ocrx_word' id='word_1_633' title='bbox 1651 1937 1706 1962; x_wconf 90' lang='lat' dir='ltr'><strong>res,</strong></span> 
     </span>
    </p>
   </div>
   <div class='ocr_carea' id='block_1_89' title="bbox 920 1975 1707 2011">
    <p class='ocr_par' dir='ltr' id='par_1_89' title="bbox 920 1975 1707 2011">
     <span class='ocr_line' id='line_1_89' title="bbox 920 1975 1707 2011; baseline -0.003 -7"><span class='ocrx_word' id='word_1_634' title='bbox 920 1984 981 2011; x_wconf 63' lang='lat' dir='ltr'><strong>qua:</strong></span> <span class='ocrx_word' id='word_1_635' title='bbox 994 1984 1082 2004; x_wconf 72' lang='lat' dir='ltr'><strong>causa:</strong></span> <span class='ocrx_word' id='word_1_636' title='bbox 1096 1976 1215 2004; x_wconf 86' lang='lat' dir='ltr'><strong>dictione</strong></span> <span class='ocrx_word' id='word_1_637' title='bbox 1230 1983 1262 2003; x_wconf 85' lang='lat' dir='ltr'><strong>ac</strong></span> <span class='ocrx_word' id='word_1_638' title='bbox 1276 1975 1348 2003; x_wconf 88' lang='lat' dir='ltr'><strong>omni</strong></span> <span class='ocrx_word' id='word_1_639' title='bbox 1371 1975 1530 2003; x_wconf 77' lang='lat' dir='ltr'><strong>defensione</strong></span> <span class='ocrx_word' id='word_1_640' title='bbox 1542 1979 1584 2003; x_wconf 83' lang='lat' dir='ltr'><strong>est</strong></span> <span class='ocrx_word' id='word_1_641' title='bbox 1608 1975 1707 2010; x_wconf 84' lang='lat' dir='ltr'><strong>potior,</strong></span> 
     </span>
    </p>
   </div>
   <div class='ocr_carea' id='block_1_90' title="bbox 920 2021 1730 2056">
    <p class='ocr_par' dir='ltr' id='par_1_90' title="bbox 920 2021 1730 2056">
     <span class='ocr_line' id='line_1_90' title="bbox 920 2021 1730 2056; baseline -0.002 -6"><span class='ocrx_word' id='word_1_642' title='bbox 920 2027 992 2050; x_wconf 87' lang='lat' dir='ltr'><strong>esset</strong></span> <span class='ocrx_word' id='word_1_643' title='bbox 1005 2022 1136 2050; x_wconf 83' lang='lat' dir='ltr'><strong>exhibita.</strong></span> <span class='ocrx_word' id='word_1_644' title='bbox 1145 2022 1279 2056; x_wconf 87' lang='lat' dir='ltr'><strong>Quoniam</strong></span> <span class='ocrx_word' id='word_1_645' title='bbox 1292 2029 1357 2049; x_wconf 90' lang='lat' dir='ltr'><strong>vero</strong></span> <span class='ocrx_word' id='word_1_646' title='bbox 1371 2021 1546 2050; x_wconf 87' lang='lat' dir='ltr'><strong>ecclesiastici</strong></span> <span class='ocrx_word' id='word_1_647' title='bbox 1556 2026 1584 2049; x_wconf 85' lang='lat' dir='ltr'><strong>et</strong></span> <span class='ocrx_word' id='word_1_648' title='bbox 1592 2022 1711 2049; x_wconf 78' lang='lat' dir='ltr'><strong>maxime</strong></span> <span class='ocrx_word' id='word_1_649' title='bbox 1726 2033 1730 2036; x_wconf 90' lang='lat'><strong><em>-</em></strong></span> 
     </span>
    </p>
   </div>
   <div class='ocr_carea' id='block_1_91' title="bbox 919 2065 1709 2105">
    <p class='ocr_par' dir='ltr' id='par_1_91' title="bbox 919 2065 1709 2105">
     <span class='ocr_line' id='line_1_91' title="bbox 919 2065 1709 2105; baseline -0.005 -9"><span class='ocrx_word' id='word_1_650' title='bbox 919 2069 980 2105; x_wconf 85' lang='lat' dir='ltr'><strong>jura</strong></span> <span class='ocrx_word' id='word_1_651' title='bbox 1007 2076 1067 2103; x_wconf 73' lang='lat' dir='ltr'><strong>quae</strong></span> <span class='ocrx_word' id='word_1_652' title='bbox 1091 2068 1124 2095; x_wconf 88' lang='lat' dir='ltr'><strong>de</strong></span> <span class='ocrx_word' id='word_1_653' title='bbox 1156 2067 1312 2102; x_wconf 79' lang='lat' dir='ltr'><strong>regionibus</strong></span> <span class='ocrx_word' id='word_1_654' title='bbox 1343 2070 1407 2093; x_wconf 89' lang='lat' dir='ltr'><strong>sunt</strong></span> <span class='ocrx_word' id='word_1_655' title='bbox 1435 2070 1462 2093; x_wconf 89' lang='lat' dir='ltr'><strong>et</strong></span> <span class='ocrx_word' id='word_1_656' title='bbox 1486 2066 1597 2098; x_wconf 82' lang='lat' dir='ltr'><strong>ﬁnibus,</strong></span> <span class='ocrx_word' id='word_1_657' title='bbox 1621 2065 1709 2093; x_wconf 87' lang='lat' dir='ltr'><strong>solent</strong></span> 
     </span>
    </p>
   </div>
   <div class='ocr_carea' id='block_1_92' title="bbox 921 2112 1708 2149">
    <p class='ocr_par' dir='ltr' id='par_1_92' title="bbox 921 2112 1708 2149">
     <span class='ocr_line' id='line_1_92' title="bbox 921 2112 1708 2149; baseline -0.004 -7"><span class='ocrx_word' id='word_1_658' title='bbox 921 2122 982 2142; x_wconf 91' lang='lat' dir='ltr'><strong>cum</strong></span> <span class='ocrx_word' id='word_1_659' title='bbox 1001 2114 1156 2149; x_wconf 51' lang='lat' dir='ltr'><strong>reipublicae</strong></span> <span class='ocrx_word' id='word_1_660' title='bbox 1173 2117 1307 2149; x_wconf 83' lang='lat' dir='ltr'><strong>potestate</strong></span> <span class='ocrx_word' id='word_1_661' title='bbox 1333 2120 1365 2140; x_wconf 88' lang='lat' dir='ltr'><strong>ac</strong></span> <span class='ocrx_word' id='word_1_662' title='bbox 1381 2112 1614 2140; x_wconf 88' lang='lat' dir='ltr'><strong>administratione</strong></span> <span class='ocrx_word' id='word_1_663' title='bbox 1646 2119 1708 2140; x_wconf 81' lang='lat' dir='ltr'><strong>mu-</strong></span> 
     </span>
    </p>
   </div>
   <div class='ocr_carea' id='block_1_93' title="bbox 922 2158 1709 2194">
    <p class='ocr_par' dir='ltr' id='par_1_93' title="bbox 922 2158 1709 2194">
     <span class='ocr_line' id='line_1_93' title="bbox 922 2158 1709 2194; baseline -0.004 -7"><span class='ocrx_word' id='word_1_664' title='bbox 922 2161 972 2187; x_wconf 88' lang='lat' dir='ltr'><strong>tari</strong></span> <span class='ocrx_word' id='word_1_665' title='bbox 989 2164 1104 2192; x_wconf 63' lang='lat' dir='ltr'><strong>;vcslraa</strong></span> <span class='ocrx_word' id='word_1_666' title='bbox 1116 2159 1254 2194; x_wconf 81' lang='lat' dir='ltr'><strong>religionis</strong></span> <span class='ocrx_word' id='word_1_667' title='bbox 1271 2158 1395 2193; x_wconf 81' lang='lat' dir='ltr'><strong>aequitas,</strong></span> <span class='ocrx_word' id='word_1_668' title='bbox 1411 2162 1531 2185; x_wconf 85' lang='lat' dir='ltr'><strong>nostram</strong></span> <span class='ocrx_word' id='word_1_669' title='bbox 1559 2158 1592 2184; x_wconf 91' lang='lat' dir='ltr'><strong>ad</strong></span> <span class='ocrx_word' id='word_1_670' title='bbox 1611 2165 1709 2185; x_wconf 87' lang='lat' dir='ltr'><strong>conce-</strong></span> 
     </span>
    </p>
   </div>
   <div class='ocr_carea' id='block_1_94' title="bbox 921 2203 1708 2239">
    <p class='ocr_par' dir='ltr' id='par_1_94' title="bbox 921 2203 1708 2239">
     <span class='ocr_line' id='line_1_94' title="bbox 921 2203 1708 2239; baseline -0.004 -6"><span class='ocrx_word' id='word_1_671' title='bbox 921 2206 1039 2233; x_wconf 88' lang='lat' dir='ltr'><strong>dendum</strong></span> <span class='ocrx_word' id='word_1_672' title='bbox 1065 2205 1250 2233; x_wconf 85' lang='lat' dir='ltr'><strong>assensionem</strong></span> <span class='ocrx_word' id='word_1_673' title='bbox 1280 2204 1406 2239; x_wconf 83' lang='lat' dir='ltr'><strong>probans,</strong></span> <span class='ocrx_word' id='word_1_674' title='bbox 1428 2203 1454 2231; x_wconf 92' lang='lat' dir='ltr'><strong>id</strong></span> <span class='ocrx_word' id='word_1_675' title='bbox 1471 2211 1526 2230; x_wconf 92' lang='lat' dir='ltr'><strong>non</strong></span> <span class='ocrx_word' id='word_1_676' title='bbox 1547 2204 1708 2236; x_wconf 87' lang='lat' dir='ltr'><strong>obtinuisse,</strong></span> 
     </span>
    </p>
   </div>
   <div class='ocr_carea' id='block_1_95' title="bbox 922 2249 1710 2285">
    <p class='ocr_par' dir='ltr' id='par_1_95' title="bbox 922 2249 1710 2285">
     <span class='ocr_line' id='line_1_95' title="bbox 922 2249 1710 2285; baseline -0.004 -8"><span class='ocrx_word' id='word_1_677' title='bbox 922 2250 1077 2285; x_wconf 61' lang='lat' dir='ltr'><strong>reipublicw</strong></span> <span class='ocrx_word' id='word_1_678' title='bbox 1086 2249 1339 2280; x_wconf 87' lang='lat' dir='ltr'><strong>administrationis,</strong></span> <span class='ocrx_word' id='word_1_679' title='bbox 1357 2256 1412 2275; x_wconf 89' lang='lat' dir='ltr'><strong>non</strong></span> <span class='ocrx_word' id='word_1_680' title='bbox 1426 2253 1548 2275; x_wconf 90' lang='lat' dir='ltr'><strong>nostrum</strong></span> <span class='ocrx_word' id='word_1_681' title='bbox 1562 2251 1638 2283; x_wconf 88' lang='lat' dir='ltr'><strong>putet</strong></span> <span class='ocrx_word' id='word_1_682' title='bbox 1649 2255 1710 2275; x_wconf 85' lang='lat' dir='ltr'><strong>esse</strong></span> 
     </span>
    </p>
   </div>
   <div class='ocr_carea' id='block_1_96' title="bbox 923 2294 1710 2331">
    <p class='ocr_par' dir='ltr' id='par_1_96' title="bbox 923 2294 1710 2331">
     <span class='ocr_line' id='line_1_96' title="bbox 923 2294 1710 2331; baseline -0.004 -8"><span class='ocrx_word' id='word_1_683' title='bbox 923 2296 1039 2323; x_wconf 91' lang='lat' dir='ltr'><strong>crimen.</strong></span> <span class='ocrx_word' id='word_1_684' title='bbox 1057 2296 1114 2331; x_wconf 79' lang='lat' dir='ltr'><strong>Ego</strong></span> <span class='ocrx_word' id='word_1_685' title='bbox 1134 2296 1206 2323; x_wconf 91' lang='lat' dir='ltr'><strong>enim</strong></span> <span class='ocrx_word' id='word_1_686' title='bbox 1218 2303 1272 2323; x_wconf 92' lang='lat' dir='ltr'><strong>non</strong></span> <span class='ocrx_word' id='word_1_687' title='bbox 1288 2296 1378 2328; x_wconf 88' lang='lat' dir='ltr'><strong>modo,</strong></span> <span class='ocrx_word' id='word_1_688' title='bbox 1395 2303 1454 2330; x_wconf 71' lang='lat' dir='ltr'><strong>qua:</strong></span> <span class='ocrx_word' id='word_1_689' title='bbox 1469 2295 1573 2329; x_wconf 84' lang='lat' dir='ltr'><strong>pridem</strong></span> <span class='ocrx_word' id='word_1_690' title='bbox 1590 2294 1617 2321; x_wconf 91' lang='lat' dir='ltr'><strong>in</strong></span> <span class='ocrx_word' id='word_1_691' title='bbox 1642 2294 1710 2321; x_wconf 85' lang='lat' dir='ltr'><strong>alio-</strong></span> 
     </span>
    </p>
   </div>
   <div class='ocr_carea' id='block_1_97' title="bbox 79 2340 865 2379">
    <p class='ocr_par' dir='ltr' id='par_1_97' title="bbox 79 2340 865 2377">
     <span class='ocr_line' id='line_1_97' title="bbox 79 2340 865 2377; baseline 0.001 -11"><span class='ocrx_word' id='word_1_692' title='bbox 79 2340 208 2372; x_wconf 83' lang='grc' dir='ltr'>δικαίου,</span> <span class='ocrx_word' id='word_1_693' title='bbox 225 2342 272 2368; x_wconf 76' lang='grc' dir='ltr'>καὶ</span> <span class='ocrx_word' id='word_1_694' title='bbox 287 2342 337 2377; x_wconf 81' lang='grc' dir='ltr'>τῆς</span> <span class='ocrx_word' id='word_1_695' title='bbox 352 2342 432 2376; x_wconf 87' lang='grc' dir='ltr'>φίλης</span> <span class='ocrx_word' id='word_1_696' title='bbox 447 2341 558 2377; x_wconf 77' lang='grc' dir='ltr'>εἰρήνης</span> <span class='ocrx_word' id='word_1_697' title='bbox 579 2341 760 2376; x_wconf 79' lang='grc' dir='ltr'>ἀναστρέφειν</span> <span class='ocrx_word' id='word_1_698' title='bbox 775 2340 865 2376; x_wconf 78' lang='grc' dir='ltr'>πρόθυι</span> 
     </span>
    </p>
   </div>
   <div class='ocr_carea' id='block_1_98' title="bbox 916 2340 1712 2379">
    <p class='ocr_par' dir='ltr' id='par_1_98' title="bbox 928 2340 1712 2376">
     <span class='ocr_line' id='line_1_98' title="bbox 928 2340 1712 2376; baseline -0.003 -8"><span class='ocrx_word' id='word_1_699' title='bbox 928 2349 986 2369; x_wconf 92' lang='lat' dir='ltr'><strong>rum</strong></span> <span class='ocrx_word' id='word_1_700' title='bbox 1003 2342 1106 2368; x_wconf 86' lang='lat' dir='ltr'><strong>ditione</strong></span> <span class='ocrx_word' id='word_1_701' title='bbox 1123 2345 1210 2373; x_wconf 90' lang='lat' dir='ltr'><strong>erant,</strong></span> <span class='ocrx_word' id='word_1_702' title='bbox 1226 2349 1286 2368; x_wconf 84' lang='lat' dir='ltr'><strong>cum</strong></span> <span class='ocrx_word' id='word_1_703' title='bbox 1301 2342 1362 2376; x_wconf 86' lang='lat' dir='ltr'><strong>jure</strong></span> <span class='ocrx_word' id='word_1_704' title='bbox 1379 2346 1406 2368; x_wconf 88' lang='lat' dir='ltr'><strong>et</strong></span> <span class='ocrx_word' id='word_1_705' title='bbox 1417 2341 1503 2368; x_wconf 89' lang='lat' dir='ltr'><strong>amica</strong></span> <span class='ocrx_word' id='word_1_706' title='bbox 1522 2345 1597 2375; x_wconf 85' lang='lat' dir='ltr'><strong>parte</strong></span> <span class='ocrx_word' id='word_1_707' title='bbox 1615 2340 1712 2367; x_wconf 83' lang='lat' dir='ltr'><strong>studeo</strong></span> 
     </span>
    </p>
   </div>
   <div class='ocr_carea' id='block_1_99' title="bbox 80 2386 876 2422">
    <p class='ocr_par' dir='ltr' id='par_1_99' title="bbox 80 2386 876 2422">
     <span class='ocr_line' id='line_1_99' title="bbox 80 2386 876 2422; baseline 0.001 -10"><span class='ocrx_word' id='word_1_708' title='bbox 80 2394 150 2421; x_wconf 84' lang='grc' dir='ltr'>μος,</span> <span class='ocrx_word' id='word_1_709' title='bbox 166 2386 235 2413; x_wconf 84' lang='grc' dir='ltr'>ἀλλὰ</span> <span class='ocrx_word' id='word_1_710' title='bbox 250 2387 295 2413; x_wconf 84' lang='grc' dir='ltr'>καὶ</span> <span class='ocrx_word' id='word_1_711' title='bbox 311 2387 365 2413; x_wconf 90' lang='grc' dir='ltr'>τῶν</span> <span class='ocrx_word' id='word_1_712' title='bbox 377 2386 509 2414; x_wconf 81' lang='grc' dir='ltr'>ἀνέκαθεν</span> <span class='ocrx_word' id='word_1_713' title='bbox 520 2386 558 2422; x_wconf 81' lang='grc' dir='ltr'>τῷ</span> <span class='ocrx_word' id='word_1_714' title='bbox 571 2387 658 2422; x_wconf 83' lang='grc' dir='ltr'>θρόνῳ</span> <span class='ocrx_word' id='word_1_715' title='bbox 680 2387 766 2422; x_wconf 87' lang='grc' dir='ltr'>τούτῳ</span> <span class='ocrx_word' id='word_1_716' title='bbox 792 2395 876 2422; x_wconf 89' lang='grc' dir='ltr'>προσ-</span> 
     </span>
    </p>
   </div>
   <div class='ocr_carea' id='block_1_100' title="bbox 79 2431 877 2468">
    <p class='ocr_par' dir='ltr' id='par_1_100' title="bbox 79 2431 877 2468">
     <span class='ocr_line' id='line_1_100' title="bbox 79 2431 877 2468; baseline 0.003 -12"><span class='ocrx_word' id='word_1_717' title='bbox 79 2431 384 2466; x_wconf 78' lang='grc' dir='ltr'>ανατιθεμένων,εἵτις</span> <span class='ocrx_word' id='word_1_718' title='bbox 398 2432 496 2468; x_wconf 70' lang='grc' dir='ltr'>ἰσχύων</span> <span class='ocrx_word' id='word_1_719' title='bbox 510 2433 700 2468; x_wconf 68' lang='grc' dir='ltr'>ἐπιτροπεύειν</span> <span class='ocrx_word' id='word_1_720' title='bbox 712 2432 798 2466; x_wconf 77' lang='grc' dir='ltr'>ἠξίου,</span> <span class='ocrx_word' id='word_1_721' title='bbox 808 2432 877 2459; x_wconf 80' lang='grc' dir='ltr'>ἑτοι-</span> 
     </span>
    </p>
   </div>
   <div class='ocr_carea' id='block_1_101' title="bbox 77 2476 876 2513">
    <p class='ocr_par' dir='ltr' id='par_1_101' title="bbox 77 2476 876 2513">
     <span class='ocr_line' id='line_1_101' title="bbox 77 2476 876 2513; baseline 0.001 -10"><span class='ocrx_word' id='word_1_722' title='bbox 77 2484 149 2511; x_wconf 84' lang='grc' dir='ltr'><strong>μως</strong></span> <span class='ocrx_word' id='word_1_723' title='bbox 171 2476 206 2503; x_wconf 85' lang='grc' dir='ltr'>ἂν</span> <span class='ocrx_word' id='word_1_724' title='bbox 218 2478 402 2512; x_wconf 82' lang='grc' dir='ltr'>παρεχώρησα</span> <span class='ocrx_word' id='word_1_725' title='bbox 416 2479 455 2513; x_wconf 82' lang='grc' dir='ltr'>τῷ</span> <span class='ocrx_word' id='word_1_726' title='bbox 466 2478 608 2513; x_wconf 87' lang='grc' dir='ltr'>δυναμένῳ</span> <span class='ocrx_word' id='word_1_727' title='bbox 626 2478 725 2513; x_wconf 76' lang='grc' dir='ltr'>μᾶλλον</span> <span class='ocrx_word' id='word_1_728' title='bbox 745 2477 876 2504; x_wconf 86' lang='grc' dir='ltr'>πλειόνων</span> 
     </span>
    </p>
   </div>
   <div class='ocr_carea' id='block_1_102' title="bbox 71 2521 875 2558">
    <p class='ocr_par' dir='ltr' id='par_1_102' title="bbox 71 2521 875 2558">
     <span class='ocr_line' id='line_1_102' title="bbox 71 2521 875 2558; baseline 0.005 -12"><span class='ocrx_word' id='word_1_729' title='bbox 71 2521 260 2556; x_wconf 85' lang='grc' dir='ltr'>ἀντέχεσθαι.</span> <span class='ocrx_word' id='word_1_730' title='bbox 274 2523 329 2548; x_wconf 68' lang='grc' dir='ltr'><strong>Καὶ</strong></span> <span class='ocrx_word' id='word_1_731' title='bbox 340 2523 394 2558; x_wconf 79' lang='grc' dir='ltr'><strong>γὰρ</strong></span> <span class='ocrx_word' id='word_1_732' title='bbox 405 2524 419 2550; x_wconf 77' lang='grc' dir='ltr'>ὁ</span> <span class='ocrx_word' id='word_1_733' title='bbox 430 2524 478 2558; x_wconf 85' lang='grc' dir='ltr'>μὲν</span> <span class='ocrx_word' id='word_1_734' title='bbox 495 2523 555 2558; x_wconf 84' lang='grc' dir='ltr'>ὲμοί</span> <span class='ocrx_word' id='word_1_735' title='bbox 567 2532 592 2550; x_wconf 91' lang='grc' dir='ltr'><strong>τι</strong></span> <span class='ocrx_word' id='word_1_736' title='bbox 606 2523 660 2550; x_wconf 86' lang='grc' dir='ltr'><strong>τῶν</strong></span> <span class='ocrx_word' id='word_1_737' title='bbox 672 2524 703 2550; x_wconf 86' lang='grc' dir='ltr'>οὐ</span> <span class='ocrx_word' id='word_1_738' title='bbox 720 2523 875 2558; x_wconf 84' lang='grc' dir='ltr'>προσόντων</span> 
     </span>
    </p>
   </div>
   <div class='ocr_carea' id='block_1_103' title="bbox 70 2565 872 2604">
    <p class='ocr_par' dir='ltr' id='par_1_103' title="bbox 70 2565 872 2604">
     <span class='ocr_line' id='line_1_103' title="bbox 70 2565 872 2604; baseline 0.001 -12"><span class='ocrx_word' id='word_1_739' title='bbox 70 2566 256 2602; x_wconf 72' lang='grc' dir='ltr'>προστιθεὶς,</span> <span class='ocrx_word' id='word_1_740' title='bbox 273 2565 351 2599; x_wconf 70' lang='grc' dir='ltr'>οὗτος</span> <span class='ocrx_word' id='word_1_741' title='bbox 365 2569 397 2594; x_wconf 81' lang='grc' dir='ltr'>τὸ</span> <span class='ocrx_word' id='word_1_742' title='bbox 413 2569 494 2604; x_wconf 80' lang='grc' dir='ltr'>βάρος</span> <span class='ocrx_word' id='word_1_743' title='bbox 507 2568 587 2595; x_wconf 83' lang='grc' dir='ltr'>πλέον</span> <span class='ocrx_word' id='word_1_744' title='bbox 597 2569 671 2595; x_wconf 72' lang='grc' dir='ltr'>ἐστὶν</span> <span class='ocrx_word' id='word_1_745' title='bbox 690 2569 704 2595; x_wconf 88' lang='grc' dir='ltr'><strong>ό</strong></span> <span class='ocrx_word' id='word_1_746' title='bbox 719 2568 852 2599; x_wconf 79' lang='grc' dir='ltr'>ἐπιτιθείς</span> <span class='ocrx_word' id='word_1_747' title='bbox 865 2576 872 2584; x_wconf 70' lang='grc' dir='ltr'><strong><em>υ</em></strong></span> 
     </span>
    </p>
   </div>
   <div class='ocr_carea' id='block_1_104' title="bbox 72 2611 873 2649">
    <p class='ocr_par' dir='ltr' id='par_1_104' title="bbox 72 2611 873 2649">
     <span class='ocr_line' id='line_1_104' title="bbox 72 2611 873 2649; baseline 0.001 -10"><span class='ocrx_word' id='word_1_748' title='bbox 72 2613 226 2649; x_wconf 84' lang='grc' dir='ltr'>μερίμνης</span> <span class='ocrx_word' id='word_1_749' title='bbox 242 2612 297 2648; x_wconf 87' lang='grc' dir='ltr'>γὰρ</span> <span class='ocrx_word' id='word_1_750' title='bbox 319 2611 433 2648; x_wconf 80' lang='grc' dir='ltr'>αὗξησιν</span> <span class='ocrx_word' id='word_1_751' title='bbox 459 2615 545 2640; x_wconf 82' lang='grc' dir='ltr'>ποιεῖ·</span> <span class='ocrx_word' id='word_1_752' title='bbox 571 2615 586 2640; x_wconf 83' lang='grc' dir='ltr'>ὁ</span> <span class='ocrx_word' id='word_1_753' title='bbox 611 2614 640 2640; x_wconf 85' lang='grc' dir='ltr'>δὲ</span> <span class='ocrx_word' id='word_1_754' title='bbox 659 2614 706 2640; x_wconf 76' lang='grc' dir='ltr'>καὶ</span> <span class='ocrx_word' id='word_1_755' title='bbox 728 2613 785 2640; x_wconf 82' lang='grc' dir='ltr'>τῶν</span> <span class='ocrx_word' id='word_1_756' title='bbox 805 2621 873 2649; x_wconf 87' lang='grc' dir='ltr'>προ-</span> 
     </span>
    </p>
   </div>
   <div class='ocr_carea' id='block_1_105' title="bbox 73 2661 876 2698">
    <p class='ocr_par' dir='ltr' id='par_1_105' title="bbox 73 2661 876 2698">
     <span class='ocr_line' id='line_1_105' title="bbox 73 2661 876 2698; baseline 0.001 -11"><span class='ocrx_word' id='word_1_757' title='bbox 73 2661 269 2697; x_wconf 78' lang='grc' dir='ltr'>ὖπαρχόντων</span> <span class='ocrx_word' id='word_1_758' title='bbox 287 2661 348 2687; x_wconf 83' lang='grc' dir='ltr'>τινὰ</span> <span class='ocrx_word' id='word_1_759' title='bbox 364 2661 411 2688; x_wconf 67' lang='grc' dir='ltr'>σὺν</span> <span class='ocrx_word' id='word_1_760' title='bbox 429 2661 522 2698; x_wconf 82' lang='grc' dir='ltr'>ἀγάπῃ</span> <span class='ocrx_word' id='word_1_761' title='bbox 537 2661 628 2688; x_wconf 77' lang='grc' dir='ltr'>λαϐεῖν</span> <span class='ocrx_word' id='word_1_762' title='bbox 640 2662 791 2697; x_wconf 77' lang='grc' dir='ltr'>ἐπιζητῶν,</span> <span class='ocrx_word' id='word_1_763' title='bbox 808 2661 876 2697; x_wconf 84' lang='grc' dir='ltr'>μᾶλ-</span> 
     </span>
    </p>
   </div>
   <div class='ocr_carea' id='block_1_106' title="bbox 69 2707 874 2745">
    <p class='ocr_par' dir='ltr' id='par_1_106' title="bbox 69 2707 874 2745">
     <span class='ocr_line' id='line_1_106' title="bbox 69 2707 874 2745; baseline 0.004 -12"><span class='ocrx_word' id='word_1_764' title='bbox 69 2713 125 2733; x_wconf 66' lang='grc' dir='ltr'><strong>λον</strong></span> <span class='ocrx_word' id='word_1_765' title='bbox 154 2708 219 2742; x_wconf 73' lang='grc' dir='ltr'>ἐμοὶ</span> <span class='ocrx_word' id='word_1_766' title='bbox 243 2708 323 2743; x_wconf 76' lang='grc' dir='ltr'>χάριν</span> <span class='ocrx_word' id='word_1_767' title='bbox 338 2707 446 2741; x_wconf 81' lang='grc' dir='ltr'>διδόντι,</span> <span class='ocrx_word' id='word_1_768' title='bbox 471 2709 488 2745; x_wconf 70' lang='grc' dir='ltr'>ἢ</span> <span class='ocrx_word' id='word_1_769' title='bbox 507 2708 581 2743; x_wconf 84' lang='grc' dir='ltr'><strong>αὑτῷ</strong></span> <span class='ocrx_word' id='word_1_770' title='bbox 600 2709 765 2744; x_wconf 87' lang='grc' dir='ltr'>λαμϐάνοντι</span> <span class='ocrx_word' id='word_1_771' title='bbox 780 2709 874 2745; x_wconf 83' lang='grc' dir='ltr'>κέρδος</span> 
     </span>
    </p>
   </div>
   <div class='ocr_carea' id='block_1_107' title="bbox 927 2386 1709 2422">
    <p class='ocr_par' dir='ltr' id='par_1_107' title="bbox 927 2386 1709 2422">
     <span class='ocr_line' id='line_1_107' title="bbox 927 2386 1709 2422; baseline -0.003 -7"><span class='ocrx_word' id='word_1_772' title='bbox 927 2388 1039 2415; x_wconf 85' lang='lat' dir='ltr'><strong>reddere</strong></span> <span class='ocrx_word' id='word_1_773' title='bbox 1055 2397 1063 2416; x_wconf 86' lang='lat'>:</span> <span class='ocrx_word' id='word_1_774' title='bbox 1079 2387 1127 2415; x_wconf 89' lang='lat' dir='ltr'><strong>sed</strong></span> <span class='ocrx_word' id='word_1_775' title='bbox 1140 2387 1247 2415; x_wconf 86' lang='lat' dir='ltr'><strong>etiamsi</strong></span> <span class='ocrx_word' id='word_1_776' title='bbox 1264 2387 1441 2422; x_wconf 92' lang='lat' dir='ltr'><strong>quorumdam</strong></span> <span class='ocrx_word' id='word_1_777' title='bbox 1458 2395 1490 2414; x_wconf 79' lang='lat' dir='ltr'><strong>ex</strong></span> <span class='ocrx_word' id='word_1_778' title='bbox 1510 2386 1542 2413; x_wconf 89' lang='lat' dir='ltr'><strong>iis</strong></span> <span class='ocrx_word' id='word_1_779' title='bbox 1556 2394 1616 2421; x_wconf 62' lang='lat' dir='ltr'><strong>quae</strong></span> <span class='ocrx_word' id='word_1_780' title='bbox 1631 2391 1709 2414; x_wconf 85' lang='lat' dir='ltr'><strong>antea</strong></span> 
     </span>
    </p>
   </div>
   <div class='ocr_carea' id='block_1_108' title="bbox 927 2432 1709 2468">
    <p class='ocr_par' dir='ltr' id='par_1_108' title="bbox 927 2432 1709 2468">
     <span class='ocr_line' id='line_1_108' title="bbox 927 2432 1709 2468; baseline -0.003 -7"><span class='ocrx_word' id='word_1_781' title='bbox 927 2434 991 2461; x_wconf 88' lang='lat' dir='ltr'><strong>huic</strong></span> <span class='ocrx_word' id='word_1_782' title='bbox 1012 2434 1068 2461; x_wconf 90' lang='lat' dir='ltr'><strong>sedi</strong></span> <span class='ocrx_word' id='word_1_783' title='bbox 1085 2434 1172 2461; x_wconf 90' lang='lat' dir='ltr'><strong>dicata</strong></span> <span class='ocrx_word' id='word_1_784' title='bbox 1189 2438 1267 2460; x_wconf 87' lang='lat' dir='ltr'><strong>erant</strong></span> <span class='ocrx_word' id='word_1_785' title='bbox 1291 2433 1387 2468; x_wconf 86' lang='lat' dir='ltr'><strong>aliquis</strong></span> <span class='ocrx_word' id='word_1_786' title='bbox 1404 2433 1507 2460; x_wconf 83' lang='lat' dir='ltr'><strong>viribus</strong></span> <span class='ocrx_word' id='word_1_787' title='bbox 1520 2432 1624 2468; x_wconf 91' lang='lat' dir='ltr'><strong>pollens</strong></span> <span class='ocrx_word' id='word_1_788' title='bbox 1645 2440 1709 2467; x_wconf 90' lang='lat' dir='ltr'><strong>pro-</strong></span> 
     </span>
    </p>
   </div>
   <div class='ocr_carea' id='block_1_109' title="bbox 927 2479 1713 2514">
    <p class='ocr_par' dir='ltr' id='par_1_109' title="bbox 927 2479 1713 2514">
     <span class='ocr_line' id='line_1_109' title="bbox 927 2479 1713 2514; baseline -0.001 -7"><span class='ocrx_word' id='word_1_789' title='bbox 927 2480 1097 2508; x_wconf 86' lang='lat' dir='ltr'><strong>curationem</strong></span> <span class='ocrx_word' id='word_1_790' title='bbox 1121 2480 1290 2514; x_wconf 82' lang='lat' dir='ltr'><strong>dcposceret,</strong></span> <span class='ocrx_word' id='word_1_791' title='bbox 1315 2483 1424 2514; x_wconf 89' lang='lat' dir='ltr'><strong>paratus</strong></span> <span class='ocrx_word' id='word_1_792' title='bbox 1445 2487 1518 2506; x_wconf 75' lang='lat' dir='ltr'><strong>erant</strong></span> <span class='ocrx_word' id='word_1_793' title='bbox 1537 2479 1639 2514; x_wconf 89' lang='lat' dir='ltr'><strong>petenti</strong></span> <span class='ocrx_word' id='word_1_794' title='bbox 1661 2486 1713 2514; x_wconf 84' lang='lat' dir='ltr'><strong>po-</strong></span> 
     </span>
    </p>
   </div>
   <div class='ocr_carea' id='block_1_110' title="bbox 928 2524 1711 2560">
    <p class='ocr_par' dir='ltr' id='par_1_110' title="bbox 928 2524 1711 2560">
     <span class='ocr_line' id='line_1_110' title="bbox 928 2524 1711 2560; baseline 0.003 -9"><span class='ocrx_word' id='word_1_795' title='bbox 928 2525 981 2552; x_wconf 89' lang='lat' dir='ltr'><strong>tius</strong></span> <span class='ocrx_word' id='word_1_796' title='bbox 997 2525 1104 2558; x_wconf 89' lang='lat' dir='ltr'><strong>ccdere,</strong></span> <span class='ocrx_word' id='word_1_797' title='bbox 1120 2532 1199 2560; x_wconf 90' lang='lat' dir='ltr'><strong>quam</strong></span> <span class='ocrx_word' id='word_1_798' title='bbox 1212 2525 1288 2559; x_wconf 88' lang='lat' dir='ltr'><strong>plura</strong></span> <span class='ocrx_word' id='word_1_799' title='bbox 1300 2525 1428 2551; x_wconf 83' lang='lat' dir='ltr'><strong>retinere.</strong></span> <span class='ocrx_word' id='word_1_800' title='bbox 1444 2524 1509 2551; x_wconf 85' lang='lat' dir='ltr'><strong>Nam</strong></span> <span class='ocrx_word' id='word_1_801' title='bbox 1523 2524 1568 2558; x_wconf 87' lang='lat' dir='ltr'><strong>qui</strong></span> <span class='ocrx_word' id='word_1_802' title='bbox 1583 2525 1648 2552; x_wconf 91' lang='lat' dir='ltr'><strong>mihi</strong></span> <span class='ocrx_word' id='word_1_803' title='bbox 1660 2525 1711 2553; x_wconf 87' lang='lat' dir='ltr'><strong>ali-</strong></span> 
     </span>
    </p>
   </div>
   <div class='ocr_carea' id='block_1_111' title="bbox 926 2570 1712 2606">
    <p class='ocr_par' dir='ltr' id='par_1_111' title="bbox 926 2570 1712 2606">
     <span class='ocr_line' id='line_1_111' title="bbox 926 2570 1712 2606; baseline 0 -8"><span class='ocrx_word' id='word_1_804' title='bbox 926 2571 990 2605; x_wconf 90' lang='lat' dir='ltr'><strong>quid</strong></span> <span class='ocrx_word' id='word_1_805' title='bbox 1002 2579 1095 2598; x_wconf 89' lang='lat' dir='ltr'><strong>eorum</strong></span> <span class='ocrx_word' id='word_1_806' title='bbox 1111 2579 1171 2605; x_wconf 74' lang='lat' dir='ltr'><strong>qua:</strong></span> <span class='ocrx_word' id='word_1_807' title='bbox 1185 2578 1240 2598; x_wconf 90' lang='lat' dir='ltr'><strong>non</strong></span> <span class='ocrx_word' id='word_1_808' title='bbox 1260 2571 1371 2598; x_wconf 83' lang='lat' dir='ltr'><strong>habeam</strong></span> <span class='ocrx_word' id='word_1_809' title='bbox 1393 2570 1478 2601; x_wconf 88' lang='lat' dir='ltr'><strong>addit,</strong></span> <span class='ocrx_word' id='word_1_810' title='bbox 1492 2571 1513 2597; x_wconf 91' lang='lat' dir='ltr'><strong>is</strong></span> <span class='ocrx_word' id='word_1_811' title='bbox 1524 2571 1584 2605; x_wconf 86' lang='lat' dir='ltr'><strong>plus</strong></span> <span class='ocrx_word' id='word_1_812' title='bbox 1598 2571 1712 2606; x_wconf 83' lang='lat' dir='ltr'><strong>imponit</strong></span> 
     </span>
    </p>
   </div>
   <div class='ocr_carea' id='block_1_112' title="bbox 927 2615 1711 2649">
    <p class='ocr_par' dir='ltr' id='par_1_112' title="bbox 927 2615 1711 2649">
     <span class='ocr_line' id='line_1_112' title="bbox 927 2615 1711 2649; baseline 0 -6"><span class='ocrx_word' id='word_1_813' title='bbox 927 2616 1018 2644; x_wconf 87' lang='lat' dir='ltr'><strong>oneris</strong></span> <span class='ocrx_word' id='word_1_814' title='bbox 1031 2625 1038 2648; x_wconf 93' lang='lat'><strong>;</strong></span> <span class='ocrx_word' id='word_1_815' title='bbox 1050 2624 1142 2643; x_wconf 88' lang='lat' dir='ltr'><strong>curam</strong></span> <span class='ocrx_word' id='word_1_816' title='bbox 1154 2615 1227 2643; x_wconf 87' lang='lat' dir='ltr'><strong>enim</strong></span> <span class='ocrx_word' id='word_1_817' title='bbox 1237 2621 1264 2643; x_wconf 91' lang='lat' dir='ltr'><strong>et</strong></span> <span class='ocrx_word' id='word_1_818' title='bbox 1276 2615 1486 2642; x_wconf 82' lang='lat' dir='ltr'><strong>sollicitudinem</strong></span> <span class='ocrx_word' id='word_1_819' title='bbox 1496 2623 1510 2642; x_wconf 88' lang='lat' dir='ltr'><strong>a</strong></span> <span class='ocrx_word' id='word_1_820' title='bbox 1523 2624 1565 2643; x_wconf 88' lang='lat' dir='ltr'><strong>me</strong></span> <span class='ocrx_word' id='word_1_821' title='bbox 1576 2617 1711 2649; x_wconf 86' lang='lat' dir='ltr'><strong>postulat:</strong></span> 
     </span>
    </p>
   </div>
   <div class='ocr_carea' id='block_1_113' title="bbox 926 2661 1712 2697">
    <p class='ocr_par' dir='ltr' id='par_1_113' title="bbox 926 2661 1712 2697">
     <span class='ocr_line' id='line_1_113' title="bbox 926 2661 1712 2697; baseline 0.001 -9"><span class='ocrx_word' id='word_1_822' title='bbox 926 2662 971 2697; x_wconf 91' lang='lat' dir='ltr'><strong>qui</strong></span> <span class='ocrx_word' id='word_1_823' title='bbox 987 2670 1051 2690; x_wconf 90' lang='lat' dir='ltr'><strong>vero</strong></span> <span class='ocrx_word' id='word_1_824' title='bbox 1069 2669 1163 2689; x_wconf 89' lang='lat' dir='ltr'><strong>eorum</strong></span> <span class='ocrx_word' id='word_1_825' title='bbox 1177 2669 1236 2696; x_wconf 66' lang='lat' dir='ltr'><strong>quae</strong></span> <span class='ocrx_word' id='word_1_826' title='bbox 1246 2661 1312 2688; x_wconf 88' lang='lat' dir='ltr'><strong>mihi</strong></span> <span class='ocrx_word' id='word_1_827' title='bbox 1324 2666 1412 2692; x_wconf 79' lang='lat' dir='ltr'><strong>erant,</strong></span> <span class='ocrx_word' id='word_1_828' title='bbox 1425 2661 1527 2696; x_wconf 87' lang='lat' dir='ltr'><strong>aliquid</strong></span> <span class='ocrx_word' id='word_1_829' title='bbox 1541 2661 1569 2688; x_wconf 94' lang='lat' dir='ltr'><strong>in</strong></span> <span class='ocrx_word' id='word_1_830' title='bbox 1580 2669 1609 2689; x_wconf 87' lang='lat' dir='ltr'><strong>se</strong></span> <span class='ocrx_word' id='word_1_831' title='bbox 1623 2666 1712 2689; x_wconf 86' lang='lat' dir='ltr'><strong>trans-</strong></span> 
     </span>
    </p>
   </div>
   <div class='ocr_carea' id='block_1_114' title="bbox 927 2707 1712 2745">
    <p class='ocr_par' dir='ltr' id='par_1_114' title="bbox 927 2707 1712 2745">
     <span class='ocr_line' id='line_1_114' title="bbox 927 2707 1712 2745; baseline -0.001 -9"><span class='ocrx_word' id='word_1_832' title='bbox 927 2708 990 2742; x_wconf 77' lang='lat' dir='ltr'><strong>fert,</strong></span> <span class='ocrx_word' id='word_1_833' title='bbox 1008 2708 1121 2745; x_wconf 73' lang='lat' dir='ltr'><strong>gratiam</strong></span> <span class='ocrx_word' id='word_1_834' title='bbox 1149 2716 1164 2735; x_wconf 85' lang='lat' dir='ltr'><strong>a</strong></span> <span class='ocrx_word' id='word_1_835' title='bbox 1183 2715 1226 2736; x_wconf 87' lang='lat' dir='ltr'><strong>me</strong></span> <span class='ocrx_word' id='word_1_836' title='bbox 1243 2708 1292 2736; x_wconf 87' lang='lat' dir='ltr'><strong>init</strong></span> <span class='ocrx_word' id='word_1_837' title='bbox 1307 2716 1314 2741; x_wconf 89' lang='lat'><strong>;</strong></span> <span class='ocrx_word' id='word_1_838' title='bbox 1340 2708 1426 2736; x_wconf 87' lang='lat' dir='ltr'><strong>levius</strong></span> <span class='ocrx_word' id='word_1_839' title='bbox 1440 2709 1511 2735; x_wconf 87' lang='lat' dir='ltr'><strong>enim</strong></span> <span class='ocrx_word' id='word_1_840' title='bbox 1525 2707 1592 2735; x_wconf 87' lang='lat' dir='ltr'><strong>mihi</strong></span> <span class='ocrx_word' id='word_1_841' title='bbox 1613 2707 1712 2742; x_wconf 80' lang='lat' dir='ltr'><strong>praele-</strong></span> 
     </span>
    </p>
   </div>
   <div class='ocr_carea' id='block_1_115' title="bbox 842 2780 958 2809">
    <p class='ocr_par' dir='ltr' id='par_1_115' title="bbox 842 2780 958 2809">
     <span class='ocr_line' id='line_1_115' title="bbox 842 2780 958 2809; baseline 0.009 -1"><span class='ocrx_word' id='word_1_842' title='bbox 842 2780 958 2809; x_wconf 60' lang='lat' dir='ltr'><strong>NOTAE.</strong></span> 
     </span>
    </p>
   </div>
   <div class='ocr_carea' id='block_1_116' title="bbox 112 2824 639 2862">
    <p class='ocr_par' dir='ltr' id='par_1_116' title="bbox 112 2824 639 2862">
     <span class='ocr_line' id='line_1_116' title="bbox 112 2824 639 2862; baseline 0.004 -12"><span class='ocrx_word' id='word_1_843' title='bbox 112 2824 160 2859; x_wconf 84' lang='lat'><strong>(6)</strong></span> <span class='ocrx_word' id='word_1_844' title='bbox 183 2825 239 2852; x_wconf 82' lang='lat' dir='ltr'><strong>Hos</strong></span> <span class='ocrx_word' id='word_1_845' title='bbox 255 2825 343 2853; x_wconf 69' lang='grc' dir='ltr'><strong>(ἰηιιεὶ</strong></span> <span class='ocrx_word' id='word_1_846' title='bbox 355 2826 639 2862; x_wconf 80' lang='grc' dir='ltr'>αὑτοχειροτονήτους.</span> 
     </span>
    </p>
   </div>
  </div>
