1940 3087
128 110 170 141 ϐἰΊ

691 105 960 139 EPISTOLARUM
980 106 1097 136 LIBER
1118 106 1144 135 Ι.

1687 103 1741 135 618

126 166 184 196 σθαι,
211 163 228 199 ἢ
254 163 322 200 πρὸς
351 164 451 191 κακίαν
483 163 686 199 ὑποσύρεσθαι·
717 163 757 190 διὸ
786 163 826 188 δεῖ
857 162 904 188 καὶ

962 161 1098 196 sciplinam
1120 168 1152 187 ac
1173 159 1332 187 modestiam
1351 159 1378 186 in
1395 159 1523 186 omnibus
1541 166 1613 186 cura
1625 158 1739 189 habens,

123 211 163 245 τὴν
187 209 322 245 ὑμετέραν
349 209 532 243 πολυέραστον
562 209 748 244 μακαριότητα
774 209 824 243 τῆς
850 209 896 233 ἐκ-

124 256 308 290 κλησιαστικῆς
328 255 455 287 εὐταξίας
475 255 503 281 ἐν
532 255 599 280 πᾶσι
630 254 834 289 φροντίζουσαν,
852 254 899 280 καὶ

123 301 164 335 τῆς
176 301 316 335 κανονικῆς
328 300 511 335 ἀντεχομένην
523 299 679 334 εὐθύτητος,
696 301 757 332 τοὺς
774 300 838 327 ἄνευ
854 308 900 326 συ·-

124 346 246 373 στατικῶν
262 347 432 382 γραμμάτων
446 346 513 382 πρὸς
525 347 575 381 τὴν
588 347 642 374 τῶν
673 346 816 380 Ῥωμαίων
838 346 899 372 Ἐκ-

125 393 228 428 κλησίαν
241 392 365 420 ἐντεῦθεν
380 393 559 429 ἀπαίροντας,
588 393 625 428 μὴ
642 393 680 425 ὼς
695 393 789 428 ἔτυχεν
806 392 901 419 ὐποδέ-

124 439 226 475 χεσθαι’
246 439 313 474 μηδὲ
335 437 487 474 φιλοξενίας
505 441 697 475 προσχήματι,
723 439 901 474 μισαδελφίας

123 486 287 520 παραχωρεῖν
317 484 534 511 καταϐάλλεσθαι
560 485 721 520 σπέρματα·
740 484 771 510 τὸ
786 484 835 519 μὲν
848 484 901 519 γὰρ

123 531 175 558 καθ’
188 531 305 566 ἑκάστην
316 531 385 566 πρὸς
396 531 445 566 τὴν
458 531 535 565 ὑμῶν
547 531 683 567 πατρικὴν
697 530 826 566 ὁσιότητα
838 531 901 562 τοὺς

124 576 294 612 βουλομένους
323 577 534 613 παραγίνεσθαι.
555 577 602 603 καὶ
628 577 685 604 τῶν
698 577 797 613 τιμίων
815 577 901 612 αὐτῆς

123 622 261 649 ἀπολαύειν
289 623 380 657 ἰχνῶν,
407 623 486 649 τοῦτο
512 623 572 650 λίαν
589 625 650 658 ἐμοὶ
679 623 838 659 προσφιλὲς,
854 625 902 650 καὶ

124 667 170 701 πρὸ
180 666 284 692 πολλῶν
299 667 386 693 ἄλλων
401 665 557 701 τιμώμενον
567 675 574 681 ·
589 668 619 693 τὸ
629 667 657 694 δὲ
672 668 756 703 χωρὶς
772 668 821 702 τῆς
834 668 903 702 ἠμε-

122 712 197 747 τέρας
212 712 349 748 είδήσεως,
370 713 416 739 καὶ
433 713 602 740 συστατικῶν
628 714 800 750 γραμμάτων
826 713 901 746 ἄνευ,

123 758 271 793 ἀποδημίας
285 759 420 790 ἀτάκτους
438 759 585 791 ποιεῖσθαι,
598 759 660 786 οὔτε
684 761 750 795 ἡμῖν
769 759 830 786 οὔτε
846 761 903 791 τοῖς

124 804 235 838 κανόσιν,
253 805 310 831 ἀλλ’
320 805 378 831 οὐδὲ
389 807 421 840 τῇ
438 805 515 840 ὑμῶν
525 806 666 841 ἀδεκάστῳ
677 807 766 841 κρίσει
779 805 903 841 εὐπαρά-

950 209 978 232 et
1001 205 1162 232 canonicam
1185 208 1281 231 tenens
1311 203 1515 235 rectitudinem,
1544 211 1592 230 eos
1614 203 1660 238 qui
1681 203 1742 230 sine

950 250 1181 278 commendatitiis
1191 250 1291 277 litteris
1301 249 1335 276 ad
1351 249 1500 276 Romanam
1514 249 1663 276 Ecclesiam
1678 249 1743 276 hinc

950 295 1171 331 proﬁciscuntur,
1196 302 1252 322 non
1285 299 1389 322 temere
1413 301 1446 322 ac
1470 294 1583 321 fortuito
1609 295 1741 329 recipere,

951 350 1004 370 nec
1018 342 1109 370 sinere
1138 341 1333 377 hospitalitatis
1365 341 1455 376 specie
1477 340 1532 368 odii
1555 340 1667 367 fraterni
1689 340 1742 375 jaci

952 389 1068 418 semina.
1083 387 1150 415 Nam
1174 388 1294 423 quotidie
1327 388 1361 414 ad
1381 392 1499 414 vestram
1526 393 1666 422 paternam
1682 395 1744 414 san-

951 438 1072 464 ctitatem
1105 444 1161 467 eos,
1189 435 1235 470 qui
1262 434 1458 467 velint,adire,
1481 439 1508 462 et
1534 434 1661 469 pretiosis
1684 435 1744 469 ejus

952 482 1005 510 frui
1016 482 1148 518 vestigiis,
1159 481 1212 509 hoc
1225 481 1292 508 mihi
1309 480 1386 508 valde
1405 480 1522 508 amabile
1538 485 1590 513 est,
1603 488 1636 507 ac
1652 479 1745 507 multis

953 530 1012 557 aliis
1027 530 1109 557 rebus
1126 528 1348 563 anteponendum
1364 537 1370 554 :
1386 533 1414 554 at
1428 527 1488 554 sine
1515 532 1607 554 nostra
1620 527 1745 559 scientia,

953 580 981 603 et
1004 576 1106 611 absque
1133 574 1366 603 commendatitiis
1391 573 1490 601 litteris
1516 573 1747 608 peregrinationes

953 623 1030 650 nullo
1046 622 1142 650 ordine
1165 622 1267 657 suscipi
1280 631 1287 648 :
1300 621 1327 648 id
1345 628 1396 648 nec
1411 620 1502 653 nobis,
1518 628 1570 647 nec
1585 620 1746 651 canonibus,

953 676 1006 695 nec
1018 675 1082 696 vero
1104 673 1196 696 vestro
1210 668 1386 704 integerrimo
1395 667 1499 702 judicio
1513 671 1556 694 est
1570 665 1748 701 acceptabile.

954 715 1057 743 Omitto
1073 715 1146 743 enim
1157 716 1209 743 alia
1224 723 1284 750 qua:
1299 715 1410 742 evenire
1423 714 1514 742 solent
1529 714 1562 741 iis
1571 713 1616 749 qui
1626 713 1691 740 hinc
1705 713 1749 740 di-

955 761 1080 793 scedunt,
1097 761 1149 788 iter
1160 769 1192 789 ac
1213 761 1449 797 peregrinationes
1464 769 1518 789 non
1529 762 1606 796 juxta
1617 768 1749 788 canonent

957 805 1122 834 habentibus
1143 815 1257 843 pugnas,
1278 807 1439 839 seditiones,
1452 807 1534 839 rixas,
1549 807 1749 839 contentiones,

124 851 220 878 δεκτον·
250 850 340 886 ἐῶμεν
357 850 411 885 γὰρ
425 851 448 877 τ’
468 851 534 878 ἄλλα
551 851 567 878 ἃ
581 852 742 886 συμϐαίνειν
761 851 851 883 εἴωθε,
867 851 904 887 μὴ

962 853 1117 886 :alumnias,
1135 853 1258 886 insidias,
1273 853 1501 880 insurreetiones.
1526 852 1579 880 Sed
1594 853 1665 888 quod
1677 861 1751 881 nunc

123 897 189 923 κατὰ
204 897 250 922 τὸν
277 897 378 924 κανόνα
403 897 453 928 τὰς
470 897 625 932 ἀποδημίας
655 897 834 933 ποιουμένων,
851 897 906 924 τῶν

123 941 328 977 ἀποδημούντων
342 943 392 974 τὰς
405 944 504 978 μάχας,
522 943 571 975 τὰς
589 944 696 976 στάσεις
708 963 715 975 ,
738 943 787 975 τὰς
804 943 905 979 ἐριδας,

123 987 168 1019 τὰς
181 988 358 1022 φιλονεικίας,
380 989 430 1020 τὰς
456 989 593 1020 διαϐολὰς,
620 989 668 1020 τὰς
684 989 840 1022 ὲπιὸουλὰς,
857 989 907 1020 τὰς

123 1034 337 1066 ἐπαναστάσεις,
361 1034 430 1061 ἀλλὰ
456 1035 486 1061 τό
515 1043 547 1069 γε
576 1035 624 1061 νῦν
641 1034 779 1070 ὁρώμενόν
806 1044 836 1061 τε
861 1036 908 1061 καὶ

124 1080 305 1114 πραττόμενον
325 1080 398 1116 ἐρῶ·
417 1080 527 1107 ἐπειδὰν
548 1081 603 1116 γὰρ
632 1080 748 1107 ἐνταῦθά
770 1089 843 1112 τινες
863 1081 908 1107 διὰ

123 1126 171 1160 τῆς
187 1126 337 1153 παθοποιοῦ
364 1126 505 1163 ῥᾳστώνης
517 1127 562 1154 τὸν
587 1127 645 1161 βίον
657 1126 907 1163 καταρῤυπώσωσι,

124 1172 220 1200 τῶνδὲ
250 1173 495 1209 πλημμελημάτων
524 1172 640 1205 εὐθύνας
664 1174 840 1205 ἀπαιτεῖσθαι
858 1171 909 1200 ὦσι

124 1219 310 1255 προσδόκιμοι,
328 1219 397 1254 μετὰ
412 1219 514 1253 σεμνῆς
530 1219 580 1253 τῆς
607 1219 767 1255 ἐπωνυμίας
791 1221 910 1256 φυγάδες

124 1264 273 1300 γίγνονται,
297 1266 452 1300 προσευχῆς
478 1265 563 1300 ὄνομα
576 1266 609 1301 τῇ
633 1268 706 1301 φυγῇ
723 1267 909 1302 περιθέμενοι,

124 1311 170 1337 καὶ
178 1312 277 1347 πρᾶξιν
288 1311 405 1346 αἰσχρὰν
415 1311 548 1346 ὀνομασία
561 1320 612 1347 χρη
618 1313 666 1348 στῇ
677 1312 908 1347 συγκαλύψαντες·

125 1353 162 1383 ὧν
176 1357 201 1383 οί
212 1357 262 1391 μὲν
277 1356 434 1392 ἀλλοτρίους
449 1357 553 1391 γάμους
568 1356 710 1392 διώρυξαν,
722 1358 746 1383 οἱ
757 1357 786 1384 δὲ
798 1357 911 1389 κλοπαῖς

124 1403 290 1435 ἑαλώκεσαν,
304 1403 321 1438 ἢ
335 1404 396 1434 ταῖς
412 1402 508 1437 μέθαις
521 1402 722 1437 προεπόθησαν,
741 1403 757 1437 ἢ
771 1404 831 1434 ταῖς
848 1403 913 1430 ἁκο-

124 1449 231 1481 λασίαις
241 1448 429 1483 ἐδουλώθησαν
439 1456 446 1463 ’
463 1448 536 1475 ἄλλοι
551 1447 578 1474 δὲ
591 1447 702 1474 καὶτῶν
712 1448 912 1483 ταπεινοτέρων

125 1495 282 1530 αὐτόχειρες
307 1494 497 1530 ἐφωράθησαν,
528 1494 575 1521 καὶ
600 1493 675 1521 ἄλλοι
691 1494 781 1525 ἄλλοις
799 1494 912 1520 πάθεσιν

125 1539 296 1575 ἀκαθαρσίας
313 1539 524 1574 συνεσχέθησαψ
548 1539 572 1565 οἳ
595 1539 705 1565 ὲπειδὰι
735 1539 795 1565 κατ’
823 1539 913 1566 αὐτῶν

124 1586 175 1621 τὴν
186 1584 263 1620 δίκην
276 1584 438 1619 ἀφιεμένην,
456 1583 551 1619 ὥσπερ
566 1585 682 1619 ἔφημεν,
706 1583 914 1615 συναίσθωνται,

125 1631 194 1668 ὁμοῦ
208 1632 297 1658 πάντα
312 1630 484 1666 κυκήσαντές
495 1639 524 1657 τε
537 1630 584 1657 καὶ
601 1630 817 1665 συνταράξαντες
827 1650 835 1662 ,
849 1631 914 1665 δρα-

126 1677 189 1712 σμῷ
200 1677 249 1708 τὰς
265 1677 312 1703 ἐπὶ
334 1678 390 1708 τοῖς
413 1675 657 1711 αἰσχρουργηθεῐσι
680 1676 730 1702 οιαὶ
753 1676 915 1711 τολμηθεῐσι

125 1721 316 1757 διακρούονται
332 1721 476 1752 κολάσεις·
496 1721 565 1756 μήτε
587 1722 649 1752 ταῖς
674 1721 847 1756 ὲπιτιμήσεσι
864 1729 918 1747 σω-

127 1767 328 1803 φρονιζόμενοι,
349 1767 418 1802 μήτε
446 1767 507 1793 ταῖς
521 1766 668 1801 τιμωρίαις
692 1766 915 1802 θεραπευόμενοι,

129 1814 200 1848 μήτε
213 1813 260 1839 τοῦ
276 1812 421 1846 πτώματος
434 1812 637 1847 ἀνορθοὺμενοι,
654 1812 710 1838 ἀλλ’
725 1813 816 1844 αὐτοῖς
827 1822 857 1839 τε
870 1813 917 1840 καὶ

126 1859 186 1890 τοῖς
202 1857 293 1888 ἄλλοις
315 1857 502 1888 διατελοῦντες
525 1857 652 1892 ὀλέθριοι·
675 1857 705 1889 ἐξ
713 1854 751 1884 ὧν
767 1857 805 1892 τῷ
822 1857 916 1892 βουλο-

127 1904 204 1939 μένῳ
218 1903 317 1930 πάθεσι
330 1904 437 1939 τρυφᾷν
452 1904 469 1938 ὴ
486 1903 557 1938 πύλη
572 1903 688 1930 πλατεῖα
707 1904 757 1938 τῆς
777 1904 917 1936 ἀπωλείας

125 1950 335 1983 ὑπανοίγνυται·
354 1949 510 1984 ἐχουσιγὰρ
535 1950 585 1984 τῆς
600 1949 678 1985 δίκης
701 1950 853 1984 ἀποφυγεῖν
868 1950 919 1986 τὴν

125 1996 176 2021 ἐπὶ
191 1996 327 2030 προφάσει
348 1995 504 2030 προσευχῆς
530 1995 578 2021 ἐπὶ
600 1995 711 2030 Ῥώμην
735 1996 862 2023 κάθοδον·
881 1994 918 2023 ὦν

123 2041 176 2076 τὴν
192 2042 356 2076 κακότεχνον
377 2041 502 2076 μηχανὴν
518 2041 534 2075 ἡ
548 2041 669 2075 ὑμετέρα
688 2041 853 2072 παθοκτόνος
870 2042 918 2068 καὶ

124 2085 324 2122 θεοχαρίτωτος
346 2085 539 2113 ἀνασκοποῦσα
551 2086 669 2121 κεφαλὴ,
679 2086 815 2122 ἄχρηστον
826 2087 919 2119 αὐτοῖς

126 2133 177 2160 καὶ
195 2133 410 2169 άτελεσφόρητον
424 2133 469 2160 τὸν
479 2133 554 2160 δόλον
569 2134 616 2160 καὶ
636 2134 686 2169 τὴν
709 2135 919 2170 μηχανορράφον

957 900 1076 932 videtur.
1095 907 1128 927 ac
1147 900 1185 932 ﬁt,
1207 900 1317 932 dicam;
1332 907 1394 926 cum
1414 899 1488 926 enim
1502 899 1547 926 hic
1566 898 1688 926 nonnulli
1702 907 1751 934 per

958 947 1092 982 impuram
1110 946 1261 981 nequitiam
1290 947 1372 973 vitam
1391 945 1602 973 eontamiuarint
1616 953 1648 973 ac
1663 945 1751 972 sordi-

958 990 1049 1016 darint
1063 999 1070 1016 :
1087 989 1123 1017 sit
1137 997 1202 1017 vero
1216 990 1394 1025 exspectatio,
1405 989 1438 1017 de
1450 991 1483 1017 iis
1500 989 1643 1017 criminum
1658 998 1752 1024 poenas

958 1036 1107 1070 expetitum
1125 1036 1156 1062 iri
1171 1045 1177 1063 :
1195 1036 1319 1071 speciosa
1334 1038 1538 1072 nuncupatione
1552 1035 1658 1071 fugitivi
1671 1035 1750 1067 ﬁunt,

959 1081 1090 1108 orationis
1101 1089 1132 1109 ac
1143 1082 1198 1108 voti
1209 1089 1311 1108 nomen
1328 1081 1398 1117 fugae
1410 1089 1466 1109 suze
1481 1081 1615 1114 indentes,
1628 1088 1659 1107 ac
1675 1085 1753 1115 turpe

959 1126 1090 1162 ﬂagitium
1112 1126 1294 1162 appellatione
1306 1127 1391 1162 proba
1414 1131 1602 1162 contegentes.
1630 1125 1751 1159 Quorum

959 1173 1006 1200 alii
1027 1173 1116 1200 aliena
1131 1173 1258 1209 eonjugia
1277 1173 1467 1209 perfodcrunt,
1485 1173 1529 1200 alii
1543 1172 1609 1200 furti
1631 1171 1753 1200 damnati

962 1223 1036 1251 sunt,
1051 1223 1098 1246 aut
1115 1219 1272 1246 vinolentite
1285 1227 1314 1246 se
1329 1219 1520 1254 propinarunt,
1550 1222 1596 1245 aut
1623 1217 1753 1251 lascivite,

961 1265 1067 1293 libidini
1082 1270 1110 1292 et
1124 1265 1345 1300 intemperantiae
1368 1265 1545 1297 servierunt;
1566 1264 1611 1291 alii
1630 1271 1696 1292 vero
1717 1269 1755 1290 te-

962 1310 1089 1337 nuiorum
1105 1310 1246 1337 hominum
1265 1317 1441 1345 percussores
1455 1314 1482 1336 et
1497 1309 1640 1336 homicidae
1656 1308 1756 1343 depre-

962 1355 1041 1383 hensi
1063 1360 1144 1387 sunt;
1170 1356 1215 1382 alii
1244 1356 1306 1383 aliis
1328 1355 1502 1391 passionibus
1524 1354 1705 1382 immunditia:
1726 1361 1756 1382 se

964 1402 1167 1430 immerserunt.
1190 1401 1242 1435 Qui
1275 1410 1336 1429 cum
1361 1402 1388 1428 in
1413 1402 1518 1436 seipsos
1538 1401 1583 1436 jus
1607 1399 1706 1433 emitti,
1726 1404 1756 1427 ut

964 1448 1093 1480 diximus,
1117 1448 1329 1483 persentiscunt,
1346 1446 1427 1474 simul
1451 1447 1543 1474 omnia
1565 1447 1712 1473 miscentes
1730 1449 1757 1473 et

965 1495 1170 1529 conturbantes,
1199 1494 1363 1529 flagitiorum
1396 1501 1428 1521 ac
1463 1493 1616 1520 facinorum
1644 1499 1757 1520 suorum

966 1549 1061 1577 poenas
1073 1541 1136 1577 fuga
1156 1542 1333 1574 amoliuntur,
1349 1549 1400 1569 nec
1420 1539 1654 1576 objurgationibus
1674 1539 1757 1566 casti-

967 1589 1032 1625 gati,
1047 1597 1098 1617 nec
1112 1589 1253 1624 suppliciis
1266 1588 1364 1622 curati,
1380 1596 1431 1616 nec
1446 1596 1475 1615 se
1490 1593 1505 1614 a
1520 1587 1598 1621 lapsu
1610 1585 1756 1620 erigentes,

967 1635 1016 1662 sed
1032 1635 1083 1662 sibi
1101 1639 1183 1670 atque
1205 1635 1266 1662 aliis
1282 1642 1369 1669 usque
1393 1631 1549 1668 perniciosi.
1568 1631 1605 1658 Ex
1620 1630 1718 1665 quibus
1732 1629 1758 1656 ei

967 1680 1013 1716 qui
1037 1680 1106 1708 velit
1132 1680 1305 1716 passionihus
1333 1679 1445 1707 delicias
1469 1679 1575 1711 facere,
1607 1678 1660 1705 lata
1681 1676 1757 1704 exitii

967 1732 1044 1762 porta
1061 1727 1245 1762 subaperitur.
1275 1726 1381 1754 [labent
1408 1726 1482 1753 enim
1502 1733 1590 1761 ptente
1617 1722 1758 1759 effugium,

968 1773 1083 1800 Romam
1103 1773 1155 1800 sub
1181 1773 1311 1800 orationis
1329 1773 1443 1800 obtentu
1467 1770 1612 1807 proficisci.
1636 1769 1758 1803 Quorum

968 1819 1038 1846 male
1064 1819 1209 1846 artificiosa
1247 1818 1386 1846 molimina
1417 1817 1602 1849 considerans,
1636 1819 1759 1843 vestrum

969 1865 1110 1900 passiones
1143 1864 1309 1892 interficiens
1339 1870 1368 1891 et
1394 1863 1449 1891 Deo
1466 1862 1650 1898 gratissimum
1667 1865 1759 1895 caput,

969 1911 1092 1939 inutilem
1111 1910 1153 1942 iis,
1175 1914 1203 1938 et
1230 1918 1330 1937 vanum
1343 1913 1369 1936 et
1386 1909 1445 1937 sine
1457 1908 1556 1936 effectu
1574 1907 1699 1935 ostendat
1716 1907 1763 1934 do-

968 1957 1034 1990 lum,
1057 1960 1083 1984 ct
1109 1957 1275 1984 voluntatem
1299 1957 1384 1983 multa
1410 1954 1758 1989 nequitermachinantem,

968 2007 995 2030 et
1013 2002 1087 2030 varie
1105 2005 1296 2035 consuentem,
1313 2009 1361 2029 eos
1382 2003 1428 2037 qui
1452 2001 1511 2028 sine
1530 2000 1761 2029 commendatitiis

969 2048 1067 2075 litteris
1087 2048 1247 2080 adveniunt,
1277 2047 1423 2082 diligenter
1445 2047 1509 2073 illuc
1535 2046 1672 2081 redigens,
1688 2045 1761 2072 unde

969 2093 1050 2126 male,
1066 2101 1098 2120 ac
1112 2093 1187 2121 nullo
1207 2093 1301 2120 ordine
1320 2093 1486 2129 effugerunt.
1509 2093 1554 2120 Sic
1569 2093 1645 2119 enim
1659 2096 1687 2119 et
1701 2091 1760 2118 lllo-

972 2147 1030 2166 rum
1054 2140 1127 2167 salus
1152 2140 1352 2175 procurabitur,
1371 2145 1399 2167 et
1428 2139 1560 2174 regularis
1588 2137 1721 2165 modestia
1735 2141 1762 2164 et

125 2178 305 2210 ἀποφαινέτω
317 2179 493 2214 προαίρεσιν’
510 2180 574 2211 τοὺς
597 2179 662 2206 ἄνευ
677 2181 848 2207 συστατικῶν
864 2190 909 2207 πα-

969 2185 1037 2212 ordo
1055 2186 1232 2218 eustodietur.
1248 2190 1274 2213 et
1295 2185 1447 2212 ﬁrmabitur
1474 2193 1551 2212 amor
1571 2184 1716 2215 fraternus,
1735 2188 1762 2210 et

125 2223 324 2258 ραγινομένους
352 2225 533 2260 γραμμάτων,
561 2225 619 2259 μετ’
645 2226 804 2260 ἐπιμελείας
828 2228 916 2254 ἐκεῖσε

124 2269 213 2295 πάλιν
241 2269 496 2304 ἐπαναστρέφουσα,
519 2271 580 2297 ὅθεν
609 2272 702 2303 κακῶς
728 2275 774 2298 καὶ
791 2274 918 2306 ἀτάκτως

971 2231 1126 2258 communis
1148 2231 1300 2259 sollicitudo
1324 2232 1451 2259 omnibus
1470 2231 1502 2258 ad
1521 2231 1637 2258 salutent:
1664 2230 1761 2257 animae

972 2281 1000 2304 et
1009 2278 1132 2312 corporis
1151 2278 1333 2313 impendetur.

123 2316 263 2350 ἐξέφυγον
274 2324 280 2331 ·
295 2315 366 2342 οὕτω
378 2316 432 2351 γὰρ
446 2316 480 2342 ἂν
495 2317 585 2343 αὐτῶν
594 2326 624 2343 τε
638 2317 752 2344 ἐκείνων
765 2320 781 2353 ἡ
801 2320 922 2355 σωτηρία
945 2323 1179 2358 πραγματεύοιτο,
1194 2325 1270 2360 κοινή
1297 2333 1327 2351 τε
1354 2326 1371 2360 ᾑ
1397 2323 1507 2359 φροντὶς
1517 2324 1600 2350 πᾶσιν
1624 2322 1668 2349 ἐπ’
1688 2321 1761 2357 ὡφε-

125 2361 190 2396 ).είᾳ
208 2361 297 2397 ψυχῆς
313 2370 344 2388 τε
360 2363 407 2388 καὶ
422 2362 547 2397 σώματος
558 2364 776 2398 πρυτανεύοιτο.ἶ

818 2411 987 2440 EPISTOLA
1009 2412 1054 2440 Ill.

415 2454 454 2481 Ad
475 2454 622 2483 Orientales
645 2455 820 2485 Patriarclzas
843 2464 868 2485 et
886 2458 1070 2487 OEconamum
1091 2460 1217 2488 Ecclesia:
1232 2461 1398 2487 Antiocheam
1413 2460 1463 2494 (8).

440 2499 552 2526 ΕΠΙΣΤ.
571 2499 609 2526 Δ’.

122 2542 241 2577 Βάρδᾳ,
271 2543 439 2577 May-lath),
455 2545 600 2577 Πατοικίᾳ
629 2545 680 2573 καί
695 2548 921 2582 Κουροπαλάτῃ.

1275 2506 1385 2533 EPIST.
1415 2505 1459 2533 IV.

1050 2551 1163 2583 Barda‘,
1179 2551 1303 2588 Magistro
1313 2572 1320 2585 ,
1340 2551 1454 2579 Patrilt'o
1468 2557 1492 2579 et
1510 2551 1688 2588 Curopalatw.

710 2593 781 2619 Edita
793 2602 805 2619 a
818 2596 965 2621 Monlacutio
976 2602 1029 2629 (ep.
1039 2600 1089 2630 5,p
1109 2598 1161 2631 65.)

164 2633 231 2661 Ἐπὶ
245 2633 276 2660 τὸ
301 2634 384 2666 ἀλγος
406 2632 461 2659 τῶν
478 2635 643 2670 τραυμάτων
659 2645 711 2671 μου
725 2638 919 2673 προστίθεσθαι

118 2681 256 2716 ἄλγημα⁹
274 2679 323 2714 τῆς
339 2678 388 2712 μὲν
403 2679 472 2714 ὲμῆς
499 2680 564 2712 ἴσως
583 2681 744 2718 ἀθλιότητος
762 2684 846 2718 ἄξιον,
869 2687 920 2720 τῆς

1012 2642 1136 2668 Dolorem
1159 2643 1244 2669 dolori
1267 2650 1390 2669 meorum
1405 2644 1549 2671 vulnerum
1566 2645 1759 2679 superaddere,

974 2687 1088 2723 dignum
1100 2687 1224 2716 fortassis
1237 2696 1296 2715 niea
1308 2689 1417 2717 miseria
1433 2689 1501 2724 fuit;
1516 2689 1656 2724 indignum
1668 2697 1759 2719 autem

889 2742 1006 2771 NOTAE.

171 2785 312 2821 (S)Exstat
321 2785 347 2811 in
358 2792 438 2819 opere
450 2785 494 2811 cui
507 2785 602 2814 titulus
609 2787 699 2822 Τόμος
709 2787 815 2823 χαρᾶς,
830 2790 933 2819 editum
947 2790 1091 2819 Bnclmrcs!
1100 2801 1146 2820 an.
1155 2793 1233 2822 1705.
1247 2793 1302 2821 Hoc
1311 2793 1410 2822 frustra
1419 2795 1472 2822 huc
1481 2803 1566 2829 usque
1574 2796 1759 2829 quaesivimus.

237 2831 372 2860 Ριτῐιοι..
396 2831 456 2862 Gn.
481 2831 546 2862 Cll.

1563 2842 1602 2871 20
