1940 3087
181 94 233 125 611)

761 92 892 122 PIIOTlI
912 93 1161 123 PATRIARCILE
1180 94 1233 123 (ΖΡ.

1759 90 1808 121 620

182 152 262 187 plane
275 150 513 179 commiseratione
527 155 627 182 vestra,
653 156 682 178 et
698 150 798 178 allecto
819 151 864 178 illo
878 159 931 186 quo
945 151 971 178 in

1025 152 1045 177 δ’
1065 152 1200 187 ὑμετέρας
1216 150 1398 186 συμπαθείας,
1417 150 1462 177 καὶ
1486 150 1549 185 περὶ
1566 149 1638 184 ἡμᾶς
1656 147 1807 180 διαθέσεως,

182 205 227 225 me
241 197 353 224 animari
365 197 477 224 debeas.
489 197 567 229 Quod
586 197 609 224 si
630 198 692 232 quis
721 197 773 225 sibi
807 197 974 232 persuaserit

183 247 280 270 contra
296 248 412 270 vestram
429 243 560 270 obvenire
577 243 656 270 nobis
673 243 725 270 ista
741 243 910 271 voluntatem
924 263 930 275 ,
951 243 974 270 is

184 296 247 316 eum
263 288 352 315 videat
364 288 415 315 ista
430 295 480 316 nos
493 288 561 323 pati,
579 292 606 316 te
621 293 785 323 potestatem
804 293 832 316 et
846 289 900 315 vim
913 289 974 323 pul-

184 335 261 362 sandi
280 334 450 369 possidente,
465 339 553 362 mutet
565 335 680 362 omnino
693 335 859 363 sententiam
884 342 971 362 suam.

184 380 298 415 Decepti
313 388 419 413 sumus,
434 380 525 408 affecti
547 381 720 408 contumeliis
737 401 745 413 ,
775 381 910 408 dedecore
947 385 975 408 et

185 426 303 460 injuriis,
315 426 429 461 insuper
441 431 469 453 et
479 426 506 453 in
517 434 568 454 nos
578 426 788 462 conspirabatur
801 435 809 460 ;
824 427 871 454 sed
883 431 974 454 tamen

185 472 287 507 plagas,
301 473 389 506 aiunt,
406 480 461 499 non
485 474 642 508 accepimus
656 482 663 500 :
678 473 734 500 imo
749 479 840 501 autem
864 474 972 508 accepi-

185 527 256 550 mus,
272 524 299 546 et
321 520 392 554 quod
416 519 526 554 gravius
542 523 594 552 est,
614 520 687 547 haud
705 520 732 547 in
758 528 890 555 corpore;
909 521 975 548 illud

185 565 259 592 enim
276 565 302 592 in
322 566 417 593 oculos
439 565 560 592 incurret
575 565 698 593 omnium
711 587 718 599 ,
742 571 770 594 et
795 567 975 594 lacessentem

185 612 347 647 redarguet,
369 616 398 639 et
423 612 449 638 in
478 612 645 639 intuentium
669 617 696 640 et
722 613 975 640 commiserantium

185 657 370 689 condolentia,
385 657 531 692 quamdam
548 658 630 686 habet
640 658 854 686 consolationem
868 667 875 690 ;
887 659 934 686 sed
948 659 975 685 in

185 703 276 730 anima
292 703 385 738 plagas
400 703 521 735 tulimus,
534 711 584 739 per
600 704 719 731 animam
730 704 832 732 morbis
848 704 976 739 allligit-ur

183 756 302 783 corpus:
319 749 363 776 hic
371 749 416 783 qui
432 749 537 785 amigit,
551 749 632 777 veluti
651 750 719 776 nihil
734 749 837 777 faciens
857 750 975 784 injuriae,

184 803 241 822 non
256 795 378 830 pudelit;
400 795 423 822 is
440 801 530 822 autem
544 795 591 830 qui
609 795 718 829 vapulat
738 803 826 830 poena:
839 795 976 830 quoddam

1025 197 1145 230 ἀνάξιον.
1166 198 1220 223 Καὶ
1237 198 1262 223 ei
1276 206 1317 228 τις
1332 196 1456 231 πεισθείη
1473 196 1511 231 μὴ
1521 196 1591 222 κατά
1606 194 1719 229 γνώμην
1736 193 1810 228 ὑμῶν

1024 243 1112 270 ταῦτα
1126 244 1276 277 συμπεσεῖν
1299 243 1365 277 ἡμῖν
1377 249 1383 256 ·
1411 241 1480 268 ἀλλά
1499 249 1531 275 γε
1544 241 1573 266 τὸ
1593 239 1671 275 ὑμῶν
1690 238 1810 271 ἐξουσια-

1026 289 1126 321 ζόντων
1148 289 1195 314 καὶ
1221 288 1380 323 ἰσχυόντων,
1407 287 1495 314 ταῦτα
1512 287 1627 321 πάσχειν
1649 286 1734 320 ἡμᾶς,
1754 284 1812 311 ἐπεὶ

1025 333 1104 359 τοῦτο
1116 333 1219 368 βλέπει,
1232 333 1286 359 οὐδ’
1298 332 1330 359 ἂν
1345 331 1549 368 μεταπεισθείη.
1561 329 1811 365 Παρελογίσθημεν.

1026 380 1238 416 ἑξυὸρίσοημεν,
1255 378 1446 414 ἡτιμώθημεν,
1462 377 1683 413 ὲπηρεαζόμεθα,
1704 376 1812 403 ἐπιδου-

1027 425 1183 460 λευόμεθα·
1204 425 1273 451 ἀλλὰ
1292 424 1400 459 πληγὰς
1425 424 1475 450 οὐκ
1498 423 1647 458 ἐλάϐομεν·
1664 422 1810 457 ὲλάῦομεν·

1027 471 1074 498 καὶ
1091 471 1121 497 τὸ
1143 470 1345 505 χαλεπώτερον,
1361 471 1411 497 οὐκ
1426 470 1472 497 ἐπὶ
1489 469 1627 503 σώματος,
1644 468 1658 495 ὃ
1684 468 1731 494 καὶ
1749 467 1813 494 πᾶσι

1027 518 1162 552 φαίνεται,
1187 519 1232 544 καί
1258 517 1304 544 τὸν
1329 517 1475 544 ἀδικοῦντα
1494 517 1619 551 ἐλέγχει,
1645 515 1692 542 καὶ
1717 514 1813 550 πολλὴν

1026 563 1216 598 παραμυθίαν,
1231 563 1280 599 τὴν
1295 563 1348 590 ἀπὸ
1361 563 1414 590 τῶν
1430 562 1555 598 ὁρώντων
1570 563 1615 588 καὶ
1627 560 1814 597 οἰκτειρόντων

1027 609 1132 643 εἰσάγει
1157 610 1351 644 συμπάθειαν·
1371 610 1503 645 ἐλάϐομεν
1531 608 1638 644 πληγὰς
1658 608 1704 635 ἐπὶ
1728 607 1814 642 ψυχὴν

1026 655 1123 689 αὐτὴν,
1150 654 1183 681 δι’
1201 655 1234 690 ἦν
1250 655 1300 682 καὶ¹
1326 655 1356 681 τὺ
1372 655 1452 690 σῶμα
1477 655 1547 690 νόσῳ
1565 654 1726 689 μαστίζεται
1739 661 1746 669 ·
1769 652 1815 680 καὶ

1027 700 1042 726 ὁ
1057 701 1175 732 τύπτων,
1205 701 1243 733 ὡς
1259 702 1297 737 μὴ
1316 702 1436 734 ἀδικῶν,
1453 702 1503 728 οὐκ
1531 700 1707 736 αἰσχύνεται·
1734 701 1781 727 καὶ
1802 701 1815 726 ὁ

1026 749 1196 784 τυπτόμενος
1212 749 1372 784 προσθήκην
1385 749 1492 783 δέχεται
1502 748 1648 783 τιμωρίας,
1661 748 1707 774 ἐπὶ
1719 749 1751 783 τῇ
1762 747 1814 773 τῶν

1029 794 1142 828 πληγῶν
1157 794 1248 829 ὀδύνῃ,
1264 794 1314 828 τὴν
1327 794 1382 820 ἀπὸ
1399 793 1445 820 τοῦ
1461 793 1603 820 λανθάνειν
1617 792 1814 828 ὰσπλαγχνίαν.

183 841 398 869 additamentum
428 841 521 872 habet,
538 841 609 876 quod
634 849 696 869 cum
727 841 825 874 doleat,
842 841 902 876 ejus
920 849 971 868 non

1027 840 1162 867 Λανθάνει
1184 840 1239 876 γὰρ
1264 841 1328 871 τοὺς
1347 840 1461 872 πολλοὺς
1489 840 1519 867 τὸ
1542 840 1663 867 τοιοῦτον
1682 837 1751 871 εἶδος
1767 839 1814 875 τῆς

183 888 347 915 miserentur
361 887 418 920 alii,
432 888 505 922 quod
517 887 572 922 pati
586 895 647 914 eum
670 888 807 923 ignorant.
827 887 974 915 Enimvero

182 934 328 969 plerosque
342 935 408 961 latet
420 934 574 961 istiusmodi
587 934 739 968 punitionis
751 934 870 969 species.
882 941 934 968 qua
946 939 973 961 et

183 981 271 1013 magis
282 981 436 1008 oblectatur
447 981 493 1016 qui
508 981 612 1016 plagam
626 981 718 1011 inl'ert,
731 984 758 1007 et
775 981 800 1008 in
818 981 843 1008 id
859 981 972 1008 adduci-

1028 886 1175 918 κολάσεως,
1193 885 1207 912 ὃ
1229 886 1276 912 καὶ
1291 885 1336 912 τὸν
1361 886 1510 918 κολάζοντα
1530 885 1610 912 πλέον
1629 885 1754 920 εὐθυμεῖ,
1769 885 1813 912 καὶ

1027 933 1213 968 ἀμετανόητον
1228 933 1371 960 ἀποτελεῖ·
1391 934 1439 959 καὶ
1454 933 1500 959 τὸν
1520 932 1700 968 κολαζόμενον
1717 931 1816 967 μᾶλλον

1026 979 1146 1014 δαπανᾷ,
1162 980 1186 1005 εἰ
1201 979 1249 1006 καὶ
1263 979 1308 1005 τὸν
1323 978 1418 1015 μισθὸν
1437 980 1524 1014 μείζω
1539 979 1673 1015 προξενεῖ.

181 1031 313 1058 tur,utne
325 1028 457 1062 poeniteat
467 1026 546 1060 laeti;
558 1027 687 1054 alllictum
696 1035 760 1054 vero
772 1029 856 1062 magis
863 1028 966 1059 atterit,
979 1031 1118 1061 utcunque
1131 1026 1260 1061 majorem
1279 1027 1302 1053 ei
1316 1026 1505 1054 retributionis
1516 1027 1668 1054 mercedem
1678 1030 1814 1061 procurat.

217 1072 352 1099 Cancrum
366 1077 393 1099 et
410 1072 461 1099 ista
481 1080 532 1099 nos
548 1077 657 1107 propter
672 1072 811 1100 Christum
826 1076 853 1099 ct
865 1072 971 1099 divinas

179 1117 254 1153 leges
269 1118 444 1145 toleravimus
459 1123 554 1151 antea;
568 1123 595 1145 et
610 1118 711 1153 gratias
721 1117 776 1145 Deo
784 1119 900 1154 agimus.
912 1118 970 1152 qui,

179 1171 243 1191 cum
255 1164 391 1198 angimur,
406 1164 478 1198 quod
490 1164 614 1191 celantur
628 1172 766 1196 aerumnas,
784 1168 812 1191 et
828 1165 868 1191 sic
885 1163 971 1199 inglo-

179 1211 220 1237 rie
235 1210 369 1244 patimur,
389 1211 543 1237 mercedem
567 1210 697 1245 majorem
711 1210 902 1237 accumulavit.
926 1209 971 1236 ln-

180 1257 334 1292 telligebam
347 1257 432 1292 probe
445 1278 452 1289 ,
471 1257 505 1284 ab
523 1257 591 1284 inito
619 1257 737 1292 primum
755 1257 905 1284 certamine
928 1264 971 1283 me

179 1303 240 1330 haec
254 1310 413 1338 passurum;
435 1304 624 1335 exspectabant
648 1310 757 1337 quoque
777 1307 841 1329 aute
862 1309 973 1336 perpes-

178 1351 285 1378 sionem
297 1354 473 1376 eteertamen
488 1349 520 1383 (si
537 1357 600 1376 vera
616 1356 670 1375 non
690 1349 796 1382 loquar,
815 1348 903 1383 patiar
922 1355 973 1382 ego

179 1396 270 1422 adhuc
281 1395 314 1422 iis
323 1402 384 1429 qua:
395 1402 540 1429 perpessus
549 1402 608 1421 sum
620 1394 768 1429 graviora),
779 1393 970 1428 exspectabam

178 1442 299 1477 quidem,
313 1441 466 1477 proutdixi,
479 1448 510 1467 ea
519 1448 579 1475 qua
593 1448 688 1475 passus
696 1447 769 1472 sum,
778 1447 861 1473 angor
871 1439 974 1466 nihilo-

178 1487 271 1514 minus
287 1487 371 1514 animi
401 1486 473 1520 quod
503 1486 554 1513 sub
572 1486 672 1513 talibus
687 1486 791 1520 patior:
809 1484 885 1511 Finis
903 1485 970 1511 mihi
986 1487 1007 1517 ε

178 1540 194 1559 a
211 1532 268 1560 Deo
281 1532 433 1567 destinatus
452 1536 512 1564 est,
529 1535 556 1558 et
576 1530 674 1558 lubens
692 1530 773 1558 cbibo
788 1531 970 1565 quodcunque

178 1579 246 1606 mihi
263 1579 424 1614 propitiatur
440 1577 578 1613 poculum.
599 1577 655 1604 Nec
667 1582 778 1612 propter
793 1577 837 1604 illa
850 1585 911 1612 qua:
923 1585 969 1612 pa-

179 1625 242 1658 tior,
263 1632 429 1657 succenseo;
441 1625 497 1651 imo
512 1624 594 1651 etiam
608 1629 636 1650 et
648 1623 693 1650 illa
707 1623 833 1650 desidero
848 1631 909 1658 qua:
926 1631 969 1650 me

177 1672 267 1700 adhuc
277 1672 451 1706 patioportet
475 1676 614 1705 utcunque
643 1670 704 1697 sine
731 1677 814 1697 sensu
829 1669 970 1697 dolorilico

176 1717 234 1752 pati
251 1716 301 1744 ista
329 1724 481 1751 nequeam;
499 1716 623 1743 homines
639 1716 711 1742 enim
725 1715 762 1743 ita
777 1716 923 1750 comparati
941 1720 970 1743 ut

178 1763 237 1790 sine
253 1762 355 1790 doloris
370 1770 453 1790 sensu
471 1763 528 1798 pati
546 1766 686 1797 nequeant
701 1770 707 1789 :
723 1766 751 1789 et
766 1761 804 1789 ita
820 1769 864 1789 me
879 1762 970 1789 animo

177 1809 307 1836 allectum
335 1809 435 1836 debere
462 1815 523 1836 esse
547 1808 670 1843 intelligo
685 1815 749 1843 erga
773 1808 817 1835 illa
853 1816 914 1843 quae
926 1816 969 1836 me

177 1856 339 1891 jampridem
364 1856 536 1885 invaserunt.
553 1860 581 1882 et
601 1855 732 1889 deinceps
744 1859 809 1882 sunt
829 1855 966 1882 invasura.

178 1903 217 1930 Te
229 1907 319 1929 autem
332 1902 421 1937 potius
435 1902 552 1937 optarim
561 1908 612 1937 ego
627 1901 741 1929 ultorem
756 1909 851 1928 eorum
865 1902 910 1937 qui
925 1910 968 1929 me

177 1948 286 1983 injuriis
304 1948 436 1981 alliciunt,
458 1956 539 1983 quam
556 1956 665 1976 causam
686 1952 713 1975 et
733 1948 840 1975 initium
857 1947 967 1975 dedisse

1071 1070 1152 1097 Ἀλλὰ
1165 1071 1252 1097 ταῦτα
1271 1071 1321 1106 μὲν
1339 1071 1409 1106 ὑπὲρ
1425 1071 1556 1106 Χριστοῦ,
1569 1070 1617 1097 καὶ
1631 1070 1709 1097 θείων
1725 1070 1816 1105 νόμων

1027 1117 1186 1152 ὑπέστημεν
1200 1117 1357 1152 ἔμπροσθεν
1368 1126 1374 1133 ·
1393 1117 1438 1144 καί
1454 1126 1486 1152 γε
1503 1118 1582 1153 χάρις
1594 1117 1665 1153 θεῷ,
1680 1117 1718 1153 τῷ
1736 1119 1816 1145 πλέον

1026 1162 1135 1196 αὔξοντι
1150 1164 1195 1190 τὸν
1211 1164 1317 1199 μισθὸν,
1336 1165 1365 1191 ἐν
1384 1166 1417 1200 τῇ
1432 1165 1479 1190 τοῦ
1490 1164 1630 1191 λανθάνειν
1643 1164 1758 1200 ἀθυμίᾳ,
1769 1165 1816 1191 καὶ

1025 1212 1060 1245 τῇ
1077 1210 1132 1237 τῶν
1149 1210 1243 1237 παθῶν
1256 1210 1360 1246 ἀδοξίᾳ.
1379 1211 1434 1237 Καὶ
1447 1210 1522 1246 ᾔδειν
1537 1211 1585 1245 μὲν
1598 1211 1715 1246 ὲμαυτὺν
1729 1211 1815 1238 ταῦτα

1027 1256 1135 1290 παθεῖν,
1164 1257 1244 1289 εὐθὺς
1268 1257 1420 1293 ἀρχομένου
1438 1257 1484 1283 τοῦ
1504 1258 1627 1291 ἀγῶνος,
1657 1257 1770 1293 ἤλπιζον
1787 1257 1815 1284 δὲ

1025 1303 1074 1330 καὶ
1089 1303 1141 1338 προ
1157 1303 1204 1329 τοῦ
1223 1303 1338 1334 πάθους.
1352 1305 1399 1330 καὶ
1413 1304 1466 1340 πρὸ
1482 1304 1530 1330 τοῦ
1554 1303 1658 1338 ἀγῶνος
1677 1304 1712 1339 (εἰ
1733 1304 1761 1330 δὲ
1778 1304 1815 1339 μὴ

1022 1348 1126 1384 τάληθῆ
1150 1348 1232 1382 λέγω,
1249 1348 1365 1383 πάθοιμι
1385 1350 1449 1383 παρ’
1476 1348 1567 1375 αὐτῶν
1593 1345 1684 1383 ὧνπερ
1701 1348 1814 1380 ἔπαθον,

1024 1395 1144 1431 χείρονα,
1171 1394 1285 1430 ἤλπιζον
1318 1395 1390 1429 μὲν,
1419 1395 1457 1426 ὡς
1483 1395 1567 1430 ἔφην.
1598 1394 1670 1430 ἆπερ
1702 1394 1814 1426 ἔπαθον,

1025 1441 1164 1474 λυποῦμαι
1182 1440 1210 1467 δὲ
1236 1440 1349 1476 πάσχων
1375 1440 1427 1467 ὑπὸ
1454 1441 1601 1467 τοιούτων·
1628 1440 1659 1466 τὸ
1685 1440 1735 1475 μὲν
1760 1440 1816 1475 γὰρ

1024 1487 1090 1522 ὲμὸν
1102 1486 1177 1518 τέλος
1190 1486 1249 1522 Θεῴ
1265 1486 1395 1522 ὥρισται·
1409 1486 1456 1512 καὶ
1471 1486 1586 1522 δέχομαι
1601 1486 1704 1522 χαίρων
1724 1487 1816 1513 ὁποῖον

1026 1533 1059 1560 ἂν
1102 1534 1132 1559 τὸ
1146 1534 1289 1568 ποτήριον·
1299 1534 1346 1560 καὶ
1354 1522 1403 1568 οὐχ
1416 1533 1486 1569 ὑπὲρ
1496 1530 1533 1560 ὧν
1547 1533 1645 1568 πάσχω
1654 1533 1815 1567 ἀγανακτῶ,

1025 1579 1081 1605 ἀλλ’
1099 1576 1137 1606 ὧν
1151 1588 1184 1613 με
1198 1580 1238 1605 δεῖ
1257 1579 1354 1606 παθεῖν
1378 1579 1425 1606 καὶ
1440 1579 1475 1606 τὰ
1492 1579 1618 1606 λείποντα
1636 1579 1770 1614 ἐπιζητῶ,
1788 1580 1814 1606 εἰ

1024 1626 1071 1651 καὶ
1087 1625 1171 1660 χωρὶς
1185 1624 1332 1661 ἀλγηδόνος
1343 1625 1430 1651 ταῦτα
1447 1625 1540 1660 φέρειν
1553 1625 1676 1651 ἀδυνατῶ
1686 1633 1693 1639 ·
1706 1624 1815 1660 ἀνορω-

1024 1670 1090 1704 πίνη
1102 1670 1156 1705 γὰρ
1171 1670 1250 1704 φύσις
1276 1670 1438 1705 ἀναλγήτως
1454 1671 1571 1706 πάσχειν
1585 1671 1615 1696 οὐ
1629 1670 1735 1704 πέφυκε
1746 1677 1752 1684 ·
1766 1670 1816 1697 καὶ

1027 1717 1090 1752 περὶ
1106 1715 1156 1751 μὲν
1176 1715 1230 1743 τῶν
1255 1716 1510 1752 ὲπισκηψάντων,ῆ
1536 1716 1583 1743 καὶ
1608 1716 1818 1751 ἐπισκηψόντων

1025 1762 1066 1788 ἔτι
1081 1762 1153 1797 ἐμοὶ,
1169 1762 1241 1788 οὓτω
1256 1771 1289 1797 με
1303 1762 1343 1789 δεῖ
1357 1764 1479 1797 φρονεῖν,
1492 1763 1539 1789 καὶ
1551 1762 1710 1798 λογίζομαι..
1721 1763 1818 1797 Τιμω-

1023 1809 1087 1845 ροὺς
1102 1808 1130 1835 δὲ
1149 1808 1203 1835 τῶν
1221 1808 1409 1840 ἀδικούντων,
1434 1809 1493 1836 ἀλλ’
1518 1810 1569 1835 οὐκ
1598 1810 1736 1844 ἀρχηγοὺς
1761 1809 1818 1836 τῶν

1021 1856 1209 1891 ἀδικημάτων,
1226 1855 1299 1890 ὑμᾶς
1323 1856 1443 1891 εὐχόμην
1470 1856 1570 1890 εὑρεῖν.
1599 1856 1670 1882 Ἀλλ’
1683 1856 1745 1882 οὔτε
1766 1857 1818 1891 ἐμὲ

1022 1902 1118 1935 φυγεῖν
1142 1901 1228 1933 ἔστιν,
1253 1901 1271 1927 ἆ
1300 1909 1334 1936 με
1349 1901 1389 1927 δεῖ
1413 1900 1528 1927 παθεῖν·
1555 1900 1617 1927 οὒτε
1633 1900 1682 1936 τὴν
1712 1901 1818 1936 ἑτέρων

1021 1947 1116 1982 εὐχὴν.
1141 1947 1243 1982 ἑτέρων
1257 1947 1371 1982 γνώμην
1391 1947 1513 1975 ἀκόντων
1532 1948 1706 1983 μεταϐαλεῖν.

179 1997 340 2032 iniuriarum
357 2006 363 2023 :
381 1997 428 2024 sed
441 2005 473 2024 ea
489 2005 550 2032 qua:
571 2005 615 2024 me
635 1997 690 2032 pati
706 1997 807 2024 debere
827 2001 958 2024 statutum
977 2000 1028 2030 est,
1050 1996 1169 2031 eli'ugere
1199 2003 1320 2031 nequeo;
1337 1996 1382 2031 qui
1400 2004 1452 2024 nec
1484 2001 1646 2024 catcrorum
1675 1995 1818 2032 optionem

178 2045 221 2073 vel
248 2045 380 2080 judicium
402 2050 497 2073 contra
523 2045 688 2073 voluntatem
711 2045 832 2080 ipsorum
850 2050 954 2072 mutare
969 2052 1090 2079 possum.

213 2093 303 2126 Atque
317 2091 393 2126 prius
408 2092 519 2127 quidem
532 2096 571 2119 tot
584 2097 611 2119 et
628 2097 702 2119 tanta
716 2092 904 2127 patiebamur;
922 2091 970 2118 sed
987 2093 1008 2120 D

177 2141 306 2172 tanquam
324 2145 378 2164 non
395 2138 462 2164 satis
477 2138 614 2173 ingestum
632 2137 711 2164 no'bis
731 2137 864 2164 malorum
886 2141 968 2168 esset,

177 2183 346 2218 excogitatur
366 2183 463 2210 modus
489 2183 559 2210 alius
581 2183 680 2218 injuria
704 2182 838 2210 alliciendi
857 2190 911 2214 me,
941 2187 971 2209 ut

177 2238 238 2257 mea
253 2237 335 2257 causa
348 2229 429 2256 etiam
443 2230 486 2256 alii
503 2231 581 2257 malis
598 2230 750 2256 alliciautur
767 2238 773 2255 :
788 2229 869 2256 Fame
880 2229 970 2256 clerus

177 2277 372 2311 strangulatur,
389 2282 416 2303 et
433 2277 478 2311 qui
495 2276 562 2304 mihi
583 2277 709 2308 subsunt,
727 2277 888 2304 illustriores
907 2277 969 2311 qui-

177 2331 241 2358 que,
254 2323 352 2350 incum
363 2323 456 2355 linem,
469 2328 499 2350 ut
513 2331 575 2350 cum
585 2323 733 2357 loquuntur
748 2327 775 2350 et
790 2323 970 2350 recordamur

177 2377 207 2396 se
222 2376 310 2396 meam
320 2369 355 2396 ob
362 2377 472 2396 causam
483 2369 534 2396 hac
546 2369 702 2396 calamitate
715 2376 823 2403 pressos
836 2369 862 2395 in
877 2377 968 2396 meum

177 2414 286 2442 demum
297 2420 377 2449 caput
387 2419 415 2442 et
427 2415 651 2449 exprobrationes
662 2419 689 2442 et
701 2415 901 2455 exsecrationes
912 2415 970 2449 eja-

177 2461 313 2488 culentur.
324 2461 400 2489 Mitto
415 2461 479 2488 illud
493 2461 595 2494 dicere,
605 2462 677 2496 quod
690 2461 867 2497 mihimetipsi
880 2462 969 2496 portio

177 2507 323 2535 exhibetur
339 2508 372 2535 ad
389 2508 554 2541 dimensum,
567 2508 640 2544 quod
657 2508 768 2535 dimidia
785 2512 862 2543 parte
877 2508 970 2542 privor

175 2554 373 2589 iurisdictionis
397 2561 465 2581 mea:
484 2563 490 2581 :
510 2558 583 2582 certe
602 2554 732 2589 praeclara
749 2554 819 2582 ratio
841 2555 906 2582 inita
927 2560 970 2582 est

177 2608 227 2635 per
242 2600 409 2631 auferentes,
427 2601 472 2635 qui
488 2600 527 2627 sic
539 2600 716 2628 artificiosam
736 2601 763 2627 in
780 2608 823 2628 me
838 2608 969 2635 persecu-

177 2647 279 2674 tionem
292 2647 474 2674 concitarunt.
484 2647 561 2680 Quod
574 2647 644 2680 si,ut
654 2655 745 2674 meum
762 2647 888 2681 expleant
903 2647 969 2674 mihi

176 2692 342 2720 desiderium
358 2692 367 2725 (
381 2692 434 2719 hoc
446 2697 497 2724 est,
515 2697 546 2719 ut
560 2693 613 2720 isto
625 2694 690 2728 jugo
709 2699 792 2727 atque
821 2701 905 2720 onere
921 2702 969 2720 ex-

177 2737 296 2773 pediar),
310 2739 367 2764 hmc
381 2743 574 2773 perpetrarent
585 2739 734 2774 (utcunque
752 2747 858 2766 mecum
876 2739 968 2766 ludere

178 2783 266 2810 visum
282 2784 309 2810 in
324 2784 382 2811 istis
399 2785 462 2820 est),
478 2785 577 2820 gratias
587 2789 659 2812 certe
675 2785 708 2813 de
725 2785 822 2812 ablatis
839 2793 898 2812 smn
918 2785 967 2811 ha-

179 2826 286 2854 biturus
301 2837 308 2855 :
324 2832 351 2855 et
363 2837 445 2864 grave
462 2830 530 2857 mihi
551 2835 593 2858 est
609 2831 681 2866 quod
705 2831 805 2858 residui
819 2831 967 2866 quidquam

1059 2091 1114 2117 Καὶ
1133 2090 1252 2118 τοσαῦτα
1271 2091 1321 2125 μὲν
1339 2090 1515 2126 πεπόνθαμεν
1532 2091 1688 2127 ἔμπροσθεν
1700 2099 1707 2106 ·
1719 2090 1820 2127 ὥσπερ

1021 2136 1050 2163 δὲ
1071 2136 1214 2168 λείποντος
1227 2136 1274 2163 τοῦ
1286 2138 1385 2169 κακοῦ,
1408 2140 1630 2172 προσεπινοεῖται
1645 2138 1692 2165 καὶ
1713 2138 1820 2172 τρόπος

1021 2185 1099 2216 ἄλλος
1125 2183 1287 2215 κακώσεως,
1309 2184 1357 2210 καὶ
1377 2184 1526 2210 κακοῦνται
1550 2184 1584 2210 δι’
1605 2185 1679 2219 ἡμᾶς
1706 2184 1817 2218 ἕτεροι·

1022 2230 1070 2257 καὶ
1085 2231 1294 2265 λιμαγχονεῖται
1318 2229 1430 2265 κλῆρος,
1457 2230 1504 2256 καὶ
1528 2230 1582 2256 τῶν
1609 2230 1660 2256 ὑπὸ
1688 2230 1769 2264 χεῖρα
1785 2229 1820 2255 τὸ

1023 2276 1226 2312 ἐπισημότερον
1238 2284 1244 2291 ”
1262 2276 1296 2303 ἵν’
1320 2277 1363 2310 ἐφ’
1377 2275 1457 2311 ήμῶν
1474 2276 1623 2310 ὑποστῆναι
1644 2275 1693 2310 τὴν
1709 2283 1819 2310 συμφο-

1022 2322 1072 2357 ρὰν
1086 2322 1131 2348 καὶ
1142 2321 1268 2356 λέγοντες
1285 2322 1332 2348 καὶ
1350 2321 1577 2357 μνημονεύοντες,
1595 2320 1640 2347 τὸν
1661 2320 1818 2354 ὀνειδισμὸν

1021 2369 1068 2395 καὶ
1095 2368 1142 2404 τὴν
1161 2368 1231 2404 ἀρὰν
1246 2369 1293 2394 ἐπὶ
1316 2368 1439 2403 κεφαλὴν
1466 2368 1545 2403 ἡμῶν
1560 2367 1742 2402 ἁναφέρωσιν.
1760 2366 1819 2393 Ἐὦ

1021 2416 1076 2450 γὰρ
1089 2416 1186 2448 εἰπεῖν,
1203 2416 1245 2442 ὅτι
1261 2416 1308 2442 καὶ
1319 2417 1386 2450 ἡμῖν
1409 2416 1426 2450 ἡ
1445 2415 1521 2450 μᾶζα
1537 2415 1628 2449 μέτρῳ
1643 2415 1814 2450 προσρίπτε-

1020 2470 1075 2493 ται,
1094 2461 1141 2488 καὶ
1155 2462 1313 2496 ἀφαιρεῖται
1330 2462 1377 2497 ἀφ’
1392 2461 1471 2497 ἡμῶν
1492 2461 1524 2487 τὸ
1540 2462 1627 2496 ἥμισυ
1642 2461 1692 2495 τῆς
1707 2460 1798 2495 ἀρχῆς
1808 2467 1816 2474 ·

1021 2507 1113 2538 καλῶς
1141 2515 1173 2541 γε
1199 2507 1349 2534 ποιούντων
1363 2507 1418 2534 τῶν
1440 2507 1641 2542 ἀφαιρούντων,
1666 2506 1713 2531 καὶ
1730 2505 1819 2539 τέχνῃ

1021 2553 1066 2580 τὸν
1089 2552 1152 2579 καθ’
1172 2553 1252 2588 ἡμῶν
1272 2553 1393 2588 διωγμὸν
1419 2552 1612 2579 ἐπινοούντων.
1635 2551 1706 2579 Ἀλλ’
1723 2551 1748 2576 εἰ
1765 2551 1822 2585 τὴν

1021 2599 1160 2634 ἡμετέραν
1170 2597 1338 2633 πληροῦντες
1354 2599 1462 2633 αἴτησιν
1477 2598 1560 2633 (λέγω
1570 2598 1602 2633 δὴ
1618 2598 1648 2623 τὸ
1663 2597 1820 2632 ἐλευθερω-

1021 2645 1101 2680 θῆναι
1114 2645 1188 2680 ἡμᾶς
1203 2644 1248 2671 τοῦ
1264 2645 1348 2679 ζυγοῦ
1361 2645 1407 2671 καὶ
1421 2644 1468 2670 τοῦ
1482 2644 1594 2679 φορτίου
1607 2643 1715 2678 τούτου)
1726 2642 1822 2669 ταῦτα

1022 2692 1207 2726 πεποιήκασιν
1236 2692 1314 2726 (ἴσως
1341 2691 1397 2726 γὰρ
1424 2691 1569 2718 καὶτοῦτο
1597 2690 1726 2722 παίζουσι
1751 2689 1822 2716 καθ’

1021 2736 1121 2772 ήμῶν),
1139 2737 1219 2772 χάρις
1237 2738 1287 2772 μὲν
1302 2738 1395 2769 αὐτοῖς
1409 2738 1479 2774 ὑπὲρ
1494 2735 1531 2764 ὧν
1550 2738 1659 2772 ἀφεῖλον
1673 2745 1681 2752 ·
1697 2736 1823 2762 λυποῦσι

1021 2783 1050 2809 δὲ
1075 2783 1145 2818 ὑπὲρ
1170 2782 1207 2810 ὧν
1226 2783 1390 2816 κατέλιπον,
1408 2785 1456 2811 καὶ
1471 2784 1650 2819 βραδύνοντες
1667 2783 1736 2819 πρὸς
1763 2782 1823 2818 τὴν

1021 2829 1167 2865 ἀιραίρεσιν
1182 2829 1229 2856 τοῦ
1242 2830 1347 2864 λοιποῦ,
1364 2831 1446 2858 πλέον
1467 2830 1580 2858 ἀνιῶσιν
1593 2839 1599 2845 ·
1611 2830 1706 2865 ὥσπερ
1721 2830 1745 2855 οἱ
1761 2837 1823 2855 κα-
