  <div class='ocr_page' id='page_1' title='image "/cluster/home/n/w/nwhite01/storage/ocr_20150623/102/njp.32101010943874/332.png"; bbox 0 0 1940 3087; ppageno 0'>
   <div class='ocr_carea' id='block_1_1' title="bbox 156 137 207 171">
    <p class='ocr_par' dir='ltr' id='par_1_1' title="bbox 156 137 207 171">
     <span class='ocr_line' id='line_1_1' title="bbox 156 137 207 171; baseline 0.02 -1"><span class='ocrx_word' id='word_1_1' title='bbox 156 137 207 171; x_wconf 78' lang='lat'><strong>621</strong></span> 
     </span>
    </p>
   </div>
   <div class='ocr_carea' id='block_1_2' title="bbox 736 139 1184 169">
    <p class='ocr_par' dir='ltr' id='par_1_2' title="bbox 736 139 1184 169">
     <span class='ocr_line' id='line_1_2' title="bbox 736 139 1184 169; baseline 0 0"><span class='ocrx_word' id='word_1_2' title='bbox 736 139 1004 169; x_wconf 82' lang='lat' dir='ltr'><strong>EPISTOLARUM</strong></span> <span class='ocrx_word' id='word_1_3' title='bbox 1026 139 1141 169; x_wconf 81' lang='lat' dir='ltr'><strong>LIBER</strong></span> <span class='ocrx_word' id='word_1_4' title='bbox 1160 139 1184 169; x_wconf 77' lang='grc' dir='ltr'><strong>Ξ.</strong></span> 
     </span>
    </p>
   </div>
   <div class='ocr_carea' id='block_1_3' title="bbox 1727 136 1781 170">
    <p class='ocr_par' dir='ltr' id='par_1_3' title="bbox 1727 136 1781 170">
     <span class='ocr_line' id='line_1_3' title="bbox 1727 136 1781 170; baseline -0.019 0"><span class='ocrx_word' id='word_1_5' title='bbox 1727 136 1781 170; x_wconf 74' lang='grc'><strong>622</strong></span> 
     </span>
    </p>
   </div>
   <div class='ocr_carea' id='block_1_4' title="bbox 155 192 947 230">
    <p class='ocr_par' dir='ltr' id='par_1_4' title="bbox 155 192 945 230">
     <span class='ocr_line' id='line_1_4' title="bbox 155 192 945 230; baseline 0.004 -12"><span class='ocrx_word' id='word_1_6' title='bbox 155 192 374 224; x_wconf 59' lang='grc' dir='ltr'>ττλιμπανεντα</span> <span class='ocrx_word' id='word_1_7' title='bbox 393 192 439 219; x_wconf 61' lang='grc' dir='ltr'>τὶν</span> <span class='ocrx_word' id='word_1_8' title='bbox 455 192 501 219; x_wconf 84' lang='grc' dir='ltr'><strong>ὑπ’</strong></span> <span class='ocrx_word' id='word_1_9' title='bbox 518 192 599 220; x_wconf 82' lang='grc' dir='ltr'>αὑτὸν</span> <span class='ocrx_word' id='word_1_10' title='bbox 615 198 626 212; x_wconf 78' lang='grc' dir='ltr'><strong>ε</strong></span> <span class='ocrx_word' id='word_1_11' title='bbox 655 193 862 229; x_wconf 82' lang='grc' dir='ltr'><strong>ἀναιρούμενον,</strong></span> <span class='ocrx_word' id='word_1_12' title='bbox 880 195 945 230; x_wconf 82' lang='grc' dir='ltr'>ἡμι-</span> 
     </span>
    </p>
   </div>
   <div class='ocr_carea' id='block_1_5' title="bbox 1000 192 1784 230">
    <p class='ocr_par' dir='ltr' id='par_1_5' title="bbox 1000 193 1784 230">
     <span class='ocr_line' id='line_1_5' title="bbox 1000 193 1784 230; baseline -0.001 -9"><span class='ocrx_word' id='word_1_13' title='bbox 1000 195 1185 229; x_wconf 86' lang='lat' dir='ltr'><strong>reliquerunt,</strong></span> <span class='ocrx_word' id='word_1_14' title='bbox 1211 202 1320 230; x_wconf 83' lang='lat' dir='ltr'><strong>quoque</strong></span> <span class='ocrx_word' id='word_1_15' title='bbox 1344 194 1449 222; x_wconf 76' lang='lat' dir='ltr'><strong>tardius</strong></span> <span class='ocrx_word' id='word_1_16' title='bbox 1479 194 1608 221; x_wconf 81' lang='lat' dir='ltr'><strong>incedam</strong></span> <span class='ocrx_word' id='word_1_17' title='bbox 1634 193 1667 221; x_wconf 91' lang='lat' dir='ltr'><strong>ad</strong></span> <span class='ocrx_word' id='word_1_18' title='bbox 1688 201 1784 221; x_wconf 85' lang='lat' dir='ltr'><strong>eorum</strong></span> 
     </span>
    </p>
   </div>
   <div class='ocr_carea' id='block_1_6' title="bbox 156 239 945 275">
    <p class='ocr_par' dir='ltr' id='par_1_6' title="bbox 156 239 945 275">
     <span class='ocr_line' id='line_1_6' title="bbox 156 239 945 275; baseline 0.003 -10"><span class='ocrx_word' id='word_1_19' title='bbox 156 239 224 273; x_wconf 85' lang='grc' dir='ltr'>θανῆ</span> <span class='ocrx_word' id='word_1_20' title='bbox 240 239 289 265; x_wconf 75' lang='grc' dir='ltr'>καὶ</span> <span class='ocrx_word' id='word_1_21' title='bbox 309 239 453 274; x_wconf 79' lang='grc' dir='ltr'>ἡμίτομον,</span> <span class='ocrx_word' id='word_1_22' title='bbox 470 239 486 274; x_wconf 82' lang='grc' dir='ltr'>ἢ</span> <span class='ocrx_word' id='word_1_23' title='bbox 506 239 530 265; x_wconf 81' lang='grc' dir='ltr'>οἱ</span> <span class='ocrx_word' id='word_1_24' title='bbox 550 239 656 274; x_wconf 79' lang='grc' dir='ltr'>ἁθρόως</span> <span class='ocrx_word' id='word_1_25' title='bbox 671 239 863 275; x_wconf 77' lang='grc' dir='ltr'><strong>ἀναιροῦντες·</strong></span> <span class='ocrx_word' id='word_1_26' title='bbox 880 240 945 267; x_wconf 79' lang='grc' dir='ltr'><strong>ἑκά-</strong></span> 
     </span>
    </p>
   </div>
   <div class='ocr_carea' id='block_1_7' title="bbox 155 285 946 322">
    <p class='ocr_par' dir='ltr' id='par_1_7' title="bbox 155 285 946 322">
     <span class='ocr_line' id='line_1_7' title="bbox 155 285 946 322; baseline 0.001 -10"><span class='ocrx_word' id='word_1_27' title='bbox 155 294 234 321; x_wconf 87' lang='grc' dir='ltr'>τερος</span> <span class='ocrx_word' id='word_1_28' title='bbox 250 286 300 320; x_wconf 80' lang='grc' dir='ltr'>μὲν</span> <span class='ocrx_word' id='word_1_29' title='bbox 313 286 368 320; x_wconf 83' lang='grc' dir='ltr'><strong>γὰρ</strong></span> <span class='ocrx_word' id='word_1_30' title='bbox 380 286 461 312; x_wconf 82' lang='grc' dir='ltr'>αὑτὸν</span> <span class='ocrx_word' id='word_1_31' title='bbox 476 286 593 321; x_wconf 83' lang='grc' dir='ltr'>ἀναιρεῖ,</span> <span class='ocrx_word' id='word_1_32' title='bbox 612 285 670 312; x_wconf 75' lang='grc' dir='ltr'>ἀλλ’</span> <span class='ocrx_word' id='word_1_33' title='bbox 690 287 704 313; x_wconf 84' lang='grc' dir='ltr'><strong>ὁ</strong></span> <span class='ocrx_word' id='word_1_34' title='bbox 721 286 769 321; x_wconf 83' lang='grc' dir='ltr'>μὲν</span> <span class='ocrx_word' id='word_1_35' title='bbox 783 286 834 320; x_wconf 86' lang='grc' dir='ltr'>τῆς</span> <span class='ocrx_word' id='word_1_36' title='bbox 849 286 946 322; x_wconf 85' lang='grc' dir='ltr'><strong>ὀδύνης</strong></span> 
     </span>
    </p>
   </div>
   <div class='ocr_carea' id='block_1_8' title="bbox 156 331 946 368">
    <p class='ocr_par' dir='ltr' id='par_1_8' title="bbox 156 331 946 368">
     <span class='ocr_line' id='line_1_8' title="bbox 156 331 946 368; baseline 0.003 -10"><span class='ocrx_word' id='word_1_37' title='bbox 156 333 187 358; x_wconf 85' lang='grc' dir='ltr'>οὐ</span> <span class='ocrx_word' id='word_1_38' title='bbox 210 331 381 366; x_wconf 72' lang='grc' dir='ltr'><strong>παρατείνων</strong></span> <span class='ocrx_word' id='word_1_39' title='bbox 402 331 452 367; x_wconf 83' lang='grc' dir='ltr'>τὴν</span> <span class='ocrx_word' id='word_1_40' title='bbox 482 332 619 367; x_wconf 76' lang='grc' dir='ltr'>αἴσθησιν,</span> <span class='ocrx_word' id='word_1_41' title='bbox 646 334 660 359; x_wconf 82' lang='grc' dir='ltr'><strong>ὁ</strong></span> <span class='ocrx_word' id='word_1_42' title='bbox 680 332 708 359; x_wconf 77' lang='grc' dir='ltr'>δὲ</span> <span class='ocrx_word' id='word_1_43' title='bbox 724 333 826 368; x_wconf 82' lang='grc' dir='ltr'>ζημίαν</span> <span class='ocrx_word' id='word_1_44' title='bbox 850 332 946 368; x_wconf 87' lang='grc' dir='ltr'>ῶσπερ</span> 
     </span>
    </p>
   </div>
   <div class='ocr_carea' id='block_1_9' title="bbox 157 377 946 414">
    <p class='ocr_par' dir='ltr' id='par_1_9' title="bbox 157 377 946 414">
     <span class='ocr_line' id='line_1_9' title="bbox 157 377 946 414; baseline 0.005 -11"><span class='ocrx_word' id='word_1_45' title='bbox 157 377 318 412; x_wconf 84' lang='grc' dir='ltr'>ἡγούμενος,</span> <span class='ocrx_word' id='word_1_46' title='bbox 337 379 362 404; x_wconf 83' lang='grc' dir='ltr'>εἰ</span> <span class='ocrx_word' id='word_1_47' title='bbox 377 378 484 412; x_wconf 85' lang='grc' dir='ltr'>οανάτῳ</span> <span class='ocrx_word' id='word_1_48' title='bbox 497 378 571 413; x_wconf 81' lang='grc' dir='ltr'>μόνῳ</span> <span class='ocrx_word' id='word_1_49' title='bbox 584 378 765 413; x_wconf 75' lang='grc' dir='ltr'>παραπέμψει</span> <span class='ocrx_word' id='word_1_50' title='bbox 779 379 826 406; x_wconf 74' lang='grc' dir='ltr'>τὸν</span> <span class='ocrx_word' id='word_1_51' title='bbox 840 379 946 414; x_wconf 74' lang='grc' dir='ltr'>ἄνθρω-</span> 
     </span>
    </p>
   </div>
   <div class='ocr_carea' id='block_1_10' title="bbox 156 423 945 461">
    <p class='ocr_par' dir='ltr' id='par_1_10' title="bbox 156 423 945 461">
     <span class='ocr_line' id='line_1_10' title="bbox 156 423 945 461; baseline 0.005 -13"><span class='ocrx_word' id='word_1_52' title='bbox 156 431 217 454; x_wconf 80' lang='grc' dir='ltr'>πον,</span> <span class='ocrx_word' id='word_1_53' title='bbox 234 424 271 458; x_wconf 84' lang='grc' dir='ltr'>μὴ</span> <span class='ocrx_word' id='word_1_54' title='bbox 290 423 376 450; x_wconf 79' lang='grc' dir='ltr'>πολλὰ</span> <span class='ocrx_word' id='word_1_55' title='bbox 389 425 521 460; x_wconf 82' lang='grc' dir='ltr'>πρότερον</span> <span class='ocrx_word' id='word_1_56' title='bbox 535 424 709 460; x_wconf 78' lang='grc' dir='ltr'>στρεόλώσας</span> <span class='ocrx_word' id='word_1_57' title='bbox 721 433 751 452; x_wconf 85' lang='grc' dir='ltr'><strong>τε</strong></span> <span class='ocrx_word' id='word_1_58' title='bbox 763 425 810 452; x_wconf 78' lang='grc' dir='ltr'><strong>καὶ</strong></span> <span class='ocrx_word' id='word_1_59' title='bbox 821 425 945 461; x_wconf 81' lang='grc' dir='ltr'>μελίσας,</span> 
     </span>
    </p>
   </div>
   <div class='ocr_carea' id='block_1_11' title="bbox 157 469 963 508">
    <p class='ocr_par' dir='ltr' id='par_1_11' title="bbox 157 469 963 508">
     <span class='ocr_line' id='line_1_11' title="bbox 157 469 963 508; baseline 0.004 -13"><span class='ocrx_word' id='word_1_60' title='bbox 157 471 204 495; x_wconf 72' lang='grc' dir='ltr'><strong>καὶ</strong></span> <span class='ocrx_word' id='word_1_61' title='bbox 227 469 399 497; x_wconf 80' lang='grc' dir='ltr'>πολλαπλοῦν</span> <span class='ocrx_word' id='word_1_62' title='bbox 425 471 501 507; x_wconf 85' lang='grc' dir='ltr'><strong>αὑτῷ</strong></span> <span class='ocrx_word' id='word_1_63' title='bbox 528 472 562 508; x_wconf 86' lang='grc' dir='ltr'><strong>τῇ</strong></span> <span class='ocrx_word' id='word_1_64' title='bbox 587 471 735 507; x_wconf 84' lang='grc' dir='ltr'>δριμύτητι</span> <span class='ocrx_word' id='word_1_65' title='bbox 763 471 816 499; x_wconf 70' lang='grc' dir='ltr'>τῶν</span> <span class='ocrx_word' id='word_1_66' title='bbox 829 473 882 498; x_wconf 75' lang='grc' dir='ltr'>άπό</span> <span class='ocrx_word' id='word_1_67' title='bbox 895 473 963 507; x_wconf 74' lang='grc' dir='ltr'><strong>τῆς¹</strong></span> 
     </span>
    </p>
   </div>
   <div class='ocr_carea' id='block_1_12' title="bbox 156 514 944 551">
    <p class='ocr_par' dir='ltr' id='par_1_12' title="bbox 156 514 944 551">
     <span class='ocr_line' id='line_1_12' title="bbox 156 514 944 551; baseline 0.004 -10"><span class='ocrx_word' id='word_1_68' title='bbox 156 515 295 547; x_wconf 79' lang='grc' dir='ltr'><strong>κολάσεως</strong></span> <span class='ocrx_word' id='word_1_69' title='bbox 322 516 478 551; x_wconf 80' lang='grc' dir='ltr'>ἀλγηδόνων</span> <span class='ocrx_word' id='word_1_70' title='bbox 502 517 705 544; x_wconf 75' lang='grc' dir='ltr'>κατασκευάσοι</span> <span class='ocrx_word' id='word_1_71' title='bbox 738 517 785 544; x_wconf 76' lang='grc' dir='ltr'>τὸν</span> <span class='ocrx_word' id='word_1_72' title='bbox 817 514 944 544; x_wconf 78' lang='grc' dir='ltr'>θάνατον.</span> 
     </span>
    </p>
   </div>
   <div class='ocr_carea' id='block_1_13' title="bbox 156 561 946 599">
    <p class='ocr_par' dir='ltr' id='par_1_13' title="bbox 156 561 946 599">
     <span class='ocr_line' id='line_1_13' title="bbox 156 561 946 599; baseline 0.004 -12"><span class='ocrx_word' id='word_1_73' title='bbox 156 561 284 588; x_wconf 81' lang='grc' dir='ltr'>Τοιοῦτον</span> <span class='ocrx_word' id='word_1_74' title='bbox 301 562 374 588; x_wconf 74' lang='grc' dir='ltr'>ἔστιν</span> <span class='ocrx_word' id='word_1_75' title='bbox 395 563 460 598; x_wconf 84' lang='grc' dir='ltr'>ὁρᾷν</span> <span class='ocrx_word' id='word_1_76' title='bbox 475 563 522 589; x_wconf 77' lang='grc' dir='ltr'>καὶ</span> <span class='ocrx_word' id='word_1_77' title='bbox 537 564 568 589; x_wconf 84' lang='grc' dir='ltr'>τὸ</span> <span class='ocrx_word' id='word_1_78' title='bbox 583 563 727 599; x_wconf 83' lang='grc' dir='ltr'>ἡμέτερον.</span> <span class='ocrx_word' id='word_1_79' title='bbox 744 563 946 599; x_wconf 80' lang='grc' dir='ltr'>Τιμωρούμεθα</span> 
     </span>
    </p>
   </div>
   <div class='ocr_carea' id='block_1_14' title="bbox 157 601 946 648">
    <p class='ocr_par' dir='ltr' id='par_1_14' title="bbox 157 601 946 648">
     <span class='ocr_line' id='line_1_14' title="bbox 157 601 946 648; baseline 0.003 -14"><span class='ocrx_word' id='word_1_80' title='bbox 157 608 219 635; x_wconf 81' lang='grc' dir='ltr'><strong>καθ’</strong></span> <span class='ocrx_word' id='word_1_81' title='bbox 238 609 371 643; x_wconf 77' lang='grc' dir='ltr'>ἑκάστην,</span> <span class='ocrx_word' id='word_1_82' title='bbox 393 609 444 635; x_wconf 75' lang='grc' dir='ltr'><strong>καὶ</strong></span> <span class='ocrx_word' id='word_1_83' title='bbox 465 609 655 644; x_wconf 79' lang='grc' dir='ltr'>πληττόμεθα,</span> <span class='ocrx_word' id='word_1_84' title='bbox 672 608 730 636; x_wconf 81' lang='grc' dir='ltr'>νυνὶ</span> <span class='ocrx_word' id='word_1_85' title='bbox 743 609 772 636; x_wconf 80' lang='grc' dir='ltr'>δὲ</span> <span class='ocrx_word' id='word_1_86' title='bbox 790 611 836 648; x_wconf 61' lang='grc' dir='ltr'><strong>καὶ</strong></span> <span class='ocrx_word' id='word_1_87' title='bbox 849 601 946 646; x_wconf 75' lang='grc' dir='ltr'>ἡμίτο-</span> 
     </span>
    </p>
   </div>
   <div class='ocr_carea' id='block_1_15' title="bbox 157 655 945 690">
    <p class='ocr_par' dir='ltr' id='par_1_15' title="bbox 157 655 945 690">
     <span class='ocr_line' id='line_1_15' title="bbox 157 655 945 690; baseline 0.004 -10"><span class='ocrx_word' id='word_1_88' title='bbox 157 663 204 689; x_wconf 86' lang='grc' dir='ltr'><strong>μοι</strong></span> <span class='ocrx_word' id='word_1_89' title='bbox 231 655 382 690; x_wconf 74' lang='grc' dir='ltr'>γεγόναμεν</span> <span class='ocrx_word' id='word_1_90' title='bbox 394 663 401 669; x_wconf 74' lang='grc'>⁸</span> <span class='ocrx_word' id='word_1_91' title='bbox 420 655 468 682; x_wconf 64' lang='grc' dir='ltr'><strong>καὶ</strong></span> <span class='ocrx_word' id='word_1_92' title='bbox 488 656 525 687; x_wconf 79' lang='grc' dir='ltr'>ὡς</span> <span class='ocrx_word' id='word_1_93' title='bbox 546 655 645 689; x_wconf 79' lang='grc' dir='ltr'>ἔοικεν,</span> <span class='ocrx_word' id='word_1_94' title='bbox 660 656 701 683; x_wconf 77' lang='grc' dir='ltr'>ὅτι</span> <span class='ocrx_word' id='word_1_95' title='bbox 713 662 744 683; x_wconf 83' lang='grc' dir='ltr'><strong>το</strong></span> <span class='ocrx_word' id='word_1_96' title='bbox 759 657 820 683; x_wconf 82' lang='grc' dir='ltr'>ὅλον</span> <span class='ocrx_word' id='word_1_97' title='bbox 831 656 863 683; x_wconf 82' lang='grc' dir='ltr'>ἂν</span> <span class='ocrx_word' id='word_1_98' title='bbox 876 658 945 683; x_wconf 84' lang='grc' dir='ltr'>ἁπο-</span> 
     </span>
    </p>
   </div>
   <div class='ocr_carea' id='block_1_16' title="bbox 157 699 946 739">
    <p class='ocr_par' dir='ltr' id='par_1_16' title="bbox 157 699 946 739">
     <span class='ocr_line' id='line_1_16' title="bbox 157 699 946 739; baseline 0.005 -14"><span class='ocrx_word' id='word_1_99' title='bbox 157 699 252 726; x_wconf 85' lang='grc' dir='ltr'>θέσθαι</span> <span class='ocrx_word' id='word_1_100' title='bbox 274 700 447 735; x_wconf 76' lang='grc' dir='ltr'>ᾐτησάμεθα,</span> <span class='ocrx_word' id='word_1_101' title='bbox 465 701 561 727; x_wconf 78' lang='grc' dir='ltr'>τούτου</span> <span class='ocrx_word' id='word_1_102' title='bbox 580 702 660 737; x_wconf 82' lang='grc' dir='ltr'>χάριν</span> <span class='ocrx_word' id='word_1_103' title='bbox 683 702 713 728; x_wconf 85' lang='grc' dir='ltr'>τὸ</span> <span class='ocrx_word' id='word_1_104' title='bbox 734 702 821 737; x_wconf 82' lang='grc' dir='ltr'>ἣμισυ</span> <span class='ocrx_word' id='word_1_105' title='bbox 836 703 946 739; x_wconf 83' lang='grc' dir='ltr'><strong>ἀφῃρή-</strong></span> 
     </span>
    </p>
   </div>
   <div class='ocr_carea' id='block_1_17' title="bbox 161 745 944 782">
    <p class='ocr_par' dir='ltr' id='par_1_17' title="bbox 161 745 944 782">
     <span class='ocr_line' id='line_1_17' title="bbox 161 745 944 782; baseline 0.004 -11"><span class='ocrx_word' id='word_1_106' title='bbox 161 745 232 780; x_wconf 85' lang='grc' dir='ltr'>μεθα</span> <span class='ocrx_word' id='word_1_107' title='bbox 248 753 254 759; x_wconf 75' lang='grc'><strong><em>⁸</em></strong></span> <span class='ocrx_word' id='word_1_108' title='bbox 272 746 319 772; x_wconf 78' lang='grc' dir='ltr'><strong>καὶ</strong></span> <span class='ocrx_word' id='word_1_109' title='bbox 333 747 357 772; x_wconf 83' lang='grc' dir='ltr'><strong>εί</strong></span> <span class='ocrx_word' id='word_1_110' title='bbox 375 746 425 780; x_wconf 86' lang='grc' dir='ltr'>τὴν</span> <span class='ocrx_word' id='word_1_111' title='bbox 438 746 572 781; x_wconf 80' lang='grc' dir='ltr'>διαίρεσιν</span> <span class='ocrx_word' id='word_1_112' title='bbox 587 747 637 782; x_wconf 77' lang='grc' dir='ltr'>τῆς</span> <span class='ocrx_word' id='word_1_113' title='bbox 653 747 742 782; x_wconf 81' lang='grc' dir='ltr'>ἀρχῆς</span> <span class='ocrx_word' id='word_1_114' title='bbox 760 748 944 782; x_wconf 81' lang='grc' dir='ltr'>ἐζητήσαμεν,</span> 
     </span>
    </p>
   </div>
   <div class='ocr_carea' id='block_1_18' title="bbox 155 791 947 829">
    <p class='ocr_par' dir='ltr' id='par_1_18' title="bbox 155 791 947 829">
     <span class='ocr_line' id='line_1_18' title="bbox 155 791 947 829; baseline 0.003 -11"><span class='ocrx_word' id='word_1_115' title='bbox 155 791 196 823; x_wconf 79' lang='grc' dir='ltr'><strong>εἰς</strong></span> <span class='ocrx_word' id='word_1_116' title='bbox 210 791 241 818; x_wconf 82' lang='grc' dir='ltr'>τὸ</span> <span class='ocrx_word' id='word_1_117' title='bbox 254 791 314 818; x_wconf 87' lang='grc' dir='ltr'>ὅλον</span> <span class='ocrx_word' id='word_1_118' title='bbox 331 791 364 818; x_wconf 83' lang='grc' dir='ltr'>ἂν</span> <span class='ocrx_word' id='word_1_119' title='bbox 376 793 608 827; x_wconf 82' lang='grc' dir='ltr'>είσηκούσθημεν.</span> <span class='ocrx_word' id='word_1_120' title='bbox 633 793 704 820; x_wconf 77' lang='grc' dir='ltr'>Ἀλλ’</span> <span class='ocrx_word' id='word_1_121' title='bbox 720 793 782 820; x_wconf 79' lang='grc' dir='ltr'>οὔτε</span> <span class='ocrx_word' id='word_1_122' title='bbox 793 793 838 821; x_wconf 77' lang='grc' dir='ltr'><strong>τίιν</strong></span> <span class='ocrx_word' id='word_1_123' title='bbox 851 793 947 829; x_wconf 82' lang='grc' dir='ltr'>ἡμίτο-</span> 
     </span>
    </p>
   </div>
   <div class='ocr_carea' id='block_1_19' title="bbox 158 837 946 875">
    <p class='ocr_par' dir='ltr' id='par_1_19' title="bbox 158 837 946 875">
     <span class='ocr_line' id='line_1_19' title="bbox 158 837 946 875; baseline 0.003 -11"><span class='ocrx_word' id='word_1_124' title='bbox 158 846 208 872; x_wconf 86' lang='grc' dir='ltr'><strong>μον</strong></span> <span class='ocrx_word' id='word_1_125' title='bbox 231 837 282 873; x_wconf 83' lang='grc' dir='ltr'>ζῇν</span> <span class='ocrx_word' id='word_1_126' title='bbox 306 839 365 865; x_wconf 82' lang='grc' dir='ltr'>ἐστι</span> <span class='ocrx_word' id='word_1_127' title='bbox 379 838 506 865; x_wconf 83' lang='grc' dir='ltr'>δυνατόν·</span> <span class='ocrx_word' id='word_1_128' title='bbox 529 838 592 866; x_wconf 75' lang='grc' dir='ltr'>οὔτε</span> <span class='ocrx_word' id='word_1_129' title='bbox 612 840 686 875; x_wconf 78' lang='grc' dir='ltr'>ἡμᾶς</span> <span class='ocrx_word' id='word_1_130' title='bbox 710 839 828 867; x_wconf 80' lang='grc' dir='ltr'>ἐνταῦθα</span> <span class='ocrx_word' id='word_1_131' title='bbox 844 840 946 875; x_wconf 83' lang='grc' dir='ltr'>μένειν,</span> 
     </span>
    </p>
   </div>
   <div class='ocr_carea' id='block_1_20' title="bbox 155 879 983 922">
    <p class='ocr_par' dir='ltr' id='par_1_20' title="bbox 155 879 983 922">
     <span class='ocr_line' id='line_1_20' title="bbox 155 879 983 922; baseline 0.004 -12"><span class='ocrx_word' id='word_1_132' title='bbox 155 883 228 911; x_wconf 80' lang='grc' dir='ltr'>οὕτω</span> <span class='ocrx_word' id='word_1_133' title='bbox 239 884 426 920; x_wconf 84' lang='grc' dir='ltr'>διαιρεθέντας</span> <span class='ocrx_word' id='word_1_134' title='bbox 438 893 445 900; x_wconf 88' lang='grc'>·</span> <span class='ocrx_word' id='word_1_135' title='bbox 462 885 577 921; x_wconf 75' lang='grc' dir='ltr'>αἰσχύνη</span> <span class='ocrx_word' id='word_1_136' title='bbox 594 885 642 913; x_wconf 77' lang='grc' dir='ltr'>καὶ</span> <span class='ocrx_word' id='word_1_137' title='bbox 654 886 768 919; x_wconf 77' lang='grc' dir='ltr'>ὄνειδος,</span> <span class='ocrx_word' id='word_1_138' title='bbox 779 887 809 913; x_wconf 81' lang='grc' dir='ltr'>οὐ</span> <span class='ocrx_word' id='word_1_139' title='bbox 820 888 877 919; x_wconf 81' lang='grc' dir='ltr'>τοῖς</span> <span class='ocrx_word' id='word_1_140' title='bbox 893 887 946 922; x_wconf 87' lang='grc' dir='ltr'>πρὸ</span> <span class='ocrx_word' id='word_1_141' title='bbox 963 879 983 906; x_wconf 77' lang='grc' dir='ltr'><strong><em>Β</em></strong></span> 
     </span>
    </p>
   </div>
   <div class='ocr_carea' id='block_1_21' title="bbox 157 929 943 968">
    <p class='ocr_par' dir='ltr' id='par_1_21' title="bbox 157 929 943 968">
     <span class='ocr_line' id='line_1_21' title="bbox 157 929 943 968; baseline 0.005 -13"><span class='ocrx_word' id='word_1_142' title='bbox 157 929 238 963; x_wconf 81' lang='grc' dir='ltr'>ἡμῶν</span> <span class='ocrx_word' id='word_1_143' title='bbox 264 930 470 966; x_wconf 85' lang='grc' dir='ltr'>γεγενημένοις,</span> <span class='ocrx_word' id='word_1_144' title='bbox 492 931 560 958; x_wconf 68' lang='grc' dir='ltr'>ἀλλά</span> <span class='ocrx_word' id='word_1_145' title='bbox 576 939 608 965; x_wconf 91' lang='grc' dir='ltr'><strong>γε</strong></span> <span class='ocrx_word' id='word_1_146' title='bbox 629 932 676 958; x_wconf 80' lang='grc' dir='ltr'><strong>καὶ</strong></span> <span class='ocrx_word' id='word_1_147' title='bbox 700 933 756 962; x_wconf 81' lang='grc' dir='ltr'>τοῖς</span> <span class='ocrx_word' id='word_1_148' title='bbox 781 932 841 967; x_wconf 83' lang='grc' dir='ltr'>μεθ’</span> <span class='ocrx_word' id='word_1_149' title='bbox 857 933 943 968; x_wconf 78' lang='grc' dir='ltr'>ἡμᾶς,</span> 
     </span>
    </p>
   </div>
   <div class='ocr_carea' id='block_1_22' title="bbox 156 974 945 1014">
    <p class='ocr_par' dir='ltr' id='par_1_22' title="bbox 156 974 945 1014">
     <span class='ocr_line' id='line_1_22' title="bbox 156 974 945 1014; baseline 0.005 -13"><span class='ocrx_word' id='word_1_150' title='bbox 156 974 236 1010; x_wconf 81' lang='grc' dir='ltr'>εἴπερ</span> <span class='ocrx_word' id='word_1_151' title='bbox 258 975 311 1010; x_wconf 84' lang='grc' dir='ltr'>ἄρα</span> <span class='ocrx_word' id='word_1_152' title='bbox 331 977 378 1002; x_wconf 83' lang='grc' dir='ltr'><strong>καὶ</strong></span> <span class='ocrx_word' id='word_1_153' title='bbox 393 975 448 1003; x_wconf 77' lang='grc' dir='ltr'>εἶεν</span> <span class='ocrx_word' id='word_1_154' title='bbox 468 977 537 1009; x_wconf 81' lang='grc' dir='ltr'>ὅλως</span> <span class='ocrx_word' id='word_1_155' title='bbox 555 977 627 1009; x_wconf 86' lang='grc' dir='ltr'>τινὲς</span> <span class='ocrx_word' id='word_1_156' title='bbox 640 979 656 1013; x_wconf 83' lang='grc' dir='ltr'><strong>ὴ</strong></span> <span class='ocrx_word' id='word_1_157' title='bbox 662 977 720 1013; x_wconf 85' lang='grc' dir='ltr'>μῶν</span> <span class='ocrx_word' id='word_1_158' title='bbox 734 977 904 1014; x_wconf 85' lang='grc' dir='ltr'>ἀθλιώτεροι,</span> <span class='ocrx_word' id='word_1_159' title='bbox 919 978 945 1005; x_wconf 80' lang='grc' dir='ltr'>οἳ</span> 
     </span>
    </p>
   </div>
   <div class='ocr_carea' id='block_1_23' title="bbox 158 1021 946 1060">
    <p class='ocr_par' dir='ltr' id='par_1_23' title="bbox 158 1021 946 1060">
     <span class='ocr_line' id='line_1_23' title="bbox 158 1021 946 1060; baseline 0.005 -13"><span class='ocrx_word' id='word_1_160' title='bbox 158 1021 219 1056; x_wconf 85' lang='grc' dir='ltr'>μεθ’</span> <span class='ocrx_word' id='word_1_161' title='bbox 232 1022 307 1056; x_wconf 80' lang='grc' dir='ltr'>ἡμᾶς</span> <span class='ocrx_word' id='word_1_162' title='bbox 319 1022 379 1049; x_wconf 81' lang='grc' dir='ltr'>ἀνθ’</span> <span class='ocrx_word' id='word_1_163' title='bbox 395 1022 474 1057; x_wconf 80' lang='grc' dir='ltr'>ἡμῶν</span> <span class='ocrx_word' id='word_1_164' title='bbox 487 1024 593 1050; x_wconf 84' lang='grc' dir='ltr'>τουτονὶ</span> <span class='ocrx_word' id='word_1_165' title='bbox 614 1024 660 1050; x_wconf 81' lang='grc' dir='ltr'>τὸν</span> <span class='ocrx_word' id='word_1_166' title='bbox 678 1024 761 1060; x_wconf 75' lang='grc' dir='ltr'>ζυγδν</span> <span class='ocrx_word' id='word_1_167' title='bbox 782 1024 946 1051; x_wconf 85' lang='grc' dir='ltr'>ὺπελεύσον-</span> 
     </span>
    </p>
   </div>
   <div class='ocr_carea' id='block_1_24' title="bbox 156 1067 946 1105">
    <p class='ocr_par' dir='ltr' id='par_1_24' title="bbox 156 1067 946 1105">
     <span class='ocr_line' id='line_1_24' title="bbox 156 1067 946 1105; baseline 0.008 -13"><span class='ocrx_word' id='word_1_168' title='bbox 156 1075 212 1094; x_wconf 85' lang='grc' dir='ltr'>ται.</span> <span class='ocrx_word' id='word_1_169' title='bbox 235 1067 418 1103; x_wconf 83' lang='grc' dir='ltr'>Ἑξερχόμεθα</span> <span class='ocrx_word' id='word_1_170' title='bbox 441 1069 488 1096; x_wconf 80' lang='grc' dir='ltr'>τοῦ</span> <span class='ocrx_word' id='word_1_171' title='bbox 507 1069 590 1096; x_wconf 87' lang='grc' dir='ltr'>τόπου</span> <span class='ocrx_word' id='word_1_172' title='bbox 602 1077 609 1084; x_wconf 82' lang='grc'><strong>’</strong></span> <span class='ocrx_word' id='word_1_173' title='bbox 628 1071 737 1098; x_wconf 84' lang='grc' dir='ltr'>παυέτω</span> <span class='ocrx_word' id='word_1_174' title='bbox 753 1070 850 1105; x_wconf 80' lang='grc' dir='ltr'>φθόνος</span> <span class='ocrx_word' id='word_1_175' title='bbox 861 1079 869 1086; x_wconf 88' lang='grc'>·</span> <span class='ocrx_word' id='word_1_176' title='bbox 883 1071 946 1097; x_wconf 83' lang='grc' dir='ltr'>εἰδὲ</span> 
     </span>
    </p>
   </div>
   <div class='ocr_carea' id='block_1_25' title="bbox 158 1113 947 1153">
    <p class='ocr_par' dir='ltr' id='par_1_25' title="bbox 158 1113 947 1153">
     <span class='ocr_line' id='line_1_25' title="bbox 158 1113 947 1153; baseline 0.006 -14"><span class='ocrx_word' id='word_1_177' title='bbox 158 1113 208 1148; x_wconf 75' lang='grc' dir='ltr'>μὴ,</span> <span class='ocrx_word' id='word_1_178' title='bbox 224 1113 363 1148; x_wconf 83' lang='grc' dir='ltr'>λυποῠμέν</span> <span class='ocrx_word' id='word_1_179' title='bbox 378 1123 473 1145; x_wconf 75' lang='grc' dir='ltr'>τιναςο</span> <span class='ocrx_word' id='word_1_180' title='bbox 500 1115 601 1150; x_wconf 80' lang='grc' dir='ltr'>μᾶλλον</span> <span class='ocrx_word' id='word_1_181' title='bbox 617 1116 645 1143; x_wconf 86' lang='grc' dir='ltr'>δὲ</span> <span class='ocrx_word' id='word_1_182' title='bbox 664 1117 688 1143; x_wconf 84' lang='grc' dir='ltr'>εἰ</span> <span class='ocrx_word' id='word_1_183' title='bbox 706 1116 754 1152; x_wconf 88' lang='grc' dir='ltr'>μὴ,</span> <span class='ocrx_word' id='word_1_184' title='bbox 778 1118 831 1144; x_wconf 77' lang='grc' dir='ltr'>κάν</span> <span class='ocrx_word' id='word_1_185' title='bbox 860 1116 947 1153; x_wconf 86' lang='grc' dir='ltr'>τούτῳ</span> 
     </span>
    </p>
   </div>
   <div class='ocr_carea' id='block_1_26' title="bbox 156 1159 947 1196">
    <p class='ocr_par' dir='ltr' id='par_1_26' title="bbox 156 1159 947 1196">
     <span class='ocr_line' id='line_1_26' title="bbox 156 1159 947 1196; baseline 0.005 -11"><span class='ocrx_word' id='word_1_186' title='bbox 156 1159 331 1194; x_wconf 64' lang='grc' dir='ltr'>γραφόμεθα.</span> <span class='ocrx_word' id='word_1_187' title='bbox 351 1161 406 1187; x_wconf 73' lang='grc' dir='ltr'><strong>Καὶ</strong></span> <span class='ocrx_word' id='word_1_188' title='bbox 424 1161 470 1187; x_wconf 78' lang='grc' dir='ltr'>τὸν</span> <span class='ocrx_word' id='word_1_189' title='bbox 492 1162 630 1196; x_wconf 74' lang='grc' dir='ltr'>κονιορτὸν</span> <span class='ocrx_word' id='word_1_190' title='bbox 644 1163 862 1195; x_wconf 80' lang='grc' dir='ltr'>ἒκτινάσσοντες,</span> <span class='ocrx_word' id='word_1_191' title='bbox 878 1163 947 1189; x_wconf 81' lang='grc' dir='ltr'>ἁπο-</span> 
     </span>
    </p>
   </div>
   <div class='ocr_carea' id='block_1_27' title="bbox 156 1203 947 1244">
    <p class='ocr_par' dir='ltr' id='par_1_27' title="bbox 156 1203 947 1244">
     <span class='ocr_line' id='line_1_27' title="bbox 156 1203 947 1244; baseline 0.009 -15"><span class='ocrx_word' id='word_1_192' title='bbox 156 1203 289 1239; x_wconf 78' lang='grc' dir='ltr'>τιϐέμεϐα</span> <span class='ocrx_word' id='word_1_193' title='bbox 299 1205 345 1231; x_wconf 83' lang='grc' dir='ltr'>τὸν</span> <span class='ocrx_word' id='word_1_194' title='bbox 364 1205 474 1240; x_wconf 87' lang='grc' dir='ltr'>θρόνον·</span> <span class='ocrx_word' id='word_1_195' title='bbox 489 1207 714 1235; x_wconf 80' lang='grc' dir='ltr'>ἀποτιθέσθωσαν</span> <span class='ocrx_word' id='word_1_196' title='bbox 730 1209 776 1235; x_wconf 83' lang='grc' dir='ltr'>τὸν</span> <span class='ocrx_word' id='word_1_197' title='bbox 789 1208 851 1235; x_wconf 81' lang='grc' dir='ltr'><strong>καθ’</strong></span> <span class='ocrx_word' id='word_1_198' title='bbox 867 1209 947 1244; x_wconf 84' lang='grc' dir='ltr'>ἡμῶν</span> 
     </span>
    </p>
   </div>
   <div class='ocr_carea' id='block_1_28' title="bbox 157 1249 946 1288">
    <p class='ocr_par' dir='ltr' id='par_1_28' title="bbox 157 1249 946 1288">
     <span class='ocr_line' id='line_1_28' title="bbox 157 1249 946 1288; baseline 0.006 -12"><span class='ocrx_word' id='word_1_199' title='bbox 157 1249 244 1283; x_wconf 82' lang='grc' dir='ltr'>δόλον,</span> <span class='ocrx_word' id='word_1_200' title='bbox 264 1250 313 1282; x_wconf 79' lang='grc' dir='ltr'><strong>τὰς</strong></span> <span class='ocrx_word' id='word_1_201' title='bbox 328 1252 516 1287; x_wconf 73' lang='grc' dir='ltr'>ἐπιτηρήσεις,</span> <span class='ocrx_word' id='word_1_202' title='bbox 532 1254 581 1285; x_wconf 78' lang='grc' dir='ltr'><strong>τὰς</strong></span> <span class='ocrx_word' id='word_1_203' title='bbox 591 1253 713 1288; x_wconf 77' lang='grc' dir='ltr'>ἐνέδρας,</span> <span class='ocrx_word' id='word_1_204' title='bbox 727 1255 777 1286; x_wconf 77' lang='grc' dir='ltr'><strong>τὰς</strong></span> <span class='ocrx_word' id='word_1_205' title='bbox 789 1254 946 1286; x_wconf 78' lang='grc' dir='ltr'>ἐπιῦουλάς.</span> 
     </span>
    </p>
   </div>
   <div class='ocr_carea' id='block_1_29' title="bbox 157 1294 948 1336">
    <p class='ocr_par' dir='ltr' id='par_1_29' title="bbox 157 1294 948 1336">
     <span class='ocr_line' id='line_1_29' title="bbox 157 1294 948 1336; baseline 0.006 -14"><span class='ocrx_word' id='word_1_206' title='bbox 157 1294 193 1322; x_wconf 74' lang='grc' dir='ltr'>Ὠ</span> <span class='ocrx_word' id='word_1_207' title='bbox 204 1296 277 1332; x_wconf 75' lang='grc' dir='ltr'>δίκη,</span> <span class='ocrx_word' id='word_1_208' title='bbox 292 1297 339 1324; x_wconf 70' lang='grc' dir='ltr'><strong>καὶ</strong></span> <span class='ocrx_word' id='word_1_209' title='bbox 352 1298 439 1334; x_wconf 82' lang='grc' dir='ltr'>νόμοι,</span> <span class='ocrx_word' id='word_1_210' title='bbox 458 1299 504 1325; x_wconf 83' lang='grc' dir='ltr'><strong>καὶ</strong></span> <span class='ocrx_word' id='word_1_211' title='bbox 520 1299 589 1326; x_wconf 80' lang='grc' dir='ltr'>Θεοῦ</span> <span class='ocrx_word' id='word_1_212' title='bbox 614 1300 759 1336; x_wconf 74' lang='grc' dir='ltr'>κριτήριαί</span> <span class='ocrx_word' id='word_1_213' title='bbox 774 1301 816 1327; x_wconf 82' lang='grc' dir='ltr'>ὅτι</span> <span class='ocrx_word' id='word_1_214' title='bbox 835 1301 872 1336; x_wconf 84' lang='grc' dir='ltr'>μὴ</span> <span class='ocrx_word' id='word_1_215' title='bbox 895 1310 948 1327; x_wconf 81' lang='grc' dir='ltr'>πα-</span> 
     </span>
    </p>
   </div>
   <div class='ocr_carea' id='block_1_30' title="bbox 157 1345 946 1383">
    <p class='ocr_par' dir='ltr' id='par_1_30' title="bbox 157 1345 946 1383">
     <span class='ocr_line' id='line_1_30' title="bbox 157 1345 946 1383; baseline 0.005 -12"><span class='ocrx_word' id='word_1_216' title='bbox 157 1345 259 1380; x_wconf 80' lang='grc' dir='ltr'>τοῦμεν</span> <span class='ocrx_word' id='word_1_217' title='bbox 284 1346 368 1380; x_wconf 77' lang='grc' dir='ltr'>ὑμᾶς,</span> <span class='ocrx_word' id='word_1_218' title='bbox 401 1346 567 1382; x_wconf 74' lang='grc' dir='ltr'>ἀδικοῦμεν*</span> <span class='ocrx_word' id='word_1_219' title='bbox 596 1347 644 1374; x_wconf 76' lang='grc' dir='ltr'>καὶ</span> <span class='ocrx_word' id='word_1_220' title='bbox 663 1349 704 1374; x_wconf 82' lang='grc' dir='ltr'>ὅτι</span> <span class='ocrx_word' id='word_1_221' title='bbox 732 1347 893 1383; x_wconf 79' lang='grc' dir='ltr'>στέργομεν,</span> <span class='ocrx_word' id='word_1_222' title='bbox 917 1348 946 1375; x_wconf 87' lang='grc' dir='ltr'>οὺ</span> 
     </span>
    </p>
   </div>
   <div class='ocr_carea' id='block_1_31' title="bbox 158 1391 946 1428">
    <p class='ocr_par' dir='ltr' id='par_1_31' title="bbox 158 1391 946 1428">
     <span class='ocr_line' id='line_1_31' title="bbox 158 1391 946 1428; baseline 0.004 -11"><span class='ocrx_word' id='word_1_223' title='bbox 158 1391 323 1426; x_wconf 71' lang='grc' dir='ltr'><strong>φιλούμεθοι⁴</strong></span> <span class='ocrx_word' id='word_1_224' title='bbox 338 1392 384 1418; x_wconf 66' lang='grc' dir='ltr'><strong>καὶ</strong></span> <span class='ocrx_word' id='word_1_225' title='bbox 396 1392 436 1418; x_wconf 79' lang='grc' dir='ltr'>ὅτι</span> <span class='ocrx_word' id='word_1_226' title='bbox 445 1393 515 1427; x_wconf 84' lang='grc' dir='ltr'>ὑπὲρ</span> <span class='ocrx_word' id='word_1_227' title='bbox 527 1392 604 1427; x_wconf 82' lang='grc' dir='ltr'>ὑμῶν</span> <span class='ocrx_word' id='word_1_228' title='bbox 616 1393 946 1428; x_wconf 55' lang='grc' dir='ltr'>ίστάμεθαβιχαζόμεθα·</span> 
     </span>
    </p>
   </div>
   <div class='ocr_carea' id='block_1_32' title="bbox 158 1436 948 1474">
    <p class='ocr_par' dir='ltr' id='par_1_32' title="bbox 158 1436 948 1474">
     <span class='ocr_line' id='line_1_32' title="bbox 158 1436 948 1474; baseline 0.003 -12"><span class='ocrx_word' id='word_1_229' title='bbox 158 1436 206 1462; x_wconf 74' lang='grc' dir='ltr'><strong>καὶ</strong></span> <span class='ocrx_word' id='word_1_230' title='bbox 220 1436 385 1463; x_wconf 80' lang='grc' dir='ltr'>πλάττονται</span> <span class='ocrx_word' id='word_1_231' title='bbox 397 1436 481 1471; x_wconf 81' lang='grc' dir='ltr'>λόγοι,</span> <span class='ocrx_word' id='word_1_232' title='bbox 496 1438 543 1464; x_wconf 79' lang='grc' dir='ltr'><strong>καὶ</strong></span> <span class='ocrx_word' id='word_1_233' title='bbox 557 1438 570 1464; x_wconf 85' lang='grc' dir='ltr'>ὁ</span> <span class='ocrx_word' id='word_1_234' title='bbox 583 1437 644 1464; x_wconf 76' lang='grc' dir='ltr'><strong>καθ’</strong></span> <span class='ocrx_word' id='word_1_235' title='bbox 657 1438 735 1473; x_wconf 84' lang='grc' dir='ltr'>ἡμῶν</span> <span class='ocrx_word' id='word_1_236' title='bbox 748 1446 774 1464; x_wconf 89' lang='grc' dir='ltr'><strong>τι</strong></span> <span class='ocrx_word' id='word_1_237' title='bbox 790 1438 948 1474; x_wconf 82' lang='grc' dir='ltr'>καινότερον</span> 
     </span>
    </p>
   </div>
   <div class='ocr_carea' id='block_1_33' title="bbox 158 1478 949 1519">
    <p class='ocr_par' dir='ltr' id='par_1_33' title="bbox 158 1478 949 1519">
     <span class='ocr_line' id='line_1_33' title="bbox 158 1478 949 1519; baseline 0.003 -11"><span class='ocrx_word' id='word_1_238' title='bbox 158 1481 284 1513; x_wconf 79' lang='grc' dir='ltr'>ἐπινοῶν,</span> <span class='ocrx_word' id='word_1_239' title='bbox 308 1478 386 1514; x_wconf 77' lang='grc' dir='ltr'>οὗτος</span> <span class='ocrx_word' id='word_1_240' title='bbox 412 1483 426 1509; x_wconf 83' lang='grc' dir='ltr'><strong>ὁ</strong></span> <span class='ocrx_word' id='word_1_241' title='bbox 450 1483 580 1518; x_wconf 81' lang='grc' dir='ltr'>νουνεχὴς</span> <span class='ocrx_word' id='word_1_242' title='bbox 601 1484 650 1510; x_wconf 75' lang='grc' dir='ltr'><strong>καὶ</strong></span> <span class='ocrx_word' id='word_1_243' title='bbox 676 1484 857 1519; x_wconf 86' lang='grc' dir='ltr'>δραστήριος·</span> <span class='ocrx_word' id='word_1_244' title='bbox 880 1485 894 1511; x_wconf 84' lang='grc' dir='ltr'><strong>ό</strong></span> <span class='ocrx_word' id='word_1_245' title='bbox 920 1484 949 1510; x_wconf 75' lang='grc' dir='ltr'>δὲ</span> 
     </span>
    </p>
   </div>
   <div class='ocr_carea' id='block_1_34' title="bbox 159 1527 948 1565">
    <p class='ocr_par' dir='ltr' id='par_1_34' title="bbox 159 1527 948 1565">
     <span class='ocr_line' id='line_1_34' title="bbox 159 1527 948 1565; baseline 0.003 -11"><span class='ocrx_word' id='word_1_246' title='bbox 159 1527 388 1563; x_wconf 83' lang='grc' dir='ltr'>συλλυπούμενος,</span> <span class='ocrx_word' id='word_1_247' title='bbox 403 1528 499 1564; x_wconf 78' lang='grc' dir='ltr'>ἐχθρὸς</span> <span class='ocrx_word' id='word_1_248' title='bbox 516 1529 562 1555; x_wconf 75' lang='grc' dir='ltr'>καὶ</span> <span class='ocrx_word' id='word_1_249' title='bbox 584 1529 745 1565; x_wconf 76' lang='grc' dir='ltr'>παραϐάτης</span> <span class='ocrx_word' id='word_1_250' title='bbox 767 1530 856 1564; x_wconf 80' lang='grc' dir='ltr'>νόμων</span> <span class='ocrx_word' id='word_1_251' title='bbox 872 1530 948 1556; x_wconf 74' lang='grc' dir='ltr'>εἰσά-</span> 
     </span>
    </p>
   </div>
   <div class='ocr_carea' id='block_1_35' title="bbox 158 1573 948 1613">
    <p class='ocr_par' dir='ltr' id='par_1_35' title="bbox 158 1573 948 1613">
     <span class='ocr_line' id='line_1_35' title="bbox 158 1573 948 1613; baseline 0.001 -12"><span class='ocrx_word' id='word_1_252' title='bbox 158 1583 246 1608; x_wconf 87' lang='grc' dir='ltr'>γεται,</span> <span class='ocrx_word' id='word_1_253' title='bbox 262 1575 315 1602; x_wconf 81' lang='grc' dir='ltr'>κᾶν</span> <span class='ocrx_word' id='word_1_254' title='bbox 333 1575 446 1609; x_wconf 74' lang='grc' dir='ltr'>ἁδελφὸς</span> <span class='ocrx_word' id='word_1_255' title='bbox 463 1573 490 1613; x_wconf 83' lang='grc' dir='ltr'>ᾖ,</span> <span class='ocrx_word' id='word_1_256' title='bbox 508 1575 554 1602; x_wconf 83' lang='grc' dir='ltr'><strong>καὶ</strong></span> <span class='ocrx_word' id='word_1_257' title='bbox 569 1576 618 1611; x_wconf 79' lang='grc' dir='ltr'>τὴν</span> <span class='ocrx_word' id='word_1_258' title='bbox 642 1577 724 1611; x_wconf 83' lang='grc' dir='ltr'>φύσιν</span> <span class='ocrx_word' id='word_1_259' title='bbox 746 1575 795 1612; x_wconf 79' lang='grc' dir='ltr'><strong>ἔχῃ</strong></span> <span class='ocrx_word' id='word_1_260' title='bbox 819 1575 948 1603; x_wconf 81' lang='grc' dir='ltr'>κινοῦσαν</span> 
     </span>
    </p>
   </div>
   <div class='ocr_carea' id='block_1_36' title="bbox 159 1620 950 1656">
    <p class='ocr_par' dir='ltr' id='par_1_36' title="bbox 159 1620 950 1656">
     <span class='ocr_line' id='line_1_36' title="bbox 159 1620 950 1656; baseline 0.001 -10"><span class='ocrx_word' id='word_1_261' title='bbox 159 1620 230 1655; x_wconf 77' lang='grc' dir='ltr'>πρὸς</span> <span class='ocrx_word' id='word_1_262' title='bbox 242 1620 329 1648; x_wconf 76' lang='grc' dir='ltr'>ἔλεον.</span> <span class='ocrx_word' id='word_1_263' title='bbox 344 1621 424 1647; x_wconf 83' lang='grc' dir='ltr'>Ποῖόν</span> <span class='ocrx_word' id='word_1_264' title='bbox 440 1629 481 1652; x_wconf 87' lang='grc' dir='ltr'><strong>τις</strong></span> <span class='ocrx_word' id='word_1_265' title='bbox 496 1621 666 1655; x_wconf 69' lang='grc' dir='ltr'>ὑπενεγκειά</span> <span class='ocrx_word' id='word_1_266' title='bbox 679 1621 792 1656; x_wconf 70' lang='grc' dir='ltr'>ῥᾳδίως,</span> <span class='ocrx_word' id='word_1_267' title='bbox 801 1621 842 1647; x_wconf 82' lang='grc' dir='ltr'>ὅτι</span> <span class='ocrx_word' id='word_1_268' title='bbox 853 1621 950 1656; x_wconf 71' lang='grc' dir='ltr'>κριτὰς</span> 
     </span>
    </p>
   </div>
   <div class='ocr_carea' id='block_1_37' title="bbox 159 1665 951 1703">
    <p class='ocr_par' dir='ltr' id='par_1_37' title="bbox 159 1665 951 1703">
     <span class='ocr_line' id='line_1_37' title="bbox 159 1665 951 1703; baseline 0.001 -11"><span class='ocrx_word' id='word_1_269' title='bbox 159 1665 258 1701; x_wconf 74' lang='grc' dir='ltr'>ἔχομεν</span> <span class='ocrx_word' id='word_1_270' title='bbox 271 1666 318 1692; x_wconf 85' lang='grc' dir='ltr'>τοῦ</span> <span class='ocrx_word' id='word_1_271' title='bbox 337 1666 408 1701; x_wconf 87' lang='grc' dir='ltr'>βίου,</span> <span class='ocrx_word' id='word_1_272' title='bbox 423 1667 487 1698; x_wconf 84' lang='grc' dir='ltr'>τοὺς</span> <span class='ocrx_word' id='word_1_273' title='bbox 504 1667 570 1702; x_wconf 74' lang='grc' dir='ltr'>πρὶν</span> <span class='ocrx_word' id='word_1_274' title='bbox 586 1667 743 1700; x_wconf 77' lang='grc' dir='ltr'>ἐπαινέτας,</span> <span class='ocrx_word' id='word_1_275' title='bbox 766 1667 814 1693; x_wconf 67' lang='grc' dir='ltr'>καὶ</span> <span class='ocrx_word' id='word_1_276' title='bbox 827 1667 853 1693; x_wconf 83' lang='grc' dir='ltr'>οἳ</span> <span class='ocrx_word' id='word_1_277' title='bbox 869 1667 951 1703; x_wconf 83' lang='grc' dir='ltr'>χάριν</span> 
     </span>
    </p>
   </div>
   <div class='ocr_carea' id='block_1_38' title="bbox 159 1711 950 1748">
    <p class='ocr_par' dir='ltr' id='par_1_38' title="bbox 159 1711 950 1748">
     <span class='ocr_line' id='line_1_38' title="bbox 159 1711 950 1748; baseline 0.003 -10"><span class='ocrx_word' id='word_1_278' title='bbox 159 1711 326 1746; x_wconf 83' lang='grc' dir='ltr'>ὡμολόγουν,</span> <span class='ocrx_word' id='word_1_279' title='bbox 345 1713 369 1739; x_wconf 84' lang='grc' dir='ltr'><strong>εί</strong></span> <span class='ocrx_word' id='word_1_280' title='bbox 383 1713 421 1748; x_wconf 78' lang='grc' dir='ltr'>μὴ</span> <span class='ocrx_word' id='word_1_281' title='bbox 435 1712 499 1747; x_wconf 87' lang='grc' dir='ltr'>παρ’</span> <span class='ocrx_word' id='word_1_282' title='bbox 518 1712 598 1747; x_wconf 83' lang='grc' dir='ltr'>ἡμῶν</span> <span class='ocrx_word' id='word_1_283' title='bbox 613 1714 823 1747; x_wconf 80' lang='grc' dir='ltr'>κατεκρίνοντο·</span> <span class='ocrx_word' id='word_1_284' title='bbox 840 1713 881 1739; x_wconf 85' lang='grc' dir='ltr'>ὃτι</span> <span class='ocrx_word' id='word_1_285' title='bbox 896 1713 950 1740; x_wconf 84' lang='grc' dir='ltr'>τῶν</span> 
     </span>
    </p>
   </div>
   <div class='ocr_carea' id='block_1_39' title="bbox 160 1756 948 1793">
    <p class='ocr_par' dir='ltr' id='par_1_39' title="bbox 160 1756 948 1793">
     <span class='ocr_line' id='line_1_39' title="bbox 160 1756 948 1793; baseline 0.003 -11"><span class='ocrx_word' id='word_1_286' title='bbox 160 1756 245 1790; x_wconf 83' lang='grc' dir='ltr'>φίλων</span> <span class='ocrx_word' id='word_1_287' title='bbox 262 1758 450 1792; x_wconf 78' lang='grc' dir='ltr'>χωριζόμεθα,</span> <span class='ocrx_word' id='word_1_288' title='bbox 476 1758 517 1784; x_wconf 84' lang='grc' dir='ltr'>ὅτι</span> <span class='ocrx_word' id='word_1_289' title='bbox 531 1757 586 1783; x_wconf 84' lang='grc' dir='ltr'>τῶν</span> <span class='ocrx_word' id='word_1_290' title='bbox 602 1757 726 1792; x_wconf 80' lang='grc' dir='ltr'>ἀδελφῶν</span> <span class='ocrx_word' id='word_1_291' title='bbox 741 1757 930 1793; x_wconf 81' lang='grc' dir='ltr'>ἀποσπώμεθα</span> <span class='ocrx_word' id='word_1_292' title='bbox 941 1765 948 1773; x_wconf 74' lang='grc'><strong>⁸</strong></span> 
     </span>
    </p>
   </div>
   <div class='ocr_carea' id='block_1_40' title="bbox 159 1803 703 1839">
    <p class='ocr_par' dir='ltr' id='par_1_40' title="bbox 159 1803 703 1839">
     <span class='ocr_line' id='line_1_40' title="bbox 159 1803 703 1839; baseline 0.002 -10"><span class='ocrx_word' id='word_1_293' title='bbox 159 1803 228 1837; x_wconf 81' lang='grc' dir='ltr'>πρὸς</span> <span class='ocrx_word' id='word_1_294' title='bbox 241 1806 305 1830; x_wconf 80' lang='grc' dir='ltr'>ποῖα</span> <span class='ocrx_word' id='word_1_295' title='bbox 322 1804 425 1830; x_wconf 80' lang='grc' dir='ltr'>τούτων</span> <span class='ocrx_word' id='word_1_296' title='bbox 441 1804 483 1835; x_wconf 84' lang='grc' dir='ltr'><strong>τίς</strong></span> <span class='ocrx_word' id='word_1_297' title='bbox 499 1804 703 1839; x_wconf 56' lang='lat' dir='ltr'><strong>unos-ripam;</strong></span> 
     </span>
    </p>
   </div>
   <div class='ocr_carea' id='block_1_41' title="bbox 995 240 1784 275">
    <p class='ocr_par' dir='ltr' id='par_1_41' title="bbox 995 240 1784 275">
     <span class='ocr_line' id='line_1_41' title="bbox 995 240 1784 275; baseline -0.004 -6"><span class='ocrx_word' id='word_1_298' title='bbox 995 241 1171 274; x_wconf 85' lang='lat' dir='ltr'><strong>ablationcm,</strong></span> <span class='ocrx_word' id='word_1_299' title='bbox 1188 249 1221 268; x_wconf 90' lang='lat' dir='ltr'><strong>eo</strong></span> <span class='ocrx_word' id='word_1_300' title='bbox 1238 241 1306 268; x_wconf 87' lang='lat' dir='ltr'><strong>Inibi</strong></span> <span class='ocrx_word' id='word_1_301' title='bbox 1323 245 1386 268; x_wconf 90' lang='lat' dir='ltr'><strong>sunt</strong></span> <span class='ocrx_word' id='word_1_302' title='bbox 1401 241 1586 273; x_wconf 73' lang='lat' dir='ltr'><strong>molestiores;</strong></span> <span class='ocrx_word' id='word_1_303' title='bbox 1606 240 1784 275; x_wconf 91' lang='lat' dir='ltr'><strong>quemadmo-</strong></span> 
     </span>
    </p>
   </div>
   <div class='ocr_carea' id='block_1_42' title="bbox 996 286 1784 322">
    <p class='ocr_par' dir='ltr' id='par_1_42' title="bbox 996 286 1784 322">
     <span class='ocr_line' id='line_1_42' title="bbox 996 286 1784 322; baseline -0.003 -8"><span class='ocrx_word' id='word_1_304' title='bbox 996 288 1060 314; x_wconf 90' lang='lat' dir='ltr'><strong>dum</strong></span> <span class='ocrx_word' id='word_1_305' title='bbox 1080 287 1127 322; x_wconf 90' lang='lat' dir='ltr'><strong>qui</strong></span> <span class='ocrx_word' id='word_1_306' title='bbox 1142 286 1300 321; x_wconf 87' lang='lat' dir='ltr'><strong>relinquunt</strong></span> <span class='ocrx_word' id='word_1_307' title='bbox 1325 286 1532 314; x_wconf 89' lang='lat' dir='ltr'><strong>semimortuum</strong></span> <span class='ocrx_word' id='word_1_308' title='bbox 1556 290 1584 313; x_wconf 87' lang='lat' dir='ltr'><strong>et</strong></span> <span class='ocrx_word' id='word_1_309' title='bbox 1608 286 1784 313; x_wconf 84' lang='lat' dir='ltr'><strong>scmisecturn</strong></span> 
     </span>
    </p>
   </div>
   <div class='ocr_carea' id='block_1_43' title="bbox 996 331 1783 368">
    <p class='ocr_par' dir='ltr' id='par_1_43' title="bbox 996 331 1783 368">
     <span class='ocr_line' id='line_1_43' title="bbox 996 331 1783 368; baseline -0.001 -9"><span class='ocrx_word' id='word_1_310' title='bbox 996 341 1073 360; x_wconf 90' lang='lat' dir='ltr'><strong>reum</strong></span> <span class='ocrx_word' id='word_1_311' title='bbox 1097 340 1179 368; x_wconf 88' lang='lat' dir='ltr'><strong>quem</strong></span> <span class='ocrx_word' id='word_1_312' title='bbox 1203 332 1333 359; x_wconf 90' lang='lat' dir='ltr'><strong>volebant</strong></span> <span class='ocrx_word' id='word_1_313' title='bbox 1371 332 1506 365; x_wconf 85' lang='lat' dir='ltr'><strong>occidere,</strong></span> <span class='ocrx_word' id='word_1_314' title='bbox 1540 332 1713 367; x_wconf 87' lang='lat' dir='ltr'><strong>potiusquam</strong></span> <span class='ocrx_word' id='word_1_315' title='bbox 1737 331 1783 366; x_wconf 87' lang='lat' dir='ltr'><strong>qui</strong></span> 
     </span>
    </p>
   </div>
   <div class='ocr_carea' id='block_1_44' title="bbox 996 377 1785 414">
    <p class='ocr_par' dir='ltr' id='par_1_44' title="bbox 996 377 1785 414">
     <span class='ocr_line' id='line_1_44' title="bbox 996 377 1785 414; baseline -0.004 -8"><span class='ocrx_word' id='word_1_316' title='bbox 996 379 1108 414; x_wconf 79' lang='lat' dir='ltr'><strong>penitus</strong></span> <span class='ocrx_word' id='word_1_317' title='bbox 1127 378 1271 413; x_wconf 84' lang='lat' dir='ltr'><strong>privarunt</strong></span> <span class='ocrx_word' id='word_1_318' title='bbox 1290 378 1364 411; x_wconf 88' lang='lat' dir='ltr'><strong>vita;</strong></span> <span class='ocrx_word' id='word_1_319' title='bbox 1388 378 1526 406; x_wconf 85' lang='lat' dir='ltr'><strong>hominem</strong></span> <span class='ocrx_word' id='word_1_320' title='bbox 1543 377 1587 405; x_wconf 90' lang='lat' dir='ltr'><strong>hic</strong></span> <span class='ocrx_word' id='word_1_321' title='bbox 1613 383 1727 412; x_wconf 87' lang='lat' dir='ltr'><strong>uterque</strong></span> <span class='ocrx_word' id='word_1_322' title='bbox 1742 377 1785 403; x_wconf 92' lang='lat' dir='ltr'><strong>in-</strong></span> 
     </span>
    </p>
   </div>
   <div class='ocr_carea' id='block_1_45' title="bbox 995 422 1784 462">
    <p class='ocr_par' dir='ltr' id='par_1_45' title="bbox 995 422 1784 462">
     <span class='ocr_line' id='line_1_45' title="bbox 995 422 1784 462; baseline -0.005 -10"><span class='ocrx_word' id='word_1_323' title='bbox 995 424 1106 462; x_wconf 68' lang='lat' dir='ltr'><strong>terficit,</strong></span> <span class='ocrx_word' id='word_1_324' title='bbox 1116 425 1164 452; x_wconf 86' lang='lat' dir='ltr'><strong>sed</strong></span> <span class='ocrx_word' id='word_1_325' title='bbox 1178 424 1246 452; x_wconf 85' lang='lat' dir='ltr'><strong>alter</strong></span> <span class='ocrx_word' id='word_1_326' title='bbox 1260 424 1409 452; x_wconf 84' lang='lat' dir='ltr'><strong>cruciatum</strong></span> <span class='ocrx_word' id='word_1_327' title='bbox 1423 432 1477 451; x_wconf 91' lang='lat' dir='ltr'><strong>non</strong></span> <span class='ocrx_word' id='word_1_328' title='bbox 1490 431 1536 458; x_wconf 80' lang='lat' dir='ltr'><strong>per</strong></span> <span class='ocrx_word' id='word_1_329' title='bbox 1547 431 1637 451; x_wconf 90' lang='lat' dir='ltr'><strong>moras</strong></span> <span class='ocrx_word' id='word_1_330' title='bbox 1649 422 1784 454; x_wconf 81' lang='lat' dir='ltr'><strong>extendit,</strong></span> 
     </span>
    </p>
   </div>
   <div class='ocr_carea' id='block_1_46' title="bbox 997 469 1786 498">
    <p class='ocr_par' dir='ltr' id='par_1_46' title="bbox 997 469 1786 498">
     <span class='ocr_line' id='line_1_46' title="bbox 997 469 1786 498; baseline -0.004 -1"><span class='ocrx_word' id='word_1_331' title='bbox 997 469 1065 497; x_wconf 85' lang='lat' dir='ltr'><strong>alter</strong></span> <span class='ocrx_word' id='word_1_332' title='bbox 1080 470 1152 498; x_wconf 90' lang='lat' dir='ltr'><strong>forte</strong></span> <span class='ocrx_word' id='word_1_333' title='bbox 1166 474 1242 497; x_wconf 87' lang='lat' dir='ltr'><strong>ratus</strong></span> <span class='ocrx_word' id='word_1_334' title='bbox 1253 469 1417 497; x_wconf 89' lang='lat' dir='ltr'><strong>detrimento</strong></span> <span class='ocrx_word' id='word_1_335' title='bbox 1433 477 1463 496; x_wconf 81' lang='lat' dir='ltr'><strong>se</strong></span> <span class='ocrx_word' id='word_1_336' title='bbox 1475 469 1554 498; x_wconf 76' lang='lat' dir='ltr'><strong>allici.</strong></span> <span class='ocrx_word' id='word_1_337' title='bbox 1569 469 1591 496; x_wconf 87' lang='lat' dir='ltr'><strong>si</strong></span> <span class='ocrx_word' id='word_1_338' title='bbox 1608 476 1680 496; x_wconf 85' lang='lat' dir='ltr'><strong>mera</strong></span> <span class='ocrx_word' id='word_1_339' title='bbox 1697 473 1786 495; x_wconf 89' lang='lat' dir='ltr'><strong>morte</strong></span> 
     </span>
    </p>
   </div>
   <div class='ocr_carea' id='block_1_47' title="bbox 998 514 1786 549">
    <p class='ocr_par' dir='ltr' id='par_1_47' title="bbox 998 514 1786 549">
     <span class='ocr_line' id='line_1_47' title="bbox 998 514 1786 549; baseline -0.003 -6"><span class='ocrx_word' id='word_1_340' title='bbox 998 516 1136 543; x_wconf 82' lang='lat' dir='ltr'><strong>hominem</strong></span> <span class='ocrx_word' id='word_1_341' title='bbox 1156 516 1222 543; x_wconf 89' lang='lat' dir='ltr'><strong>hinc</strong></span> <span class='ocrx_word' id='word_1_342' title='bbox 1236 515 1373 548; x_wconf 87' lang='lat' dir='ltr'><strong>amandet,</strong></span> <span class='ocrx_word' id='word_1_343' title='bbox 1390 515 1483 542; x_wconf 90' lang='lat' dir='ltr'><strong>multis</strong></span> <span class='ocrx_word' id='word_1_344' title='bbox 1497 522 1560 542; x_wconf 91' lang='lat' dir='ltr'><strong>eum</strong></span> <span class='ocrx_word' id='word_1_345' title='bbox 1584 514 1717 549; x_wconf 84' lang='lat' dir='ltr'><strong>imprimis</strong></span> <span class='ocrx_word' id='word_1_346' title='bbox 1736 522 1786 541; x_wconf 79' lang='lat' dir='ltr'><strong>ex-</strong></span> 
     </span>
    </p>
   </div>
   <div class='ocr_carea' id='block_1_48' title="bbox 996 559 1785 592">
    <p class='ocr_par' dir='ltr' id='par_1_48' title="bbox 996 559 1785 592">
     <span class='ocr_line' id='line_1_48' title="bbox 996 559 1785 592; baseline -0.004 -2"><span class='ocrx_word' id='word_1_347' title='bbox 996 562 1182 590; x_wconf 87' lang='lat' dir='ltr'><strong>carnificatum</strong></span> <span class='ocrx_word' id='word_1_348' title='bbox 1208 562 1352 589; x_wconf 75' lang='lat' dir='ltr'><strong>tormentis</strong></span> <span class='ocrx_word' id='word_1_349' title='bbox 1374 565 1402 589; x_wconf 91' lang='lat' dir='ltr'><strong>et</strong></span> <span class='ocrx_word' id='word_1_350' title='bbox 1421 561 1567 589; x_wconf 81' lang='lat' dir='ltr'><strong>dissectum</strong></span> <span class='ocrx_word' id='word_1_351' title='bbox 1597 559 1785 592; x_wconf 77' lang='lat' dir='ltr'><strong>membratim,</strong></span> 
     </span>
    </p>
   </div>
   <div class='ocr_carea' id='block_1_49' title="bbox 997 607 1786 642">
    <p class='ocr_par' dir='ltr' id='par_1_49' title="bbox 997 607 1786 642">
     <span class='ocr_line' id='line_1_49' title="bbox 997 607 1786 642; baseline -0.003 -8"><span class='ocrx_word' id='word_1_352' title='bbox 997 616 1053 635; x_wconf 88' lang='lat' dir='ltr'><strong>non</strong></span> <span class='ocrx_word' id='word_1_353' title='bbox 1077 608 1193 642; x_wconf 84' lang='lat' dir='ltr'><strong>simplici</strong></span> <span class='ocrx_word' id='word_1_354' title='bbox 1212 612 1300 635; x_wconf 83' lang='lat' dir='ltr'><strong>morte</strong></span> <span class='ocrx_word' id='word_1_355' title='bbox 1318 607 1458 637; x_wconf 73' lang='lat' dir='ltr'><strong>affectum.</strong></span> <span class='ocrx_word' id='word_1_356' title='bbox 1475 614 1522 642; x_wconf 89' lang='lat' dir='ltr'><strong>per</strong></span> <span class='ocrx_word' id='word_1_357' title='bbox 1538 607 1666 633; x_wconf 87' lang='lat' dir='ltr'><strong>horrores</strong></span> <span class='ocrx_word' id='word_1_358' title='bbox 1685 611 1712 634; x_wconf 86' lang='lat' dir='ltr'><strong>et</strong></span> <span class='ocrx_word' id='word_1_359' title='bbox 1722 613 1786 634; x_wconf 87' lang='lat' dir='ltr'><strong>cru-</strong></span> 
     </span>
    </p>
   </div>
   <div class='ocr_carea' id='block_1_50' title="bbox 997 651 1788 681">
    <p class='ocr_par' dir='ltr' id='par_1_50' title="bbox 997 651 1788 681">
     <span class='ocr_line' id='line_1_50' title="bbox 997 651 1788 681; baseline -0.003 -1"><span class='ocrx_word' id='word_1_360' title='bbox 997 653 1084 681; x_wconf 90' lang='lat' dir='ltr'><strong>ciatus</strong></span> <span class='ocrx_word' id='word_1_361' title='bbox 1098 653 1253 681; x_wconf 85' lang='lat' dir='ltr'><strong>dolorificos</strong></span> <span class='ocrx_word' id='word_1_362' title='bbox 1270 661 1285 680; x_wconf 88' lang='lat' dir='ltr'><strong>e</strong></span> <span class='ocrx_word' id='word_1_363' title='bbox 1299 652 1355 680; x_wconf 89' lang='lat' dir='ltr'><strong>vita</strong></span> <span class='ocrx_word' id='word_1_364' title='bbox 1370 653 1462 680; x_wconf 82' lang='lat' dir='ltr'><strong>trahit.</strong></span> <span class='ocrx_word' id='word_1_365' title='bbox 1479 652 1536 679; x_wconf 90' lang='lat' dir='ltr'><strong>Nec</strong></span> <span class='ocrx_word' id='word_1_366' title='bbox 1551 652 1724 679; x_wconf 84' lang='lat' dir='ltr'><strong>abludentem</strong></span> <span class='ocrx_word' id='word_1_367' title='bbox 1745 651 1788 678; x_wconf 88' lang='lat' dir='ltr'><strong>vi-</strong></span> 
     </span>
    </p>
   </div>
   <div class='ocr_carea' id='block_1_51' title="bbox 998 696 1788 732">
    <p class='ocr_par' dir='ltr' id='par_1_51' title="bbox 998 696 1788 732">
     <span class='ocr_line' id='line_1_51' title="bbox 998 696 1788 732; baseline -0.004 -6"><span class='ocrx_word' id='word_1_368' title='bbox 998 699 1063 726; x_wconf 88' lang='lat' dir='ltr'><strong>dere</strong></span> <span class='ocrx_word' id='word_1_369' title='bbox 1085 704 1128 727; x_wconf 89' lang='lat' dir='ltr'><strong>est</strong></span> <span class='ocrx_word' id='word_1_370' title='bbox 1146 703 1268 726; x_wconf 85' lang='lat' dir='ltr'><strong>nostram</strong></span> <span class='ocrx_word' id='word_1_371' title='bbox 1281 698 1476 725; x_wconf 88' lang='lat' dir='ltr'><strong>conditionem.</strong></span> <span class='ocrx_word' id='word_1_372' title='bbox 1494 697 1623 730; x_wconf 86' lang='lat' dir='ltr'><strong>Quotidie</strong></span> <span class='ocrx_word' id='word_1_373' title='bbox 1642 696 1788 732; x_wconf 55' lang='lat' dir='ltr'><strong>pthimur</strong></span> 
     </span>
    </p>
   </div>
   <div class='ocr_carea' id='block_1_52' title="bbox 997 742 1787 779">
    <p class='ocr_par' dir='ltr' id='par_1_52' title="bbox 997 742 1787 779">
     <span class='ocr_line' id='line_1_52' title="bbox 997 742 1787 779; baseline -0.004 -7"><span class='ocrx_word' id='word_1_374' title='bbox 997 750 1026 772; x_wconf 89' lang='lat' dir='ltr'><strong>et</strong></span> <span class='ocrx_word' id='word_1_375' title='bbox 1044 745 1177 772; x_wconf 83' lang='lat' dir='ltr'><strong>aiIicimur</strong></span> <span class='ocrx_word' id='word_1_376' title='bbox 1187 744 1284 779; x_wconf 79' lang='lat' dir='ltr'><strong>plagis,</strong></span> <span class='ocrx_word' id='word_1_377' title='bbox 1303 744 1332 771; x_wconf 92' lang='lat' dir='ltr'><strong>in</strong></span> <span class='ocrx_word' id='word_1_378' title='bbox 1345 744 1473 779; x_wconf 66' lang='lat' dir='ltr'><strong>praesenti</strong></span> <span class='ocrx_word' id='word_1_379' title='bbox 1490 743 1627 770; x_wconf 88' lang='lat' dir='ltr'><strong>semisecti</strong></span> <span class='ocrx_word' id='word_1_380' title='bbox 1642 742 1787 770; x_wconf 88' lang='lat' dir='ltr'><strong>constitui-</strong></span> 
     </span>
    </p>
   </div>
   <div class='ocr_carea' id='block_1_53' title="bbox 998 787 1786 826">
    <p class='ocr_par' dir='ltr' id='par_1_53' title="bbox 998 787 1786 826">
     <span class='ocr_line' id='line_1_53' title="bbox 998 787 1786 826; baseline -0.005 -7"><span class='ocrx_word' id='word_1_381' title='bbox 998 799 1078 825; x_wconf 87' lang='lat' dir='ltr'><strong>mur;</strong></span> <span class='ocrx_word' id='word_1_382' title='bbox 1095 792 1204 819; x_wconf 88' lang='lat' dir='ltr'><strong>videtur</strong></span> <span class='ocrx_word' id='word_1_383' title='bbox 1220 795 1311 818; x_wconf 88' lang='lat' dir='ltr'><strong>autem</strong></span> <span class='ocrx_word' id='word_1_384' title='bbox 1328 798 1376 826; x_wconf 90' lang='lat' dir='ltr'><strong>per</strong></span> <span class='ocrx_word' id='word_1_385' title='bbox 1391 795 1484 826; x_wconf 90' lang='lat' dir='ltr'><strong>partes</strong></span> <span class='ocrx_word' id='word_1_386' title='bbox 1501 790 1559 818; x_wconf 92' lang='lat' dir='ltr'><strong>tolli</strong></span> <span class='ocrx_word' id='word_1_387' title='bbox 1573 798 1589 818; x_wconf 87' lang='lat' dir='ltr'><strong>a</strong></span> <span class='ocrx_word' id='word_1_388' title='bbox 1606 790 1684 817; x_wconf 91' lang='lat' dir='ltr'><strong>nobis</strong></span> <span class='ocrx_word' id='word_1_389' title='bbox 1703 787 1786 819; x_wconf 89' lang='lat' dir='ltr'><strong>illud,</strong></span> 
     </span>
    </p>
   </div>
   <div class='ocr_carea' id='block_1_54' title="bbox 998 836 1788 874">
    <p class='ocr_par' dir='ltr' id='par_1_54' title="bbox 998 836 1788 874">
     <span class='ocr_line' id='line_1_54' title="bbox 998 836 1788 874; baseline -0.005 -8"><span class='ocrx_word' id='word_1_390' title='bbox 998 839 1069 874; x_wconf 89' lang='lat' dir='ltr'><strong>quod</strong></span> <span class='ocrx_word' id='word_1_391' title='bbox 1084 838 1166 866; x_wconf 87' lang='lat' dir='ltr'><strong>simul</strong></span> <span class='ocrx_word' id='word_1_392' title='bbox 1180 843 1208 866; x_wconf 85' lang='lat' dir='ltr'><strong>et</strong></span> <span class='ocrx_word' id='word_1_393' title='bbox 1229 839 1313 866; x_wconf 88' lang='lat' dir='ltr'><strong>semel</strong></span> <span class='ocrx_word' id='word_1_394' title='bbox 1329 842 1359 865; x_wconf 95' lang='lat' dir='ltr'><strong>ut</strong></span> <span class='ocrx_word' id='word_1_395' title='bbox 1371 838 1542 873; x_wconf 87' lang='lat' dir='ltr'><strong>deponamus</strong></span> <span class='ocrx_word' id='word_1_396' title='bbox 1560 836 1682 872; x_wconf 75' lang='lat' dir='ltr'><strong>flagitant</strong></span> <span class='ocrx_word' id='word_1_397' title='bbox 1695 845 1701 863; x_wconf 76' lang='grc' dir='ltr'><strong>ι</strong></span> <span class='ocrx_word' id='word_1_398' title='bbox 1714 837 1788 871; x_wconf 87' lang='lat' dir='ltr'><strong>quod</strong></span> 
     </span>
    </p>
   </div>
   <div class='ocr_carea' id='block_1_55' title="bbox 997 882 1788 920">
    <p class='ocr_par' dir='ltr' id='par_1_55' title="bbox 997 882 1788 920">
     <span class='ocr_line' id='line_1_55' title="bbox 997 882 1788 920; baseline -0.004 -8"><span class='ocrx_word' id='word_1_399' title='bbox 997 885 1020 912; x_wconf 88' lang='lat' dir='ltr'><strong>si</strong></span> <span class='ocrx_word' id='word_1_400' title='bbox 1037 885 1219 920; x_wconf 75' lang='lat' dir='ltr'><strong>principatum</strong></span> <span class='ocrx_word' id='word_1_401' title='bbox 1235 883 1332 919; x_wconf 89' lang='lat' dir='ltr'><strong>partiri</strong></span> <span class='ocrx_word' id='word_1_402' title='bbox 1349 884 1537 915; x_wconf 86' lang='lat' dir='ltr'><strong>voluissemus,</strong></span> <span class='ocrx_word' id='word_1_403' title='bbox 1552 883 1670 911; x_wconf 79' lang='lat' dir='ltr'><strong>exauditi</strong></span> <span class='ocrx_word' id='word_1_404' title='bbox 1690 882 1788 910; x_wconf 85' lang='lat' dir='ltr'><strong>fuisse-</strong></span> 
     </span>
    </p>
   </div>
   <div class='ocr_carea' id='block_1_56' title="bbox 997 929 1788 964">
    <p class='ocr_par' dir='ltr' id='par_1_56' title="bbox 997 929 1788 964">
     <span class='ocr_line' id='line_1_56' title="bbox 997 929 1788 964; baseline -0.004 -6"><span class='ocrx_word' id='word_1_405' title='bbox 997 939 1058 958; x_wconf 88' lang='lat' dir='ltr'><strong>mus</strong></span> <span class='ocrx_word' id='word_1_406' title='bbox 1075 931 1104 958; x_wconf 90' lang='lat' dir='ltr'><strong>in</strong></span> <span class='ocrx_word' id='word_1_407' title='bbox 1124 935 1192 958; x_wconf 89' lang='lat' dir='ltr'><strong>toto.</strong></span> <span class='ocrx_word' id='word_1_408' title='bbox 1207 929 1309 958; x_wconf 77' lang='lat' dir='ltr'><strong>Verum</strong></span> <span class='ocrx_word' id='word_1_409' title='bbox 1325 938 1386 957; x_wconf 90' lang='lat' dir='ltr'><strong>cum</strong></span> <span class='ocrx_word' id='word_1_410' title='bbox 1407 930 1583 958; x_wconf 88' lang='lat' dir='ltr'><strong>semisectum</strong></span> <span class='ocrx_word' id='word_1_411' title='bbox 1607 929 1699 957; x_wconf 78' lang='lat' dir='ltr'><strong>vivere</strong></span> <span class='ocrx_word' id='word_1_412' title='bbox 1721 936 1788 964; x_wconf 89' lang='lat' dir='ltr'><strong>pos-</strong></span> 
     </span>
    </p>
   </div>
   <div class='ocr_carea' id='block_1_57' title="bbox 997 975 1788 1010">
    <p class='ocr_par' dir='ltr' id='par_1_57' title="bbox 997 975 1788 1010">
     <span class='ocr_line' id='line_1_57' title="bbox 997 975 1788 1010; baseline -0.003 -6"><span class='ocrx_word' id='word_1_413' title='bbox 997 977 1076 1004; x_wconf 86' lang='lat' dir='ltr'><strong>sibile</strong></span> <span class='ocrx_word' id='word_1_414' title='bbox 1097 985 1153 1004; x_wconf 90' lang='lat' dir='ltr'><strong>non</strong></span> <span class='ocrx_word' id='word_1_415' title='bbox 1176 978 1222 1010; x_wconf 91' lang='lat' dir='ltr'><strong>sit,</strong></span> <span class='ocrx_word' id='word_1_416' title='bbox 1238 985 1291 1005; x_wconf 90' lang='lat' dir='ltr'><strong>nec</strong></span> <span class='ocrx_word' id='word_1_417' title='bbox 1305 985 1357 1005; x_wconf 89' lang='lat' dir='ltr'><strong>nos</strong></span> <span class='ocrx_word' id='word_1_418' title='bbox 1372 977 1418 1004; x_wconf 79' lang='lat' dir='ltr'><strong>hic</strong></span> <span class='ocrx_word' id='word_1_419' title='bbox 1438 976 1587 1004; x_wconf 79' lang='lat' dir='ltr'><strong>subsistere</strong></span> <span class='ocrx_word' id='word_1_420' title='bbox 1601 976 1639 1003; x_wconf 87' lang='lat' dir='ltr'><strong>ita</strong></span> <span class='ocrx_word' id='word_1_421' title='bbox 1654 975 1788 1003; x_wconf 86' lang='lat' dir='ltr'><strong>diminuto</strong></span> 
     </span>
    </p>
   </div>
   <div class='ocr_carea' id='block_1_58' title="bbox 997 1022 1787 1058">
    <p class='ocr_par' dir='ltr' id='par_1_58' title="bbox 997 1022 1787 1058">
     <span class='ocr_line' id='line_1_58' title="bbox 997 1022 1787 1058; baseline -0.003 -8"><span class='ocrx_word' id='word_1_422' title='bbox 997 1024 1175 1058; x_wconf 85' lang='lat' dir='ltr'><strong>principatu:</strong></span> <span class='ocrx_word' id='word_1_423' title='bbox 1193 1024 1322 1051; x_wconf 81' lang='lat' dir='ltr'><strong>dedecori</strong></span> <span class='ocrx_word' id='word_1_424' title='bbox 1345 1024 1418 1051; x_wconf 90' lang='lat' dir='ltr'><strong>enim</strong></span> <span class='ocrx_word' id='word_1_425' title='bbox 1443 1027 1470 1050; x_wconf 91' lang='lat' dir='ltr'><strong>ct</strong></span> <span class='ocrx_word' id='word_1_426' title='bbox 1495 1022 1697 1057; x_wconf 84' lang='lat' dir='ltr'><strong>exprobrationi</strong></span> <span class='ocrx_word' id='word_1_427' title='bbox 1723 1022 1787 1050; x_wconf 84' lang='lat' dir='ltr'><strong>facti</strong></span> 
     </span>
    </p>
   </div>
   <div class='ocr_carea' id='block_1_59' title="bbox 998 1068 1787 1104">
    <p class='ocr_par' dir='ltr' id='par_1_59' title="bbox 998 1068 1787 1104">
     <span class='ocr_line' id='line_1_59' title="bbox 998 1068 1787 1104; baseline 0 -9"><span class='ocrx_word' id='word_1_428' title='bbox 998 1068 1156 1101; x_wconf 75' lang='lat' dir='ltr'><strong>fuissemus,</strong></span> <span class='ocrx_word' id='word_1_429' title='bbox 1169 1077 1224 1096; x_wconf 89' lang='lat' dir='ltr'><strong>non</strong></span> <span class='ocrx_word' id='word_1_430' title='bbox 1235 1069 1346 1104; x_wconf 81' lang='lat' dir='ltr'><strong>quidem</strong></span> <span class='ocrx_word' id='word_1_431' title='bbox 1360 1068 1607 1104; x_wconf 60' lang='lat' dir='ltr'><strong>prmdccessoribus</strong></span> <span class='ocrx_word' id='word_1_432' title='bbox 1616 1068 1728 1101; x_wconf 87' lang='lat' dir='ltr'><strong>nostris,</strong></span> <span class='ocrx_word' id='word_1_433' title='bbox 1740 1068 1787 1095; x_wconf 86' lang='lat' dir='ltr'><strong>sed</strong></span> 
     </span>
    </p>
   </div>
   <div class='ocr_carea' id='block_1_60' title="bbox 997 1116 1787 1151">
    <p class='ocr_par' dir='ltr' id='par_1_60' title="bbox 997 1116 1787 1151">
     <span class='ocr_line' id='line_1_60' title="bbox 997 1116 1787 1151; baseline -0.001 -8"><span class='ocrx_word' id='word_1_434' title='bbox 997 1116 1204 1144; x_wconf 88' lang='lat' dir='ltr'><strong>successoribus</strong></span> <span class='ocrx_word' id='word_1_435' title='bbox 1225 1121 1287 1151; x_wconf 88' lang='lat' dir='ltr'><strong>post</strong></span> <span class='ocrx_word' id='word_1_436' title='bbox 1306 1116 1415 1148; x_wconf 90' lang='lat' dir='ltr'><strong>futuris,</strong></span> <span class='ocrx_word' id='word_1_437' title='bbox 1441 1116 1463 1143; x_wconf 91' lang='lat' dir='ltr'><strong>si</strong></span> <span class='ocrx_word' id='word_1_438' title='bbox 1487 1120 1578 1143; x_wconf 86' lang='lat' dir='ltr'><strong>tamen</strong></span> <span class='ocrx_word' id='word_1_439' title='bbox 1599 1116 1681 1143; x_wconf 91' lang='lat' dir='ltr'><strong>futuri</strong></span> <span class='ocrx_word' id='word_1_440' title='bbox 1703 1116 1787 1151; x_wconf 86' lang='lat' dir='ltr'><strong>aliqui</strong></span> 
     </span>
    </p>
   </div>
   <div class='ocr_carea' id='block_1_61' title="bbox 997 1162 1789 1198">
    <p class='ocr_par' dir='ltr' id='par_1_61' title="bbox 997 1162 1789 1198">
     <span class='ocr_line' id='line_1_61' title="bbox 997 1162 1789 1198; baseline -0.001 -9"><span class='ocrx_word' id='word_1_441' title='bbox 997 1162 1143 1198; x_wconf 77' lang='lat' dir='ltr'><strong>aliquando</strong></span> <span class='ocrx_word' id='word_1_442' title='bbox 1158 1163 1223 1194; x_wconf 90' lang='lat' dir='ltr'><strong>sint,</strong></span> <span class='ocrx_word' id='word_1_443' title='bbox 1241 1163 1321 1189; x_wconf 85' lang='lat' dir='ltr'><strong>nobis</strong></span> <span class='ocrx_word' id='word_1_444' title='bbox 1339 1162 1505 1192; x_wconf 86' lang='lat' dir='ltr'><strong>miseriores.</strong></span> <span class='ocrx_word' id='word_1_445' title='bbox 1521 1162 1566 1196; x_wconf 92' lang='lat' dir='ltr'><strong>qui</strong></span> <span class='ocrx_word' id='word_1_446' title='bbox 1583 1166 1644 1197; x_wconf 88' lang='lat' dir='ltr'><strong>post</strong></span> <span class='ocrx_word' id='word_1_447' title='bbox 1665 1169 1716 1188; x_wconf 90' lang='lat' dir='ltr'><strong>nos</strong></span> <span class='ocrx_word' id='word_1_448' title='bbox 1738 1169 1789 1196; x_wconf 93' lang='lat' dir='ltr'><strong>pro</strong></span> 
     </span>
    </p>
   </div>
   <div class='ocr_carea' id='block_1_62' title="bbox 997 1207 1787 1245">
    <p class='ocr_par' dir='ltr' id='par_1_62' title="bbox 997 1207 1787 1245">
     <span class='ocr_line' id='line_1_62' title="bbox 997 1207 1787 1245; baseline -0.003 -9"><span class='ocrx_word' id='word_1_449' title='bbox 997 1209 1077 1236; x_wconf 91' lang='lat' dir='ltr'><strong>nobis</strong></span> <span class='ocrx_word' id='word_1_450' title='bbox 1088 1210 1183 1245; x_wconf 73' lang='lat' dir='ltr'><strong>jugurn</strong></span> <span class='ocrx_word' id='word_1_451' title='bbox 1198 1208 1271 1236; x_wconf 88' lang='lat' dir='ltr'><strong>istud</strong></span> <span class='ocrx_word' id='word_1_452' title='bbox 1282 1208 1375 1236; x_wconf 91' lang='lat' dir='ltr'><strong>subire</strong></span> <span class='ocrx_word' id='word_1_453' title='bbox 1386 1208 1480 1235; x_wconf 85' lang='lat' dir='ltr'><strong>velint.</strong></span> <span class='ocrx_word' id='word_1_454' title='bbox 1493 1207 1565 1235; x_wconf 83' lang='lat' dir='ltr'><strong>Loco</strong></span> <span class='ocrx_word' id='word_1_455' title='bbox 1577 1207 1642 1243; x_wconf 87' lang='lat' dir='ltr'><strong>quin</strong></span> <span class='ocrx_word' id='word_1_456' title='bbox 1655 1207 1787 1239; x_wconf 83' lang='lat' dir='ltr'><strong>cedimus;</strong></span> 
     </span>
    </p>
   </div>
   <div class='ocr_carea' id='block_1_63' title="bbox 998 1251 1789 1291">
    <p class='ocr_par' dir='ltr' id='par_1_63' title="bbox 998 1251 1789 1291">
     <span class='ocr_line' id='line_1_63' title="bbox 998 1251 1789 1291; baseline -0.005 -9"><span class='ocrx_word' id='word_1_457' title='bbox 998 1259 1087 1282; x_wconf 86' lang='lat' dir='ltr'><strong>cesset</strong></span> <span class='ocrx_word' id='word_1_458' title='bbox 1101 1254 1211 1291; x_wconf 63' lang='lat' dir='ltr'><strong>imgdia.</strong></span> <span class='ocrx_word' id='word_1_459' title='bbox 1229 1253 1307 1286; x_wconf 86' lang='lat' dir='ltr'><strong>Quod</strong></span> <span class='ocrx_word' id='word_1_460' title='bbox 1326 1253 1348 1280; x_wconf 90' lang='lat' dir='ltr'><strong>si</strong></span> <span class='ocrx_word' id='word_1_461' title='bbox 1366 1260 1420 1280; x_wconf 93' lang='lat' dir='ltr'><strong>non</strong></span> <span class='ocrx_word' id='word_1_462' title='bbox 1438 1253 1562 1284; x_wconf 80' lang='lat' dir='ltr'><strong>facimus,</strong></span> <span class='ocrx_word' id='word_1_463' title='bbox 1581 1252 1712 1287; x_wconf 87' lang='lat' dir='ltr'><strong>quosdam</strong></span> <span class='ocrx_word' id='word_1_464' title='bbox 1729 1251 1789 1279; x_wconf 80' lang='lat' dir='ltr'><strong>affi-</strong></span> 
     </span>
    </p>
   </div>
   <div class='ocr_carea' id='block_1_64' title="bbox 999 1298 1791 1336">
    <p class='ocr_par' dir='ltr' id='par_1_64' title="bbox 999 1298 1791 1336">
     <span class='ocr_line' id='line_1_64' title="bbox 999 1298 1791 1336; baseline -0.005 -8"><span class='ocrx_word' id='word_1_465' title='bbox 999 1301 1087 1328; x_wconf 91' lang='lat' dir='ltr'><strong>cimus</strong></span> <span class='ocrx_word' id='word_1_466' title='bbox 1101 1308 1230 1332; x_wconf 69' lang='lat' dir='ltr'><strong>maerore,</strong></span> <span class='ocrx_word' id='word_1_467' title='bbox 1243 1300 1335 1336; x_wconf 89' lang='lat' dir='ltr'><strong>potius</strong></span> <span class='ocrx_word' id='word_1_468' title='bbox 1354 1304 1382 1327; x_wconf 89' lang='lat' dir='ltr'><strong>et</strong></span> <span class='ocrx_word' id='word_1_469' title='bbox 1394 1299 1429 1327; x_wconf 88' lang='lat' dir='ltr'><strong>ob</strong></span> <span class='ocrx_word' id='word_1_470' title='bbox 1443 1299 1494 1326; x_wconf 93' lang='lat' dir='ltr'><strong>hoc</strong></span> <span class='ocrx_word' id='word_1_471' title='bbox 1506 1299 1594 1334; x_wconf 90' lang='lat' dir='ltr'><strong>ipsum</strong></span> <span class='ocrx_word' id='word_1_472' title='bbox 1609 1298 1691 1333; x_wconf 88' lang='lat' dir='ltr'><strong>injus</strong></span> <span class='ocrx_word' id='word_1_473' title='bbox 1702 1298 1791 1333; x_wconf 89' lang='lat' dir='ltr'><strong>rapie-</strong></span> 
     </span>
    </p>
   </div>
   <div class='ocr_carea' id='block_1_65' title="bbox 999 1344 1789 1381">
    <p class='ocr_par' dir='ltr' id='par_1_65' title="bbox 999 1344 1789 1381">
     <span class='ocr_line' id='line_1_65' title="bbox 999 1344 1789 1381; baseline -0.004 -7"><span class='ocrx_word' id='word_1_474' title='bbox 999 1354 1062 1374; x_wconf 89' lang='lat' dir='ltr'><strong>mur</strong></span> <span class='ocrx_word' id='word_1_475' title='bbox 1077 1357 1083 1374; x_wconf 92' lang='lat'><strong>:</strong></span> <span class='ocrx_word' id='word_1_476' title='bbox 1099 1354 1215 1374; x_wconf 80' lang='lat' dir='ltr'><strong>excusso</strong></span> <span class='ocrx_word' id='word_1_477' title='bbox 1234 1346 1357 1381; x_wconf 83' lang='lat' dir='ltr'><strong>pulvere,</strong></span> <span class='ocrx_word' id='word_1_478' title='bbox 1374 1345 1466 1373; x_wconf 85' lang='lat' dir='ltr'><strong>sedem</strong></span> <span class='ocrx_word' id='word_1_479' title='bbox 1484 1345 1644 1375; x_wconf 86' lang='lat' dir='ltr'><strong>deserimus,</strong></span> <span class='ocrx_word' id='word_1_480' title='bbox 1661 1344 1789 1379; x_wconf 82' lang='lat' dir='ltr'><strong>quocirca</strong></span> 
     </span>
    </p>
   </div>
   <div class='ocr_carea' id='block_1_66' title="bbox 998 1390 1791 1428">
    <p class='ocr_par' dir='ltr' id='par_1_66' title="bbox 998 1390 1791 1428">
     <span class='ocr_line' id='line_1_66' title="bbox 998 1390 1791 1428; baseline -0.005 -7"><span class='ocrx_word' id='word_1_481' title='bbox 998 1393 1076 1422; x_wconf 89' lang='lat' dir='ltr'><strong>dolos</strong></span> <span class='ocrx_word' id='word_1_482' title='bbox 1094 1394 1225 1428; x_wconf 82' lang='lat' dir='ltr'><strong>deinceps</strong></span> <span class='ocrx_word' id='word_1_483' title='bbox 1242 1393 1269 1420; x_wconf 93' lang='lat' dir='ltr'><strong>in</strong></span> <span class='ocrx_word' id='word_1_484' title='bbox 1281 1401 1333 1420; x_wconf 82' lang='lat' dir='ltr'><strong>nos</strong></span> <span class='ocrx_word' id='word_1_485' title='bbox 1352 1396 1513 1419; x_wconf 88' lang='lat' dir='ltr'><strong>construere</strong></span> <span class='ocrx_word' id='word_1_486' title='bbox 1528 1395 1556 1418; x_wconf 88' lang='lat' dir='ltr'><strong>et</strong></span> <span class='ocrx_word' id='word_1_487' title='bbox 1580 1390 1706 1418; x_wconf 87' lang='lat' dir='ltr'><strong>meditari</strong></span> <span class='ocrx_word' id='word_1_488' title='bbox 1721 1390 1791 1418; x_wconf 89' lang='lat' dir='ltr'><strong>desi-</strong></span> 
     </span>
    </p>
   </div>
   <div class='ocr_carea' id='block_1_67' title="bbox 999 1437 1789 1472">
    <p class='ocr_par' dir='ltr' id='par_1_67' title="bbox 999 1437 1789 1472">
     <span class='ocr_line' id='line_1_67' title="bbox 999 1437 1789 1472; baseline -0.003 -6"><span class='ocrx_word' id='word_1_489' title='bbox 999 1444 1081 1472; x_wconf 82' lang='lat' dir='ltr'><strong>stant,</strong></span> <span class='ocrx_word' id='word_1_490' title='bbox 1090 1447 1125 1466; x_wconf 90' lang='lat' dir='ltr'><strong>ne</strong></span> <span class='ocrx_word' id='word_1_491' title='bbox 1132 1439 1288 1471; x_wconf 88' lang='lat' dir='ltr'><strong>observent,</strong></span> <span class='ocrx_word' id='word_1_492' title='bbox 1296 1438 1468 1470; x_wconf 87' lang='lat' dir='ltr'><strong>insidientur,</strong></span> <span class='ocrx_word' id='word_1_493' title='bbox 1479 1437 1673 1472; x_wconf 85' lang='lat' dir='ltr'><strong>impressiones</strong></span> <span class='ocrx_word' id='word_1_494' title='bbox 1679 1437 1789 1464; x_wconf 79' lang='lat' dir='ltr'><strong>faciant.</strong></span> 
     </span>
    </p>
   </div>
   <div class='ocr_carea' id='block_1_68' title="bbox 1001 1483 1790 1521">
    <p class='ocr_par' dir='ltr' id='par_1_68' title="bbox 1001 1483 1790 1521">
     <span class='ocr_line' id='line_1_68' title="bbox 1001 1483 1790 1521; baseline -0.003 -9"><span class='ocrx_word' id='word_1_495' title='bbox 1001 1485 1059 1513; x_wconf 90' lang='lat' dir='ltr'><strong>lleu</strong></span> <span class='ocrx_word' id='word_1_496' title='bbox 1073 1485 1191 1521; x_wconf 81' lang='lat' dir='ltr'><strong>justitia,</strong></span> <span class='ocrx_word' id='word_1_497' title='bbox 1209 1485 1282 1520; x_wconf 78' lang='lat' dir='ltr'><strong>leges</strong></span> <span class='ocrx_word' id='word_1_498' title='bbox 1299 1484 1359 1515; x_wconf 89' lang='lat' dir='ltr'><strong>Dei,</strong></span> <span class='ocrx_word' id='word_1_499' title='bbox 1377 1483 1510 1511; x_wconf 85' lang='lat' dir='ltr'><strong>tribunal!</strong></span> <span class='ocrx_word' id='word_1_500' title='bbox 1526 1483 1604 1516; x_wconf 88' lang='lat' dir='ltr'><strong>Quod</strong></span> <span class='ocrx_word' id='word_1_501' title='bbox 1619 1491 1790 1518; x_wconf 81' lang='lat' dir='ltr'><strong>nequaquam</strong></span> 
     </span>
    </p>
   </div>
   <div class='ocr_carea' id='block_1_69' title="bbox 1000 1530 1791 1565">
    <p class='ocr_par' dir='ltr' id='par_1_69' title="bbox 1000 1530 1791 1565">
     <span class='ocr_line' id='line_1_69' title="bbox 1000 1530 1791 1565; baseline -0.003 -6"><span class='ocrx_word' id='word_1_502' title='bbox 1000 1540 1049 1560; x_wconf 86' lang='lat' dir='ltr'><strong>vos</strong></span> <span class='ocrx_word' id='word_1_503' title='bbox 1064 1532 1268 1563; x_wconf 86' lang='lat' dir='ltr'><strong>conculcamus,</strong></span> <span class='ocrx_word' id='word_1_504' title='bbox 1282 1531 1382 1562; x_wconf 82' lang='lat' dir='ltr'><strong>iniuria</strong></span> <span class='ocrx_word' id='word_1_505' title='bbox 1398 1530 1531 1558; x_wconf 84' lang='lat' dir='ltr'><strong>afficimus</strong></span> <span class='ocrx_word' id='word_1_506' title='bbox 1543 1539 1550 1562; x_wconf 87' lang='lat'><strong>;</strong></span> <span class='ocrx_word' id='word_1_507' title='bbox 1562 1534 1706 1565; x_wconf 84' lang='lat' dir='ltr'><strong>propterea</strong></span> <span class='ocrx_word' id='word_1_508' title='bbox 1717 1531 1791 1565; x_wconf 85' lang='lat' dir='ltr'><strong>quod</strong></span> 
     </span>
    </p>
   </div>
   <div class='ocr_carea' id='block_1_70' title="bbox 1001 1575 1791 1613">
    <p class='ocr_par' dir='ltr' id='par_1_70' title="bbox 1001 1575 1791 1613">
     <span class='ocr_line' id='line_1_70' title="bbox 1001 1575 1791 1613; baseline -0.001 -8"><span class='ocrx_word' id='word_1_509' title='bbox 1001 1579 1150 1613; x_wconf 78' lang='lat' dir='ltr'><strong>diligimus,</strong></span> <span class='ocrx_word' id='word_1_510' title='bbox 1167 1586 1222 1605; x_wconf 88' lang='lat' dir='ltr'><strong>non</strong></span> <span class='ocrx_word' id='word_1_511' title='bbox 1239 1585 1376 1610; x_wconf 85' lang='lat' dir='ltr'><strong>amamur;</strong></span> <span class='ocrx_word' id='word_1_512' title='bbox 1389 1584 1422 1604; x_wconf 88' lang='lat' dir='ltr'><strong>eo</strong></span> <span class='ocrx_word' id='word_1_513' title='bbox 1437 1576 1510 1612; x_wconf 91' lang='lat' dir='ltr'><strong>quod</strong></span> <span class='ocrx_word' id='word_1_514' title='bbox 1523 1584 1571 1611; x_wconf 91' lang='lat' dir='ltr'><strong>pro</strong></span> <span class='ocrx_word' id='word_1_515' title='bbox 1581 1575 1659 1603; x_wconf 88' lang='lat' dir='ltr'><strong>vobis</strong></span> <span class='ocrx_word' id='word_1_516' title='bbox 1674 1581 1791 1605; x_wconf 84' lang='lat' dir='ltr'><strong>stamus.</strong></span> 
     </span>
    </p>
   </div>
   <div class='ocr_carea' id='block_1_71' title="bbox 1001 1623 1790 1654">
    <p class='ocr_par' dir='ltr' id='par_1_71' title="bbox 1001 1623 1790 1654">
     <span class='ocr_line' id='line_1_71' title="bbox 1001 1623 1790 1654; baseline -0.001 -4"><span class='ocrx_word' id='word_1_517' title='bbox 1001 1631 1016 1650; x_wconf 92' lang='lat' dir='ltr'><strong>a</strong></span> <span class='ocrx_word' id='word_1_518' title='bbox 1036 1623 1116 1650; x_wconf 88' lang='lat' dir='ltr'><strong>nobis</strong></span> <span class='ocrx_word' id='word_1_519' title='bbox 1131 1623 1160 1650; x_wconf 90' lang='lat' dir='ltr'><strong>fit</strong></span> <span class='ocrx_word' id='word_1_520' title='bbox 1182 1623 1337 1650; x_wconf 81' lang='lat' dir='ltr'><strong>dissidium.</strong></span> <span class='ocrx_word' id='word_1_521' title='bbox 1355 1623 1610 1650; x_wconf 87' lang='lat' dir='ltr'><strong>Comminiscuntur</strong></span> <span class='ocrx_word' id='word_1_522' title='bbox 1631 1623 1790 1654; x_wconf 87' lang='lat' dir='ltr'><strong>mendacia,</strong></span> 
     </span>
    </p>
   </div>
   <div class='ocr_carea' id='block_1_72' title="bbox 1000 1666 1790 1701">
    <p class='ocr_par' dir='ltr' id='par_1_72' title="bbox 1000 1666 1790 1701">
     <span class='ocr_line' id='line_1_72' title="bbox 1000 1666 1790 1701; baseline -0.001 -8"><span class='ocrx_word' id='word_1_523' title='bbox 1000 1671 1028 1694; x_wconf 84' lang='lat' dir='ltr'><strong>et</strong></span> <span class='ocrx_word' id='word_1_524' title='bbox 1043 1667 1089 1701; x_wconf 92' lang='lat' dir='ltr'><strong>qui</strong></span> <span class='ocrx_word' id='word_1_525' title='bbox 1110 1671 1206 1694; x_wconf 89' lang='lat' dir='ltr'><strong>contra</strong></span> <span class='ocrx_word' id='word_1_526' title='bbox 1223 1674 1274 1694; x_wconf 93' lang='lat' dir='ltr'><strong>nos</strong></span> <span class='ocrx_word' id='word_1_527' title='bbox 1293 1666 1439 1693; x_wconf 78' lang='lat' dir='ltr'><strong>maximam</strong></span> <span class='ocrx_word' id='word_1_528' title='bbox 1458 1666 1642 1701; x_wconf 83' lang='lat' dir='ltr'><strong>proditionem</strong></span> <span class='ocrx_word' id='word_1_529' title='bbox 1661 1666 1770 1694; x_wconf 80' lang='lat' dir='ltr'><strong>ﬁnxerit</strong></span> <span class='ocrx_word' id='word_1_530' title='bbox 1783 1689 1790 1699; x_wconf 87' lang='grc'><strong>,</strong></span> 
     </span>
    </p>
   </div>
   <div class='ocr_carea' id='block_1_73' title="bbox 1001 1713 1792 1747">
    <p class='ocr_par' dir='ltr' id='par_1_73' title="bbox 1001 1713 1792 1747">
     <span class='ocr_line' id='line_1_73' title="bbox 1001 1713 1792 1747; baseline 0.001 -8"><span class='ocrx_word' id='word_1_531' title='bbox 1001 1713 1122 1747; x_wconf 87' lang='lat' dir='ltr'><strong>prudens</strong></span> <span class='ocrx_word' id='word_1_532' title='bbox 1141 1713 1256 1740; x_wconf 88' lang='lat' dir='ltr'><strong>habetur</strong></span> <span class='ocrx_word' id='word_1_533' title='bbox 1271 1717 1299 1740; x_wconf 92' lang='lat' dir='ltr'><strong>et</strong></span> <span class='ocrx_word' id='word_1_534' title='bbox 1324 1717 1465 1745; x_wconf 83' lang='lat' dir='ltr'><strong>actuosus;</strong></span> <span class='ocrx_word' id='word_1_535' title='bbox 1482 1713 1529 1747; x_wconf 79' lang='lat' dir='ltr'><strong>qui</strong></span> <span class='ocrx_word' id='word_1_536' title='bbox 1558 1713 1644 1741; x_wconf 90' lang='lat' dir='ltr'><strong>vicem</strong></span> <span class='ocrx_word' id='word_1_537' title='bbox 1668 1718 1792 1741; x_wconf 87' lang='lat' dir='ltr'><strong>nostram</strong></span> 
     </span>
    </p>
   </div>
   <div class='ocr_carea' id='block_1_74' title="bbox 1000 1758 1794 1794">
    <p class='ocr_par' dir='ltr' id='par_1_74' title="bbox 1000 1758 1794 1794">
     <span class='ocr_line' id='line_1_74' title="bbox 1000 1758 1794 1794; baseline 0 -8"><span class='ocrx_word' id='word_1_538' title='bbox 1000 1759 1083 1790; x_wconf 84' lang='lat' dir='ltr'><strong>dolet,</strong></span> <span class='ocrx_word' id='word_1_539' title='bbox 1103 1765 1132 1785; x_wconf 90' lang='lat' dir='ltr'><strong>ut</strong></span> <span class='ocrx_word' id='word_1_540' title='bbox 1146 1759 1234 1786; x_wconf 89' lang='lat' dir='ltr'><strong>hostis</strong></span> <span class='ocrx_word' id='word_1_541' title='bbox 1248 1763 1275 1785; x_wconf 88' lang='lat' dir='ltr'><strong>et</strong></span> <span class='ocrx_word' id='word_1_542' title='bbox 1292 1759 1383 1794; x_wconf 74' lang='lat' dir='ltr'><strong>legum</strong></span> <span class='ocrx_word' id='word_1_543' title='bbox 1396 1758 1512 1786; x_wconf 87' lang='lat' dir='ltr'><strong>violator</strong></span> <span class='ocrx_word' id='word_1_544' title='bbox 1528 1763 1685 1790; x_wconf 83' lang='lat' dir='ltr'><strong>accusatur.</strong></span> <span class='ocrx_word' id='word_1_545' title='bbox 1708 1759 1794 1786; x_wconf 85' lang='lat' dir='ltr'><strong>frater</strong></span> 
     </span>
    </p>
   </div>
   <div class='ocr_carea' id='block_1_75' title="bbox 1002 1803 1794 1839">
    <p class='ocr_par' dir='ltr' id='par_1_75' title="bbox 1002 1803 1794 1839">
     <span class='ocr_line' id='line_1_75' title="bbox 1002 1803 1794 1839; baseline 0.001 -9"><span class='ocrx_word' id='word_1_546' title='bbox 1002 1804 1067 1831; x_wconf 88' lang='lat' dir='ltr'><strong>licet</strong></span> <span class='ocrx_word' id='word_1_547' title='bbox 1079 1803 1172 1836; x_wconf 91' lang='lat' dir='ltr'><strong>fuerit,</strong></span> <span class='ocrx_word' id='word_1_548' title='bbox 1184 1809 1213 1831; x_wconf 91' lang='lat' dir='ltr'><strong>et</strong></span> <span class='ocrx_word' id='word_1_549' title='bbox 1231 1809 1329 1831; x_wconf 87' lang='lat' dir='ltr'><strong>natura</strong></span> <span class='ocrx_word' id='word_1_550' title='bbox 1343 1804 1401 1839; x_wconf 86' lang='lat' dir='ltr'><strong>ipsa</strong></span> <span class='ocrx_word' id='word_1_551' title='bbox 1417 1808 1559 1831; x_wconf 87' lang='lat' dir='ltr'><strong>moveatur</strong></span> <span class='ocrx_word' id='word_1_552' title='bbox 1575 1804 1609 1831; x_wconf 91' lang='lat' dir='ltr'><strong>ad</strong></span> <span class='ocrx_word' id='word_1_553' title='bbox 1619 1804 1794 1839; x_wconf 86' lang='lat' dir='ltr'><strong>compassio—</strong></span> 
     </span>
    </p>
   </div>
   <div class='ocr_carea' id='block_1_76' title="bbox 158 1849 1794 1887">
    <p class='ocr_par' dir='ltr' id='par_1_76' title="bbox 158 1849 1794 1887">
     <span class='ocr_line' id='line_1_76' title="bbox 158 1849 1794 1887; baseline 0.002 -11"><span class='ocrx_word' id='word_1_554' title='bbox 158 1857 233 1876; x_wconf 89' lang='lat' dir='ltr'><strong>nem.</strong></span> <span class='ocrx_word' id='word_1_555' title='bbox 254 1850 397 1883; x_wconf 84' lang='lat' dir='ltr'><strong>Quomodo</strong></span> <span class='ocrx_word' id='word_1_556' title='bbox 415 1850 487 1885; x_wconf 90' lang='lat' dir='ltr'><strong>quis,</strong></span> <span class='ocrx_word' id='word_1_557' title='bbox 505 1858 608 1884; x_wconf 61' lang='lat' dir='ltr'><strong>quwso,</strong></span> <span class='ocrx_word' id='word_1_558' title='bbox 630 1849 745 1877; x_wconf 89' lang='lat' dir='ltr'><strong>tolerare</strong></span> <span class='ocrx_word' id='word_1_559' title='bbox 765 1855 866 1885; x_wconf 87' lang='lat' dir='ltr'><strong>posset,</strong></span> <span class='ocrx_word' id='word_1_560' title='bbox 880 1850 953 1885; x_wconf 91' lang='lat' dir='ltr'><strong>quod</strong></span> <span class='ocrx_word' id='word_1_561' title='bbox 974 1849 1008 1878; x_wconf 90' lang='lat' dir='ltr'><strong>de</strong></span> <span class='ocrx_word' id='word_1_562' title='bbox 1020 1850 1075 1878; x_wconf 84' lang='lat' dir='ltr'><strong>vita</strong></span> <span class='ocrx_word' id='word_1_563' title='bbox 1089 1850 1195 1885; x_wconf 89' lang='lat' dir='ltr'><strong>judices</strong></span> <span class='ocrx_word' id='word_1_564' title='bbox 1205 1855 1233 1878; x_wconf 91' lang='lat' dir='ltr'><strong>et</strong></span> <span class='ocrx_word' id='word_1_565' title='bbox 1246 1858 1376 1878; x_wconf 87' lang='lat' dir='ltr'><strong>censores</strong></span> <span class='ocrx_word' id='word_1_566' title='bbox 1389 1850 1520 1878; x_wconf 82' lang='lat' dir='ltr'><strong>habemus</strong></span> <span class='ocrx_word' id='word_1_567' title='bbox 1535 1858 1591 1884; x_wconf 90' lang='lat' dir='ltr'><strong>eos,</strong></span> <span class='ocrx_word' id='word_1_568' title='bbox 1619 1859 1689 1886; x_wconf 90' lang='lat' dir='ltr'><strong>quos</strong></span> <span class='ocrx_word' id='word_1_569' title='bbox 1717 1852 1794 1887; x_wconf 88' lang='lat' dir='ltr'><strong>prius</strong></span> 
     </span>
    </p>
   </div>
   <div class='ocr_carea' id='block_1_77' title="bbox 158 1896 1793 1932">
    <p class='ocr_par' dir='ltr' id='par_1_77' title="bbox 158 1896 1793 1932">
     <span class='ocr_line' id='line_1_77' title="bbox 158 1896 1793 1932; baseline 0.002 -9"><span class='ocrx_word' id='word_1_570' title='bbox 158 1896 323 1930; x_wconf 85' lang='lat' dir='ltr'><strong>laudatores,</strong></span> <span class='ocrx_word' id='word_1_571' title='bbox 346 1901 373 1924; x_wconf 89' lang='lat' dir='ltr'><strong>et</strong></span> <span class='ocrx_word' id='word_1_572' title='bbox 394 1896 441 1931; x_wconf 77' lang='lat' dir='ltr'><strong>qui</strong></span> <span class='ocrx_word' id='word_1_573' title='bbox 467 1896 538 1923; x_wconf 85' lang='lat' dir='ltr'><strong>bene</strong></span> <span class='ocrx_word' id='word_1_574' title='bbox 562 1903 654 1923; x_wconf 88' lang='lat' dir='ltr'><strong>secum</strong></span> <span class='ocrx_word' id='word_1_575' title='bbox 680 1896 724 1930; x_wconf 84' lang='lat' dir='ltr'><strong>agi</strong></span> <span class='ocrx_word' id='word_1_576' title='bbox 750 1901 894 1931; x_wconf 86' lang='lat' dir='ltr'><strong>putassent</strong></span> <span class='ocrx_word' id='word_1_577' title='bbox 924 1897 947 1924; x_wconf 91' lang='lat' dir='ltr'><strong>si</strong></span> <span class='ocrx_word' id='word_1_578' title='bbox 966 1896 1243 1931; x_wconf 84' lang='lat' dir='ltr'><strong>nostrojudieionon</strong></span> <span class='ocrx_word' id='word_1_579' title='bbox 1255 1896 1519 1929; x_wconf 86' lang='lat' dir='ltr'><strong>condemnarentur;</strong></span> <span class='ocrx_word' id='word_1_580' title='bbox 1545 1896 1619 1932; x_wconf 85' lang='lat' dir='ltr'><strong>quod</strong></span> <span class='ocrx_word' id='word_1_581' title='bbox 1648 1898 1682 1925; x_wconf 87' lang='lat' dir='ltr'><strong>ab</strong></span> <span class='ocrx_word' id='word_1_582' title='bbox 1697 1899 1793 1926; x_wconf 87' lang='lat' dir='ltr'><strong>amicis</strong></span> 
     </span>
    </p>
   </div>
   <div class='ocr_carea' id='block_1_78' title="bbox 158 1943 1366 1979">
    <p class='ocr_par' dir='ltr' id='par_1_78' title="bbox 158 1943 1366 1979">
     <span class='ocr_line' id='line_1_78' title="bbox 158 1943 1366 1979; baseline 0 -8"><span class='ocrx_word' id='word_1_583' title='bbox 158 1945 330 1976; x_wconf 82' lang='lat' dir='ltr'><strong>divellamur,</strong></span> <span class='ocrx_word' id='word_1_584' title='bbox 352 1951 368 1970; x_wconf 90' lang='lat' dir='ltr'><strong>a</strong></span> <span class='ocrx_word' id='word_1_585' title='bbox 391 1943 529 1978; x_wconf 78' lang='lat' dir='ltr'><strong>germanis</strong></span> <span class='ocrx_word' id='word_1_586' title='bbox 550 1943 758 1970; x_wconf 81' lang='lat' dir='ltr'><strong>abstrahamur?</strong></span> <span class='ocrx_word' id='word_1_587' title='bbox 781 1943 881 1978; x_wconf 88' lang='lat' dir='ltr'><strong>Ecquis</strong></span> <span class='ocrx_word' id='word_1_588' title='bbox 903 1949 947 1971; x_wconf 85' lang='lat' dir='ltr'><strong>est</strong></span> <span class='ocrx_word' id='word_1_589' title='bbox 964 1944 1012 1979; x_wconf 91' lang='lat' dir='ltr'><strong>qui</strong></span> <span class='ocrx_word' id='word_1_590' title='bbox 1032 1943 1130 1971; x_wconf 91' lang='lat' dir='ltr'><strong>horum</strong></span> <span class='ocrx_word' id='word_1_591' title='bbox 1146 1944 1248 1979; x_wconf 88' lang='lat' dir='ltr'><strong>aliquid</strong></span> <span class='ocrx_word' id='word_1_592' title='bbox 1263 1944 1366 1979; x_wconf 84' lang='lat' dir='ltr'><strong>possit?</strong></span> 
     </span>
    </p>
   </div>
   <div class='ocr_carea' id='block_1_79' title="bbox 201 1988 947 2025">
    <p class='ocr_par' dir='ltr' id='par_1_79' title="bbox 201 1988 947 2025">
     <span class='ocr_line' id='line_1_79' title="bbox 201 1988 947 2025; baseline -0.003 -9"><span class='ocrx_word' id='word_1_593' title='bbox 201 1990 272 2017; x_wconf 77' lang='grc' dir='ltr'>Ἀλλ’</span> <span class='ocrx_word' id='word_1_594' title='bbox 287 1991 347 2025; x_wconf 86' lang='grc' dir='ltr'><strong>ὲρεί</strong></span> <span class='ocrx_word' id='word_1_595' title='bbox 371 1998 425 2022; x_wconf 79' lang='grc' dir='ltr'>τις,</span> <span class='ocrx_word' id='word_1_596' title='bbox 446 1988 484 2024; x_wconf 82' lang='grc' dir='ltr'>μὴ</span> <span class='ocrx_word' id='word_1_597' title='bbox 511 1988 568 2015; x_wconf 88' lang='grc' dir='ltr'>δεῖν</span> <span class='ocrx_word' id='word_1_598' title='bbox 583 1988 711 2023; x_wconf 82' lang='grc' dir='ltr'><strong>ἀθυμεῖν,</strong></span> <span class='ocrx_word' id='word_1_599' title='bbox 727 1988 847 2024; x_wconf 77' lang='grc' dir='ltr'>Χριστοῦ</span> <span class='ocrx_word' id='word_1_600' title='bbox 862 1989 947 2024; x_wconf 82' lang='grc' dir='ltr'>πάθη,</span> 
     </span>
    </p>
   </div>
   <div class='ocr_carea' id='block_1_80' title="bbox 157 2034 948 2072">
    <p class='ocr_par' dir='ltr' id='par_1_80' title="bbox 157 2034 948 2072">
     <span class='ocr_line' id='line_1_80' title="bbox 157 2034 948 2072; baseline -0.004 -9"><span class='ocrx_word' id='word_1_601' title='bbox 157 2037 206 2063; x_wconf 72' lang='grc' dir='ltr'><strong>καὶ</strong></span> <span class='ocrx_word' id='word_1_602' title='bbox 221 2037 340 2072; x_wconf 77' lang='grc' dir='ltr'>Χριστὸν</span> <span class='ocrx_word' id='word_1_603' title='bbox 364 2035 446 2062; x_wconf 80' lang='grc' dir='ltr'>αὑτὸν</span> <span class='ocrx_word' id='word_1_604' title='bbox 459 2035 499 2066; x_wconf 82' lang='grc' dir='ltr'>εἰς</span> <span class='ocrx_word' id='word_1_605' title='bbox 520 2035 601 2070; x_wconf 82' lang='grc' dir='ltr'>μέσον</span> <span class='ocrx_word' id='word_1_606' title='bbox 625 2034 711 2068; x_wconf 80' lang='grc' dir='ltr'>ἄγων,</span> <span class='ocrx_word' id='word_1_607' title='bbox 729 2035 852 2066; x_wconf 78' lang='grc' dir='ltr'>καὶτοὺς</span> <span class='ocrx_word' id='word_1_608' title='bbox 878 2035 948 2070; x_wconf 81' lang='grc' dir='ltr'>ὑπὲρ</span> 
     </span>
    </p>
   </div>
   <div class='ocr_carea' id='block_1_81' title="bbox 157 2080 950 2118">
    <p class='ocr_par' dir='ltr' id='par_1_81' title="bbox 157 2080 950 2118">
     <span class='ocr_line' id='line_1_81' title="bbox 157 2080 950 2118; baseline -0.001 -10"><span class='ocrx_word' id='word_1_609' title='bbox 157 2083 241 2109; x_wconf 80' lang='grc' dir='ltr'>αὑτοῦ</span> <span class='ocrx_word' id='word_1_610' title='bbox 257 2083 415 2118; x_wconf 84' lang='grc' dir='ltr'>μάρτυρας·</span> <span class='ocrx_word' id='word_1_611' title='bbox 429 2081 462 2108; x_wconf 85' lang='grc' dir='ltr'>ᾶν</span> <span class='ocrx_word' id='word_1_612' title='bbox 479 2090 524 2116; x_wconf 90' lang='grc' dir='ltr'><strong>μοι</strong></span> <span class='ocrx_word' id='word_1_613' title='bbox 538 2081 584 2107; x_wconf 80' lang='grc' dir='ltr'>καὶ</span> <span class='ocrx_word' id='word_1_614' title='bbox 596 2081 642 2107; x_wconf 80' lang='grc' dir='ltr'>τὸν</span> <span class='ocrx_word' id='word_1_615' title='bbox 657 2080 790 2116; x_wconf 82' lang='grc' dir='ltr'>προδότην</span> <span class='ocrx_word' id='word_1_616' title='bbox 803 2080 887 2116; x_wconf 80' lang='grc' dir='ltr'>δείξῃ,</span> <span class='ocrx_word' id='word_1_617' title='bbox 901 2081 950 2107; x_wconf 70' lang='grc' dir='ltr'><strong>κα)⁵</strong></span> 
     </span>
    </p>
   </div>
   <div class='ocr_carea' id='block_1_82' title="bbox 157 2123 950 2162">
    <p class='ocr_par' dir='ltr' id='par_1_82' title="bbox 157 2123 950 2162">
     <span class='ocr_line' id='line_1_82' title="bbox 157 2123 950 2162; baseline -0.004 -7"><span class='ocrx_word' id='word_1_618' title='bbox 157 2129 207 2161; x_wconf 83' lang='grc' dir='ltr'>τὴν</span> <span class='ocrx_word' id='word_1_619' title='bbox 222 2128 400 2160; x_wconf 82' lang='grc' dir='ltr'>κουστωδίαν,</span> <span class='ocrx_word' id='word_1_620' title='bbox 417 2127 465 2153; x_wconf 80' lang='grc' dir='ltr'><strong>καὶ</strong></span> <span class='ocrx_word' id='word_1_621' title='bbox 488 2128 552 2158; x_wconf 71' lang='grc' dir='ltr'>τοὺς</span> <span class='ocrx_word' id='word_1_622' title='bbox 568 2126 729 2162; x_wconf 81' lang='grc' dir='ltr'>τυράννους,</span> <span class='ocrx_word' id='word_1_623' title='bbox 755 2126 857 2161; x_wconf 82' lang='grc' dir='ltr'>πολλὴν</span> <span class='ocrx_word' id='word_1_624' title='bbox 872 2123 950 2157; x_wconf 72' lang='grc' dir='ltr'>οὗτος</span> 
     </span>
    </p>
   </div>
   <div class='ocr_carea' id='block_1_83' title="bbox 157 2171 949 2208">
    <p class='ocr_par' dir='ltr' id='par_1_83' title="bbox 157 2171 949 2208">
     <span class='ocr_line' id='line_1_83' title="bbox 157 2171 949 2208; baseline -0.003 -8"><span class='ocrx_word' id='word_1_625' title='bbox 157 2174 207 2207; x_wconf 83' lang='grc' dir='ltr'>τὴν</span> <span class='ocrx_word' id='word_1_626' title='bbox 230 2173 363 2208; x_wconf 71' lang='grc' dir='ltr'>εὐθυμίαν</span> <span class='ocrx_word' id='word_1_627' title='bbox 389 2173 552 2208; x_wconf 72' lang='grc' dir='ltr'>χαρίσεταιθ</span> <span class='ocrx_word' id='word_1_628' title='bbox 579 2173 659 2207; x_wconf 81' lang='grc' dir='ltr'>μέχρι</span> <span class='ocrx_word' id='word_1_629' title='bbox 677 2172 698 2199; x_wconf 80' lang='grc' dir='ltr'>δ’</span> <span class='ocrx_word' id='word_1_630' title='bbox 713 2172 746 2199; x_wconf 83' lang='grc' dir='ltr'>ἂν</span> <span class='ocrx_word' id='word_1_631' title='bbox 766 2171 803 2207; x_wconf 86' lang='grc' dir='ltr'>μὴ</span> <span class='ocrx_word' id='word_1_632' title='bbox 828 2171 949 2206; x_wconf 81' lang='grc' dir='ltr'>φανῶσιν</span> 
     </span>
    </p>
   </div>
   <div class='ocr_carea' id='block_1_84' title="bbox 158 2215 949 2253">
    <p class='ocr_par' dir='ltr' id='par_1_84' title="bbox 158 2215 949 2253">
     <span class='ocr_line' id='line_1_84' title="bbox 158 2215 949 2253; baseline -0.001 -8"><span class='ocrx_word' id='word_1_633' title='bbox 158 2215 242 2249; x_wconf 73' lang='grc' dir='ltr'>οὗτοι,</span> <span class='ocrx_word' id='word_1_634' title='bbox 267 2218 338 2253; x_wconf 84' lang='grc' dir='ltr'>λόγῳ</span> <span class='ocrx_word' id='word_1_635' title='bbox 364 2218 490 2245; x_wconf 85' lang='grc' dir='ltr'>πλάττων</span> <span class='ocrx_word' id='word_1_636' title='bbox 505 2218 555 2253; x_wconf 83' lang='grc' dir='ltr'>τὴν</span> <span class='ocrx_word' id='word_1_637' title='bbox 583 2217 743 2252; x_wconf 80' lang='grc' dir='ltr'>ὁμοιότητα,</span> <span class='ocrx_word' id='word_1_638' title='bbox 772 2217 875 2252; x_wconf 83' lang='grc' dir='ltr'>ἀσθενῆ</span> <span class='ocrx_word' id='word_1_639' title='bbox 899 2217 949 2253; x_wconf 83' lang='grc' dir='ltr'>τὴν</span> 
     </span>
    </p>
   </div>
   <div class='ocr_carea' id='block_1_85' title="bbox 158 2263 949 2300">
    <p class='ocr_par' dir='ltr' id='par_1_85' title="bbox 158 2263 949 2300">
     <span class='ocr_line' id='line_1_85' title="bbox 158 2263 949 2300; baseline -0.003 -8"><span class='ocrx_word' id='word_1_640' title='bbox 158 2265 337 2300; x_wconf 69' lang='grc' dir='ltr'>παραμυθίαν</span> <span class='ocrx_word' id='word_1_641' title='bbox 356 2265 519 2300; x_wconf 81' lang='grc' dir='ltr'>παρέχεται.</span> <span class='ocrx_word' id='word_1_642' title='bbox 532 2264 563 2290; x_wconf 78' lang='grc' dir='ltr'><strong>Εἰ</strong></span> <span class='ocrx_word' id='word_1_643' title='bbox 577 2264 626 2298; x_wconf 82' lang='grc' dir='ltr'>μὲν</span> <span class='ocrx_word' id='word_1_644' title='bbox 641 2264 687 2290; x_wconf 75' lang='grc' dir='ltr'>οὖν</span> <span class='ocrx_word' id='word_1_645' title='bbox 703 2264 833 2291; x_wconf 82' lang='grc' dir='ltr'>πλειόνων</span> <span class='ocrx_word' id='word_1_646' title='bbox 848 2263 949 2299; x_wconf 76' lang='grc' dir='ltr'>ξεσμά-</span> 
     </span>
    </p>
   </div>
   <div class='ocr_carea' id='block_1_86' title="bbox 157 2310 950 2346">
    <p class='ocr_par' dir='ltr' id='par_1_86' title="bbox 157 2310 950 2346">
     <span class='ocr_line' id='line_1_86' title="bbox 157 2310 950 2346; baseline -0.003 -9"><span class='ocrx_word' id='word_1_647' title='bbox 157 2320 212 2337; x_wconf 87' lang='grc' dir='ltr'><strong>των</strong></span> <span class='ocrx_word' id='word_1_648' title='bbox 228 2311 269 2337; x_wconf 79' lang='grc' dir='ltr'><strong>ἑτι</strong></span> <span class='ocrx_word' id='word_1_649' title='bbox 284 2311 332 2337; x_wconf 82' lang='grc' dir='ltr'>καὶ</span> <span class='ocrx_word' id='word_1_650' title='bbox 357 2310 547 2346; x_wconf 83' lang='grc' dir='ltr'>χωνευτηρίων</span> <span class='ocrx_word' id='word_1_651' title='bbox 562 2310 576 2335; x_wconf 77' lang='grc' dir='ltr'>ὁ</span> <span class='ocrx_word' id='word_1_652' title='bbox 595 2310 729 2346; x_wconf 77' lang='grc' dir='ltr'>ἡμέτερος</span> <span class='ocrx_word' id='word_1_653' title='bbox 747 2310 860 2344; x_wconf 75' lang='grc' dir='ltr'>ἀνδριὰς</span> <span class='ocrx_word' id='word_1_654' title='bbox 880 2310 950 2345; x_wconf 81' lang='grc' dir='ltr'>πρὸς</span> 
     </span>
    </p>
   </div>
   <div class='ocr_carea' id='block_1_87' title="bbox 158 2356 949 2391">
    <p class='ocr_par' dir='ltr' id='par_1_87' title="bbox 158 2356 949 2391">
     <span class='ocr_line' id='line_1_87' title="bbox 158 2356 949 2391; baseline -0.003 -7"><span class='ocrx_word' id='word_1_655' title='bbox 158 2357 292 2391; x_wconf 80' lang='grc' dir='ltr'>κάθαρσιν</span> <span class='ocrx_word' id='word_1_656' title='bbox 307 2358 403 2389; x_wconf 84' lang='grc' dir='ltr'>δεῖται,</span> <span class='ocrx_word' id='word_1_657' title='bbox 431 2358 479 2384; x_wconf 81' lang='grc' dir='ltr'><strong>καὶ</strong></span> <span class='ocrx_word' id='word_1_658' title='bbox 507 2356 612 2388; x_wconf 86' lang='grc' dir='ltr'>ξυέσθω</span> <span class='ocrx_word' id='word_1_659' title='bbox 626 2356 674 2382; x_wconf 81' lang='grc' dir='ltr'>καὶ</span> <span class='ocrx_word' id='word_1_660' title='bbox 697 2356 823 2391; x_wconf 78' lang='grc' dir='ltr'>τηκέσθω</span> <span class='ocrx_word' id='word_1_661' title='bbox 837 2356 883 2382; x_wconf 82' lang='grc' dir='ltr'><strong>καὶ</strong></span> <span class='ocrx_word' id='word_1_662' title='bbox 894 2365 949 2391; x_wconf 90' lang='grc' dir='ltr'>χω-</span> 
     </span>
    </p>
   </div>
   <div class='ocr_carea' id='block_1_88' title="bbox 159 2401 950 2439">
    <p class='ocr_par' dir='ltr' id='par_1_88' title="bbox 159 2401 950 2439">
     <span class='ocr_line' id='line_1_88' title="bbox 159 2401 950 2439; baseline -0.001 -10"><span class='ocrx_word' id='word_1_663' title='bbox 159 2403 288 2434; x_wconf 82' lang='grc' dir='ltr'>νευέσθω,</span> <span class='ocrx_word' id='word_1_664' title='bbox 301 2403 420 2439; x_wconf 82' lang='grc' dir='ltr'>Χριστοῦ</span> <span class='ocrx_word' id='word_1_665' title='bbox 433 2403 552 2434; x_wconf 79' lang='grc' dir='ltr'>διδόντος</span> <span class='ocrx_word' id='word_1_666' title='bbox 563 2402 715 2438; x_wconf 83' lang='grc' dir='ltr'>ὑπομονὴν,</span> <span class='ocrx_word' id='word_1_667' title='bbox 725 2402 773 2428; x_wconf 80' lang='grc' dir='ltr'><strong>καὶ</strong></span> <span class='ocrx_word' id='word_1_668' title='bbox 781 2403 814 2438; x_wconf 82' lang='grc' dir='ltr'>τῇ</span> <span class='ocrx_word' id='word_1_669' title='bbox 822 2401 950 2437; x_wconf 73' lang='grc' dir='ltr'>ἀσθενείᾳ</span> 
     </span>
    </p>
   </div>
   <div class='ocr_carea' id='block_1_89' title="bbox 158 2448 947 2485">
    <p class='ocr_par' dir='ltr' id='par_1_89' title="bbox 158 2448 947 2485">
     <span class='ocr_line' id='line_1_89' title="bbox 158 2448 947 2485; baseline -0.001 -10"><span class='ocrx_word' id='word_1_670' title='bbox 158 2450 209 2484; x_wconf 75' lang='grc' dir='ltr'>τῆς</span> <span class='ocrx_word' id='word_1_671' title='bbox 225 2450 333 2484; x_wconf 79' lang='grc' dir='ltr'>φύσεως</span> <span class='ocrx_word' id='word_1_672' title='bbox 360 2450 410 2485; x_wconf 86' lang='grc' dir='ltr'>τὴν</span> <span class='ocrx_word' id='word_1_673' title='bbox 427 2450 544 2485; x_wconf 84' lang='grc' dir='ltr'>βάσανον</span> <span class='ocrx_word' id='word_1_674' title='bbox 575 2448 808 2483; x_wconf 81' lang='grc' dir='ltr'>συμμετροῦντος.</span> <span class='ocrx_word' id='word_1_675' title='bbox 839 2448 870 2474; x_wconf 82' lang='grc' dir='ltr'><strong>Εἰ</strong></span> <span class='ocrx_word' id='word_1_676' title='bbox 891 2448 913 2474; x_wconf 85' lang='grc' dir='ltr'>δ’</span> <span class='ocrx_word' id='word_1_677' title='bbox 931 2449 947 2483; x_wconf 79' lang='grc' dir='ltr'><strong>ἡ</strong></span> 
     </span>
    </p>
   </div>
   <div class='ocr_carea' id='block_1_90' title="bbox 158 2493 947 2531">
    <p class='ocr_par' dir='ltr' id='par_1_90' title="bbox 158 2493 947 2531">
     <span class='ocr_line' id='line_1_90' title="bbox 158 2493 947 2531; baseline -0.003 -9"><span class='ocrx_word' id='word_1_678' title='bbox 158 2496 297 2531; x_wconf 83' lang='grc' dir='ltr'>ὑπερϐολὴ</span> <span class='ocrx_word' id='word_1_679' title='bbox 317 2495 371 2522; x_wconf 85' lang='grc' dir='ltr'><strong>τῶν</strong></span> <span class='ocrx_word' id='word_1_680' title='bbox 391 2496 529 2523; x_wconf 82' lang='grc' dir='ltr'>κολάσεων</span> <span class='ocrx_word' id='word_1_681' title='bbox 550 2495 646 2530; x_wconf 82' lang='grc' dir='ltr'>φθάνει</span> <span class='ocrx_word' id='word_1_682' title='bbox 671 2495 820 2522; x_wconf 71' lang='grc' dir='ltr'>δαπανῶσα</span> <span class='ocrx_word' id='word_1_683' title='bbox 836 2494 884 2530; x_wconf 84' lang='grc' dir='ltr'>τὴν</span> <span class='ocrx_word' id='word_1_684' title='bbox 900 2493 947 2521; x_wconf 90' lang='grc' dir='ltr'>δύ-</span> 
     </span>
    </p>
   </div>
   <div class='ocr_carea' id='block_1_91' title="bbox 158 2541 949 2578">
    <p class='ocr_par' dir='ltr' id='par_1_91' title="bbox 158 2541 949 2578">
     <span class='ocr_line' id='line_1_91' title="bbox 158 2541 949 2578; baseline -0.003 -9"><span class='ocrx_word' id='word_1_685' title='bbox 158 2551 242 2576; x_wconf 87' lang='grc' dir='ltr'>ναμιν</span> <span class='ocrx_word' id='word_1_686' title='bbox 254 2543 314 2577; x_wconf 77' lang='grc' dir='ltr'><strong>(οὐκ</strong></span> <span class='ocrx_word' id='word_1_687' title='bbox 329 2543 395 2577; x_wconf 79' lang='grc' dir='ltr'>ἐμὸν</span> <span class='ocrx_word' id='word_1_688' title='bbox 407 2543 462 2578; x_wconf 82' lang='grc' dir='ltr'><strong>γὰρ</strong></span> <span class='ocrx_word' id='word_1_689' title='bbox 475 2543 564 2569; x_wconf 80' lang='grc' dir='ltr'>εἰπεῖν</span> <span class='ocrx_word' id='word_1_690' title='bbox 574 2543 597 2568; x_wconf 84' lang='grc' dir='ltr'>εὶ</span> <span class='ocrx_word' id='word_1_691' title='bbox 609 2541 788 2578; x_wconf 77' lang='grc' dir='ltr'>κεκάθαρται)</span> <span class='ocrx_word' id='word_1_692' title='bbox 802 2542 815 2567; x_wconf 83' lang='grc' dir='ltr'><strong>ὁ</strong></span> <span class='ocrx_word' id='word_1_693' title='bbox 826 2541 949 2575; x_wconf 81' lang='grc' dir='ltr'>πλάστης</span> 
     </span>
    </p>
   </div>
   <div class='ocr_carea' id='block_1_92' title="bbox 159 2587 949 2625">
    <p class='ocr_par' dir='ltr' id='par_1_92' title="bbox 159 2587 949 2625">
     <span class='ocr_line' id='line_1_92' title="bbox 159 2587 949 2625; baseline -0.001 -10"><span class='ocrx_word' id='word_1_694' title='bbox 159 2590 247 2625; x_wconf 79' lang='grc' dir='ltr'>ρυέτω</span> <span class='ocrx_word' id='word_1_695' title='bbox 271 2589 302 2615; x_wconf 79' lang='grc' dir='ltr'>τὸ</span> <span class='ocrx_word' id='word_1_696' title='bbox 328 2589 442 2624; x_wconf 76' lang='grc' dir='ltr'>πλάσμα</span> <span class='ocrx_word' id='word_1_697' title='bbox 456 2589 506 2624; x_wconf 84' lang='grc' dir='ltr'><strong>τῆς</strong></span> <span class='ocrx_word' id='word_1_698' title='bbox 532 2589 669 2624; x_wconf 83' lang='grc' dir='ltr'>βασάνου,</span> <span class='ocrx_word' id='word_1_699' title='bbox 685 2589 732 2614; x_wconf 81' lang='grc' dir='ltr'>καὶ</span> <span class='ocrx_word' id='word_1_700' title='bbox 753 2587 849 2623; x_wconf 64' lang='grc' dir='ltr'>μηδεὶς</span> <span class='ocrx_word' id='word_1_701' title='bbox 870 2588 949 2622; x_wconf 86' lang='grc' dir='ltr'>ἡμῶν</span> 
     </span>
    </p>
   </div>
   <div class='ocr_carea' id='block_1_93' title="bbox 156 2633 946 2670">
    <p class='ocr_par' dir='ltr' id='par_1_93' title="bbox 156 2633 946 2670">
     <span class='ocr_line' id='line_1_93' title="bbox 156 2633 946 2670; baseline -0.001 -10"><span class='ocrx_word' id='word_1_702' title='bbox 156 2635 240 2661; x_wconf 70' lang='grc' dir='ltr'>ἕνεκα</span> <span class='ocrx_word' id='word_1_703' title='bbox 267 2634 378 2669; x_wconf 80' lang='grc' dir='ltr'>ὀφθήτω</span> <span class='ocrx_word' id='word_1_704' title='bbox 406 2635 475 2669; x_wconf 89' lang='grc' dir='ltr'>μήτε</span> <span class='ocrx_word' id='word_1_705' title='bbox 503 2634 658 2670; x_wconf 79' lang='grc' dir='ltr'>προδότης,</span> <span class='ocrx_word' id='word_1_706' title='bbox 684 2634 754 2669; x_wconf 78' lang='grc' dir='ltr'>μήτε</span> <span class='ocrx_word' id='word_1_707' title='bbox 783 2633 946 2665; x_wconf 80' lang='grc' dir='ltr'>κουστωδία,</span> 
     </span>
    </p>
   </div>
   <div class='ocr_carea' id='block_1_94' title="bbox 160 2679 951 2716">
    <p class='ocr_par' dir='ltr' id='par_1_94' title="bbox 160 2679 951 2716">
     <span class='ocr_line' id='line_1_94' title="bbox 160 2679 951 2716; baseline -0.001 -9"><span class='ocrx_word' id='word_1_708' title='bbox 160 2681 230 2715; x_wconf 86' lang='grc' dir='ltr'>μήτε</span> <span class='ocrx_word' id='word_1_709' title='bbox 245 2681 376 2716; x_wconf 86' lang='grc' dir='ltr'>τύραννος</span> <span class='ocrx_word' id='word_1_710' title='bbox 386 2689 393 2696; x_wconf 87' lang='grc'><strong>·</strong></span> <span class='ocrx_word' id='word_1_711' title='bbox 409 2681 504 2715; x_wconf 78' lang='grc' dir='ltr'>εἴησαν</span> <span class='ocrx_word' id='word_1_712' title='bbox 521 2681 550 2707; x_wconf 83' lang='grc' dir='ltr'>δὲ</span> <span class='ocrx_word' id='word_1_713' title='bbox 564 2680 665 2712; x_wconf 81' lang='grc' dir='ltr'>πάντες</span> <span class='ocrx_word' id='word_1_714' title='bbox 674 2679 799 2706; x_wconf 79' lang='grc' dir='ltr'>ἐκλεκτοὶ</span> <span class='ocrx_word' id='word_1_715' title='bbox 814 2679 883 2706; x_wconf 84' lang='grc' dir='ltr'>Θεοῦ</span> <span class='ocrx_word' id='word_1_716' title='bbox 903 2688 951 2706; x_wconf 87' lang='grc' dir='ltr'><strong>και</strong></span> 
     </span>
    </p>
   </div>
   <div class='ocr_carea' id='block_1_95' title="bbox 158 2724 497 2760">
    <p class='ocr_par' dir='ltr' id='par_1_95' title="bbox 158 2724 497 2760">
     <span class='ocr_line' id='line_1_95' title="bbox 158 2724 497 2760; baseline 0.003 -9"><span class='ocrx_word' id='word_1_717' title='bbox 158 2725 207 2759; x_wconf 86' lang='grc' dir='ltr'>τῆς</span> <span class='ocrx_word' id='word_1_718' title='bbox 221 2725 277 2752; x_wconf 79' lang='grc' dir='ltr'>ἄνω</span> <span class='ocrx_word' id='word_1_719' title='bbox 287 2724 366 2760; x_wconf 80' lang='grc' dir='ltr'>δόξης</span> <span class='ocrx_word' id='word_1_720' title='bbox 380 2725 497 2757; x_wconf 77' lang='grc' dir='ltr'>ἐπάξιοι.</span> 
     </span>
    </p>
   </div>
   <div class='ocr_carea' id='block_1_96' title="bbox 1040 1989 1793 2025">
    <p class='ocr_par' dir='ltr' id='par_1_96' title="bbox 1040 1989 1793 2025">
     <span class='ocr_line' id='line_1_96' title="bbox 1040 1989 1793 2025; baseline 0.001 -9"><span class='ocrx_word' id='word_1_721' title='bbox 1040 1990 1093 2017; x_wconf 83' lang='lat' dir='ltr'><strong>Sed</strong></span> <span class='ocrx_word' id='word_1_722' title='bbox 1113 1989 1232 2022; x_wconf 89' lang='lat' dir='ltr'><strong>dicetur,</strong></span> <span class='ocrx_word' id='word_1_723' title='bbox 1247 1990 1471 2025; x_wconf 86' lang='lat' dir='ltr'><strong>despondendum</strong></span> <span class='ocrx_word' id='word_1_724' title='bbox 1487 1997 1542 2017; x_wconf 92' lang='lat' dir='ltr'><strong>non</strong></span> <span class='ocrx_word' id='word_1_725' title='bbox 1561 1997 1624 2018; x_wconf 80' lang='lat' dir='ltr'><strong>esse</strong></span> <span class='ocrx_word' id='word_1_726' title='bbox 1652 1989 1793 2023; x_wconf 78' lang='lat' dir='ltr'><strong>animum;</strong></span> 
     </span>
    </p>
   </div>
   <div class='ocr_carea' id='block_1_97' title="bbox 1003 2035 1794 2071">
    <p class='ocr_par' dir='ltr' id='par_1_97' title="bbox 1003 2035 1794 2071">
     <span class='ocr_line' id='line_1_97' title="bbox 1003 2035 1794 2071; baseline 0.003 -9"><span class='ocrx_word' id='word_1_727' title='bbox 1003 2035 1103 2063; x_wconf 85' lang='lat' dir='ltr'><strong>Christi</strong></span> <span class='ocrx_word' id='word_1_728' title='bbox 1120 2036 1188 2063; x_wconf 91' lang='lat' dir='ltr'><strong>mihi</strong></span> <span class='ocrx_word' id='word_1_729' title='bbox 1208 2035 1365 2070; x_wconf 83' lang='lat' dir='ltr'><strong>passiones,</strong></span> <span class='ocrx_word' id='word_1_730' title='bbox 1389 2036 1490 2064; x_wconf 89' lang='lat' dir='ltr'><strong>Christi</strong></span> <span class='ocrx_word' id='word_1_731' title='bbox 1519 2036 1674 2071; x_wconf 83' lang='lat' dir='ltr'><strong>exemplum</strong></span> <span class='ocrx_word' id='word_1_732' title='bbox 1691 2044 1794 2071; x_wconf 67' lang='lat' dir='ltr'><strong>reprae-</strong></span> 
     </span>
    </p>
   </div>
   <div class='ocr_carea' id='block_1_98' title="bbox 1004 2081 1791 2116">
    <p class='ocr_par' dir='ltr' id='par_1_98' title="bbox 1004 2081 1791 2116">
     <span class='ocr_line' id='line_1_98' title="bbox 1004 2081 1791 2116; baseline -0.001 -8"><span class='ocrx_word' id='word_1_733' title='bbox 1004 2081 1133 2114; x_wconf 88' lang='lat' dir='ltr'><strong>sentabit,</strong></span> <span class='ocrx_word' id='word_1_734' title='bbox 1149 2086 1176 2108; x_wconf 91' lang='lat' dir='ltr'><strong>et</strong></span> <span class='ocrx_word' id='word_1_735' title='bbox 1188 2082 1347 2116; x_wconf 83' lang='lat' dir='ltr'><strong>martyrium</strong></span> <span class='ocrx_word' id='word_1_736' title='bbox 1358 2081 1403 2116; x_wconf 90' lang='lat' dir='ltr'><strong>qui</strong></span> <span class='ocrx_word' id='word_1_737' title='bbox 1415 2085 1527 2116; x_wconf 89' lang='lat' dir='ltr'><strong>propter</strong></span> <span class='ocrx_word' id='word_1_738' title='bbox 1541 2081 1618 2108; x_wconf 93' lang='lat' dir='ltr'><strong>illum</strong></span> <span class='ocrx_word' id='word_1_739' title='bbox 1629 2081 1791 2108; x_wconf 88' lang='lat' dir='ltr'><strong>tolerarunt.</strong></span> 
     </span>
    </p>
   </div>
   <div class='ocr_carea' id='block_1_99' title="bbox 1004 2127 1794 2162">
    <p class='ocr_par' dir='ltr' id='par_1_99' title="bbox 1004 2127 1794 2162">
     <span class='ocr_line' id='line_1_99' title="bbox 1004 2127 1794 2162; baseline 0.001 -8"><span class='ocrx_word' id='word_1_740' title='bbox 1004 2127 1085 2154; x_wconf 90' lang='lat' dir='ltr'><strong>Certe</strong></span> <span class='ocrx_word' id='word_1_741' title='bbox 1098 2128 1119 2155; x_wconf 93' lang='lat' dir='ltr'><strong>si</strong></span> <span class='ocrx_word' id='word_1_742' title='bbox 1139 2128 1206 2155; x_wconf 81' lang='lat' dir='ltr'><strong>mihi</strong></span> <span class='ocrx_word' id='word_1_743' title='bbox 1231 2128 1398 2162; x_wconf 89' lang='lat' dir='ltr'><strong>proditorem</strong></span> <span class='ocrx_word' id='word_1_744' title='bbox 1425 2128 1469 2156; x_wconf 87' lang='lat' dir='ltr'><strong>hic</strong></span> <span class='ocrx_word' id='word_1_745' title='bbox 1493 2128 1637 2160; x_wconf 84' lang='lat' dir='ltr'><strong>exhibeat,</strong></span> <span class='ocrx_word' id='word_1_746' title='bbox 1653 2128 1676 2155; x_wconf 89' lang='lat' dir='ltr'><strong>si</strong></span> <span class='ocrx_word' id='word_1_747' title='bbox 1700 2133 1794 2155; x_wconf 88' lang='lat' dir='ltr'><strong>custo-</strong></span> 
     </span>
    </p>
   </div>
   <div class='ocr_carea' id='block_1_100' title="bbox 1003 2172 1793 2208">
    <p class='ocr_par' dir='ltr' id='par_1_100' title="bbox 1003 2172 1793 2208">
     <span class='ocr_line' id='line_1_100' title="bbox 1003 2172 1793 2208; baseline 0 -8"><span class='ocrx_word' id='word_1_748' title='bbox 1003 2173 1087 2205; x_wconf 88' lang='lat' dir='ltr'><strong>diam,</strong></span> <span class='ocrx_word' id='word_1_749' title='bbox 1099 2175 1122 2200; x_wconf 89' lang='lat' dir='ltr'><strong>si</strong></span> <span class='ocrx_word' id='word_1_750' title='bbox 1138 2178 1278 2208; x_wconf 87' lang='lat' dir='ltr'><strong>tyrannos,</strong></span> <span class='ocrx_word' id='word_1_751' title='bbox 1292 2173 1405 2200; x_wconf 86' lang='lat' dir='ltr'><strong>multam</strong></span> <span class='ocrx_word' id='word_1_752' title='bbox 1423 2173 1468 2200; x_wconf 88' lang='lat' dir='ltr'><strong>ille</strong></span> <span class='ocrx_word' id='word_1_753' title='bbox 1485 2172 1615 2208; x_wconf 81' lang='lat' dir='ltr'><strong>largietur</strong></span> <span class='ocrx_word' id='word_1_754' title='bbox 1629 2173 1793 2201; x_wconf 89' lang='lat' dir='ltr'><strong>consolatio-</strong></span> 
     </span>
    </p>
   </div>
   <div class='ocr_carea' id='block_1_101' title="bbox 1003 2219 1794 2254">
    <p class='ocr_par' dir='ltr' id='par_1_101' title="bbox 1003 2219 1794 2254">
     <span class='ocr_line' id='line_1_101' title="bbox 1003 2219 1794 2254; baseline 0.003 -9"><span class='ocrx_word' id='word_1_755' title='bbox 1003 2226 1079 2246; x_wconf 86' lang='lat' dir='ltr'><strong>nem.</strong></span> <span class='ocrx_word' id='word_1_756' title='bbox 1099 2219 1134 2246; x_wconf 89' lang='lat' dir='ltr'><strong>At</strong></span> <span class='ocrx_word' id='word_1_757' title='bbox 1149 2219 1271 2254; x_wconf 89' lang='lat' dir='ltr'><strong>quandiu</strong></span> <span class='ocrx_word' id='word_1_758' title='bbox 1286 2227 1421 2254; x_wconf 87' lang='lat' dir='ltr'><strong>nusquam</strong></span> <span class='ocrx_word' id='word_1_759' title='bbox 1435 2223 1567 2254; x_wconf 86' lang='lat' dir='ltr'><strong>apparent</strong></span> <span class='ocrx_word' id='word_1_760' title='bbox 1583 2219 1639 2252; x_wconf 88' lang='lat' dir='ltr'><strong>isti,</strong></span> <span class='ocrx_word' id='word_1_761' title='bbox 1653 2220 1700 2254; x_wconf 92' lang='lat' dir='ltr'><strong>qui</strong></span> <span class='ocrx_word' id='word_1_762' title='bbox 1716 2220 1794 2247; x_wconf 87' lang='lat' dir='ltr'><strong>simi—</strong></span> 
     </span>
    </p>
   </div>
   <div class='ocr_carea' id='block_1_102' title="bbox 1000 2264 1793 2300">
    <p class='ocr_par' dir='ltr' id='par_1_102' title="bbox 1000 2264 1793 2300">
     <span class='ocr_line' id='line_1_102' title="bbox 1000 2264 1793 2300; baseline 0.003 -9"><span class='ocrx_word' id='word_1_763' title='bbox 1000 2264 1146 2292; x_wconf 85' lang='lat' dir='ltr'><strong>litudinem</strong></span> <span class='ocrx_word' id='word_1_764' title='bbox 1165 2273 1292 2292; x_wconf 90' lang='lat' dir='ltr'><strong>sermone</strong></span> <span class='ocrx_word' id='word_1_765' title='bbox 1304 2273 1354 2293; x_wconf 88' lang='lat' dir='ltr'><strong>suo</strong></span> <span class='ocrx_word' id='word_1_766' title='bbox 1382 2265 1487 2300; x_wconf 77' lang='lat' dir='ltr'><strong>afﬁngit</strong></span> <span class='ocrx_word' id='word_1_767' title='bbox 1501 2265 1639 2292; x_wconf 86' lang='lat' dir='ltr'><strong>infirmum</strong></span> <span class='ocrx_word' id='word_1_768' title='bbox 1665 2265 1793 2293; x_wconf 88' lang='lat' dir='ltr'><strong>solatium</strong></span> 
     </span>
    </p>
   </div>
   <div class='ocr_carea' id='block_1_103' title="bbox 1002 2311 1792 2347">
    <p class='ocr_par' dir='ltr' id='par_1_103' title="bbox 1002 2311 1792 2347">
     <span class='ocr_line' id='line_1_103' title="bbox 1002 2311 1792 2347; baseline 0 -9"><span class='ocrx_word' id='word_1_769' title='bbox 1002 2311 1153 2338; x_wconf 86' lang='lat' dir='ltr'><strong>exhibebit.</strong></span> <span class='ocrx_word' id='word_1_770' title='bbox 1179 2311 1256 2344; x_wconf 88' lang='lat' dir='ltr'><strong>Quod</strong></span> <span class='ocrx_word' id='word_1_771' title='bbox 1274 2312 1297 2339; x_wconf 88' lang='lat' dir='ltr'><strong>si</strong></span> <span class='ocrx_word' id='word_1_772' title='bbox 1312 2316 1403 2339; x_wconf 87' lang='lat' dir='ltr'><strong>autem</strong></span> <span class='ocrx_word' id='word_1_773' title='bbox 1418 2316 1513 2338; x_wconf 87' lang='lat' dir='ltr'><strong>nostra</strong></span> <span class='ocrx_word' id='word_1_774' title='bbox 1531 2311 1582 2338; x_wconf 88' lang='lat' dir='ltr'><strong>ista</strong></span> <span class='ocrx_word' id='word_1_775' title='bbox 1598 2315 1688 2339; x_wconf 89' lang='lat' dir='ltr'><strong>statua</strong></span> <span class='ocrx_word' id='word_1_776' title='bbox 1705 2312 1792 2347; x_wconf 88' lang='lat' dir='ltr'><strong>pluri-</strong></span> 
     </span>
    </p>
   </div>
   <div class='ocr_carea' id='block_1_104' title="bbox 1004 2356 1794 2392">
    <p class='ocr_par' dir='ltr' id='par_1_104' title="bbox 1004 2356 1794 2392">
     <span class='ocr_line' id='line_1_104' title="bbox 1004 2356 1794 2392; baseline 0.003 -9"><span class='ocrx_word' id='word_1_777' title='bbox 1004 2356 1100 2383; x_wconf 84' lang='lat' dir='ltr'><strong>fariam</strong></span> <span class='ocrx_word' id='word_1_778' title='bbox 1115 2357 1204 2385; x_wconf 88' lang='lat' dir='ltr'><strong>adhuc</strong></span> <span class='ocrx_word' id='word_1_779' title='bbox 1215 2357 1334 2385; x_wconf 84' lang='lat' dir='ltr'><strong>radenda</strong></span> <span class='ocrx_word' id='word_1_780' title='bbox 1356 2357 1450 2390; x_wconf 89' lang='lat' dir='ltr'><strong>fuerit,</strong></span> <span class='ocrx_word' id='word_1_781' title='bbox 1466 2362 1523 2389; x_wconf 88' lang='lat' dir='ltr'><strong>aut,</strong></span> <span class='ocrx_word' id='word_1_782' title='bbox 1539 2362 1569 2384; x_wconf 93' lang='lat' dir='ltr'><strong>ut</strong></span> <span class='ocrx_word' id='word_1_783' title='bbox 1583 2358 1677 2392; x_wconf 90' lang='lat' dir='ltr'><strong>purior</strong></span> <span class='ocrx_word' id='word_1_784' title='bbox 1689 2357 1746 2390; x_wconf 75' lang='lat' dir='ltr'><strong>fiat,</strong></span> <span class='ocrx_word' id='word_1_785' title='bbox 1759 2358 1794 2385; x_wconf 86' lang='lat' dir='ltr'><strong>li—</strong></span> 
     </span>
    </p>
   </div>
   <div class='ocr_carea' id='block_1_105' title="bbox 1004 2402 1794 2438">
    <p class='ocr_par' dir='ltr' id='par_1_105' title="bbox 1004 2402 1794 2438">
     <span class='ocr_line' id='line_1_105' title="bbox 1004 2402 1794 2438; baseline 0.001 -9"><span class='ocrx_word' id='word_1_786' title='bbox 1004 2402 1184 2436; x_wconf 86' lang='lat' dir='ltr'><strong>qucfacienda</strong></span> <span class='ocrx_word' id='word_1_787' title='bbox 1213 2403 1263 2436; x_wconf 79' lang='lat' dir='ltr'><strong>sit;</strong></span> <span class='ocrx_word' id='word_1_788' title='bbox 1291 2403 1397 2434; x_wconf 88' lang='lat' dir='ltr'><strong>radant,</strong></span> <span class='ocrx_word' id='word_1_789' title='bbox 1413 2403 1601 2438; x_wconf 79' lang='lat' dir='ltr'><strong>liquefaciunt,</strong></span> <span class='ocrx_word' id='word_1_790' title='bbox 1616 2403 1752 2435; x_wconf 87' lang='lat' dir='ltr'><strong>conﬂent,</strong></span> <span class='ocrx_word' id='word_1_791' title='bbox 1769 2405 1794 2431; x_wconf 92' lang='lat' dir='ltr'><strong>si</strong></span> 
     </span>
    </p>
   </div>
   <div class='ocr_carea' id='block_1_106' title="bbox 1004 2449 1794 2484">
    <p class='ocr_par' dir='ltr' id='par_1_106' title="bbox 1004 2449 1794 2484">
     <span class='ocr_line' id='line_1_106' title="bbox 1004 2449 1794 2484; baseline 0.001 -7"><span class='ocrx_word' id='word_1_792' title='bbox 1004 2451 1100 2481; x_wconf 83' lang='lat' dir='ltr'><strong>velint,</strong></span> <span class='ocrx_word' id='word_1_793' title='bbox 1113 2450 1261 2478; x_wconf 93' lang='lat' dir='ltr'><strong>dummodo</strong></span> <span class='ocrx_word' id='word_1_794' title='bbox 1270 2449 1395 2477; x_wconf 87' lang='lat' dir='ltr'><strong>Christus</strong></span> <span class='ocrx_word' id='word_1_795' title='bbox 1416 2449 1571 2484; x_wconf 84' lang='lat' dir='ltr'><strong>suppeditet</strong></span> <span class='ocrx_word' id='word_1_796' title='bbox 1583 2449 1752 2484; x_wconf 87' lang='lat' dir='ltr'><strong>patientiam,</strong></span> <span class='ocrx_word' id='word_1_797' title='bbox 1764 2455 1794 2478; x_wconf 88' lang='lat' dir='ltr'><strong>et</strong></span> 
     </span>
    </p>
   </div>
   <div class='ocr_carea' id='block_1_107' title="bbox 1003 2495 1793 2530">
    <p class='ocr_par' dir='ltr' id='par_1_107' title="bbox 1003 2495 1793 2530">
     <span class='ocr_line' id='line_1_107' title="bbox 1003 2495 1793 2530; baseline -0.001 -7"><span class='ocrx_word' id='word_1_798' title='bbox 1003 2496 1153 2523; x_wconf 88' lang='lat' dir='ltr'><strong>secundum</strong></span> <span class='ocrx_word' id='word_1_799' title='bbox 1177 2496 1379 2530; x_wconf 88' lang='lat' dir='ltr'><strong>proportionem</strong></span> <span class='ocrx_word' id='word_1_800' title='bbox 1399 2495 1532 2522; x_wconf 86' lang='lat' dir='ltr'><strong>naturalis</strong></span> <span class='ocrx_word' id='word_1_801' title='bbox 1551 2501 1651 2523; x_wconf 55' lang='lat' dir='ltr'><strong>nostra</strong></span> <span class='ocrx_word' id='word_1_802' title='bbox 1676 2495 1793 2523; x_wconf 80' lang='lat' dir='ltr'><strong>inﬁrmi-</strong></span> 
     </span>
    </p>
   </div>
   <div class='ocr_carea' id='block_1_108' title="bbox 1003 2540 1792 2576">
    <p class='ocr_par' dir='ltr' id='par_1_108' title="bbox 1003 2540 1792 2576">
     <span class='ocr_line' id='line_1_108' title="bbox 1003 2540 1792 2576; baseline 0 -8"><span class='ocrx_word' id='word_1_803' title='bbox 1003 2542 1067 2568; x_wconf 87' lang='lat' dir='ltr'><strong>tatis</strong></span> <span class='ocrx_word' id='word_1_804' title='bbox 1089 2541 1268 2569; x_wconf 86' lang='lat' dir='ltr'><strong>tentationem</strong></span> <span class='ocrx_word' id='word_1_805' title='bbox 1288 2541 1473 2568; x_wconf 87' lang='lat' dir='ltr'><strong>admensuret.</strong></span> <span class='ocrx_word' id='word_1_806' title='bbox 1496 2540 1575 2574; x_wconf 90' lang='lat' dir='ltr'><strong>Quod</strong></span> <span class='ocrx_word' id='word_1_807' title='bbox 1601 2541 1624 2568; x_wconf 87' lang='lat' dir='ltr'><strong>si</strong></span> <span class='ocrx_word' id='word_1_808' title='bbox 1648 2548 1792 2576; x_wconf 84' lang='lat' dir='ltr'><strong>poenarum</strong></span> 
     </span>
    </p>
   </div>
   <div class='ocr_carea' id='block_1_109' title="bbox 1002 2587 1793 2625">
    <p class='ocr_par' dir='ltr' id='par_1_109' title="bbox 1002 2587 1793 2625">
     <span class='ocr_line' id='line_1_109' title="bbox 1002 2587 1793 2625; baseline -0.001 -10"><span class='ocrx_word' id='word_1_809' title='bbox 1002 2595 1134 2615; x_wconf 81' lang='lat' dir='ltr'><strong>excessus</strong></span> <span class='ocrx_word' id='word_1_810' title='bbox 1153 2587 1312 2622; x_wconf 83' lang='lat' dir='ltr'><strong>patientiam</strong></span> <span class='ocrx_word' id='word_1_811' title='bbox 1331 2587 1463 2622; x_wconf 85' lang='lat' dir='ltr'><strong>anticipet</strong></span> <span class='ocrx_word' id='word_1_812' title='bbox 1487 2591 1515 2614; x_wconf 90' lang='lat' dir='ltr'><strong>et</strong></span> <span class='ocrx_word' id='word_1_813' title='bbox 1540 2587 1667 2625; x_wconf 85' lang='lat' dir='ltr'><strong>absumat</strong></span> <span class='ocrx_word' id='word_1_814' title='bbox 1689 2587 1727 2621; x_wconf 88' lang='lat' dir='ltr'><strong>(in</strong></span> <span class='ocrx_word' id='word_1_815' title='bbox 1748 2595 1793 2614; x_wconf 89' lang='lat' dir='ltr'><strong>me</strong></span> 
     </span>
    </p>
   </div>
   <div class='ocr_carea' id='block_1_110' title="bbox 1004 2632 1793 2668">
    <p class='ocr_par' dir='ltr' id='par_1_110' title="bbox 1004 2632 1793 2668">
     <span class='ocr_line' id='line_1_110' title="bbox 1004 2632 1793 2668; baseline 0 -9"><span class='ocrx_word' id='word_1_816' title='bbox 1004 2633 1076 2659; x_wconf 88' lang='lat' dir='ltr'><strong>haud</strong></span> <span class='ocrx_word' id='word_1_817' title='bbox 1098 2638 1140 2659; x_wconf 89' lang='lat' dir='ltr'><strong>est</strong></span> <span class='ocrx_word' id='word_1_818' title='bbox 1153 2632 1234 2659; x_wconf 87' lang='lat' dir='ltr'><strong>situm</strong></span> <span class='ocrx_word' id='word_1_819' title='bbox 1251 2632 1386 2660; x_wconf 71' lang='lat' dir='ltr'><strong>affirmare</strong></span> <span class='ocrx_word' id='word_1_820' title='bbox 1399 2632 1472 2668; x_wconf 84' lang='lat' dir='ltr'><strong>quod</strong></span> <span class='ocrx_word' id='word_1_821' title='bbox 1490 2633 1631 2668; x_wconf 77' lang='lat' dir='ltr'><strong>purgatur)</strong></span> <span class='ocrx_word' id='word_1_822' title='bbox 1642 2654 1649 2665; x_wconf 88' lang='grc'><strong>,</strong></span> <span class='ocrx_word' id='word_1_823' title='bbox 1667 2632 1744 2659; x_wconf 86' lang='lat' dir='ltr'><strong>fictor</strong></span> <span class='ocrx_word' id='word_1_824' title='bbox 1761 2633 1793 2659; x_wconf 76' lang='lat' dir='ltr'><strong>ti—</strong></span> 
     </span>
    </p>
   </div>
   <div class='ocr_carea' id='block_1_111' title="bbox 1003 2678 1792 2714">
    <p class='ocr_par' dir='ltr' id='par_1_111' title="bbox 1003 2678 1792 2714">
     <span class='ocr_line' id='line_1_111' title="bbox 1003 2678 1792 2714; baseline -0.003 -8"><span class='ocrx_word' id='word_1_825' title='bbox 1003 2684 1143 2714; x_wconf 75' lang='lat' dir='ltr'><strong>gmentum</strong></span> <span class='ocrx_word' id='word_1_826' title='bbox 1156 2678 1190 2706; x_wconf 86' lang='lat' dir='ltr'><strong>de</strong></span> <span class='ocrx_word' id='word_1_827' title='bbox 1218 2679 1362 2706; x_wconf 90' lang='lat' dir='ltr'><strong>tormentis</strong></span> <span class='ocrx_word' id='word_1_828' title='bbox 1388 2679 1500 2710; x_wconf 89' lang='lat' dir='ltr'><strong>liberet,</strong></span> <span class='ocrx_word' id='word_1_829' title='bbox 1532 2686 1622 2713; x_wconf 87' lang='lat' dir='ltr'><strong>neque</strong></span> <span class='ocrx_word' id='word_1_830' title='bbox 1648 2678 1792 2712; x_wconf 83' lang='lat' dir='ltr'><strong>quisquam</strong></span> 
     </span>
    </p>
   </div>
   <div class='ocr_carea' id='block_1_112' title="bbox 1005 2722 1792 2760">
    <p class='ocr_par' dir='ltr' id='par_1_112' title="bbox 1005 2722 1792 2760">
     <span class='ocr_line' id='line_1_112' title="bbox 1005 2722 1792 2760; baseline -0.003 -8"><span class='ocrx_word' id='word_1_831' title='bbox 1005 2725 1119 2760; x_wconf 72' lang='lat' dir='ltr'><strong>optarim</strong></span> <span class='ocrx_word' id='word_1_832' title='bbox 1134 2732 1195 2752; x_wconf 89' lang='lat' dir='ltr'><strong>mea</strong></span> <span class='ocrx_word' id='word_1_833' title='bbox 1206 2732 1289 2752; x_wconf 86' lang='lat' dir='ltr'><strong>causa</strong></span> <span class='ocrx_word' id='word_1_834' title='bbox 1298 2725 1411 2752; x_wconf 71' lang='lat' dir='ltr'><strong>exsistat</strong></span> <span class='ocrx_word' id='word_1_835' title='bbox 1427 2725 1559 2760; x_wconf 87' lang='lat' dir='ltr'><strong>proditor,</strong></span> <span class='ocrx_word' id='word_1_836' title='bbox 1569 2723 1692 2751; x_wconf 79' lang='lat' dir='ltr'><strong>custodia</strong></span> <span class='ocrx_word' id='word_1_837' title='bbox 1707 2722 1792 2757; x_wconf 83' lang='lat' dir='ltr'><strong>nulla,</strong></span> 
     </span>
    </p>
   </div>
   <div class='ocr_carea' id='block_1_113' title="bbox 159 2773 1596 2811">
    <p class='ocr_par' dir='ltr' id='par_1_113' title="bbox 159 2773 1596 2811">
     <span class='ocr_line' id='line_1_113' title="bbox 159 2773 1596 2811; baseline 0.001 -11"><span class='ocrx_word' id='word_1_838' title='bbox 159 2775 251 2802; x_wconf 90' lang='lat' dir='ltr'><strong>nullus</strong></span> <span class='ocrx_word' id='word_1_839' title='bbox 266 2780 412 2809; x_wconf 85' lang='lat' dir='ltr'><strong>tyrannus;</strong></span> <span class='ocrx_word' id='word_1_840' title='bbox 429 2774 484 2802; x_wconf 91' lang='lat' dir='ltr'><strong>sint</strong></span> <span class='ocrx_word' id='word_1_841' title='bbox 499 2778 588 2801; x_wconf 87' lang='lat' dir='ltr'><strong>autem</strong></span> <span class='ocrx_word' id='word_1_842' title='bbox 604 2782 701 2802; x_wconf 85' lang='lat' dir='ltr'><strong>omnes</strong></span> <span class='ocrx_word' id='word_1_843' title='bbox 716 2783 731 2803; x_wconf 73' lang='grc' dir='ltr'><strong>ιι</strong></span> <span class='ocrx_word' id='word_1_844' title='bbox 745 2775 801 2804; x_wconf 87' lang='lat' dir='ltr'><strong>Deo</strong></span> <span class='ocrx_word' id='word_1_845' title='bbox 813 2775 903 2808; x_wconf 85' lang='lat' dir='ltr'><strong>electi,</strong></span> <span class='ocrx_word' id='word_1_846' title='bbox 922 2779 950 2801; x_wconf 93' lang='lat' dir='ltr'><strong>et</strong></span> <span class='ocrx_word' id='word_1_847' title='bbox 962 2774 1036 2808; x_wconf 79' lang='lat' dir='ltr'><strong>(ligni</strong></span> <span class='ocrx_word' id='word_1_848' title='bbox 1052 2774 1098 2809; x_wconf 87' lang='lat' dir='ltr'><strong>qui</strong></span> <span class='ocrx_word' id='word_1_849' title='bbox 1114 2781 1261 2810; x_wconf 85' lang='lat' dir='ltr'><strong>supernam</strong></span> <span class='ocrx_word' id='word_1_850' title='bbox 1273 2781 1453 2811; x_wconf 86' lang='lat' dir='ltr'><strong>assequamur</strong></span> <span class='ocrx_word' id='word_1_851' title='bbox 1472 2773 1596 2811; x_wconf 81' lang='lat' dir='ltr'><strong>gloriam.</strong></span> 
     </span>
    </p>
   </div>
   <div class='ocr_carea' id='block_1_114' title="bbox 196 2865 664 2902">
    <p class='ocr_par' dir='ltr' id='par_1_114' title="bbox 196 2865 664 2902">
     <span class='ocr_line' id='line_1_114' title="bbox 196 2865 664 2902; baseline 0.006 -10"><span class='ocrx_word' id='word_1_852' title='bbox 196 2869 208 2885; x_wconf 79' lang='grc'><strong><em>⁸</em></strong></span> <span class='ocrx_word' id='word_1_853' title='bbox 223 2865 266 2892; x_wconf 83' lang='grc' dir='ltr'><strong>ἰσ.</strong></span> <span class='ocrx_word' id='word_1_854' title='bbox 281 2867 381 2894; x_wconf 78' lang='grc' dir='ltr'>αὐτῶν.</span> <span class='ocrx_word' id='word_1_855' title='bbox 446 2865 458 2886; x_wconf 74' lang='grc' dir='ltr'><strong><em>ἀ</em></strong></span> <span class='ocrx_word' id='word_1_856' title='bbox 474 2867 492 2894; x_wconf 91' lang='lat' dir='ltr'><strong>l.</strong></span> <span class='ocrx_word' id='word_1_857' title='bbox 505 2866 664 2902; x_wconf 78' lang='grc' dir='ltr'>ὑπήνεγχοι.</span> 
     </span>
    </p>
   </div>
   <div class='ocr_carea' id='block_1_115' title="bbox 828 2831 1170 2862">
    <p class='ocr_par' dir='ltr' id='par_1_115' title="bbox 828 2831 1170 2862">
     <span class='ocr_line' id='line_1_115' title="bbox 828 2831 1170 2862; baseline 0.003 -3"><span class='ocrx_word' id='word_1_858' title='bbox 828 2832 946 2860; x_wconf 66' lang='lat' dir='ltr'><strong>VARI/8</strong></span> <span class='ocrx_word' id='word_1_859' title='bbox 967 2831 1170 2862; x_wconf 82' lang='lat' dir='ltr'><strong>LECTIONES.</strong></span> 
     </span>
    </p>
   </div>
  </div>
