1940 3087
151 165 201 197 6‘25

722 162 990 194 EPISTOLARUM
1010 162 1126 192 LIBER
1144 163 1168 192 Ι.

1709 164 1763 195 6’25

150 233 204 257 τον,
225 221 371 257 ἀπετμήθη
393 221 442 255 τὴν
457 220 592 254 γλῶσσαν,
606 219 653 246 καὶ
673 219 759 246 ταῦτα
783 219 932 255 ἱερωσύνην

994 219 1055 246 ione
1068 219 1147 254 digna
1166 218 1326 253 habeantur)
1339 219 1437 246 multas
1450 219 1529 246 simul
1541 224 1662 255 aggestas
1677 221 1764 247 mise—

151 269 240 305 φορῶν
250 277 258 285 ο
274 268 344 304 ὑπὲρ
358 264 388 294 οὗ
401 266 530 297 πολλάκις
544 264 726 301 ἐπρέσϐευσα,
741 265 810 300 ὑπὲρ
823 261 854 291 οὗ
871 264 933 290 πολ-

150 315 227 347 λάκις
241 313 419 348 ἐδυσώπησα,
439 311 508 347 ὑπὲρ
526 307 556 337 οὗ
578 311 592 336 ὁ
614 310 729 345 μάταιος
751 309 806 344 ἐγὼ
822 309 868 336 καὶ
884 310 932 344 ῥή-

152 369 223 396 ματα
245 358 377 390 ἀπαθείας
390 357 496 388 ἔλαϐον,
508 356 556 383 καὶ
567 357 591 383 οἱ
606 356 704 387 ἰδόντες
720 357 888 382 ἐπίστανται.
902 356 934 382 Εἰ

151 406 178 432 δὲ
202 405 248 432 καὶ
266 403 430 430 ἐπελάθοντο
453 398 537 433 οὗτοι,
561 401 591 428 τὸ
607 402 683 428 Θεῖον
706 401 756 427 οὐκ
774 400 932 427 ἐπελάθετο.

151 451 217 478 Ποία
238 450 331 477 λοιπὸν
355 450 433 481 ἐλπὶς
455 449 523 485 πρὸς
547 449 582 475 τὰ
608 448 703 483 ἄδηλα,
725 448 769 474 ὅτε
791 448 855 482 περὶ
880 446 934 474 τῶν

151 497 274 532 φανερῶν
291 497 339 523 καὶ
355 496 401 522 ὑπ’
417 496 477 531 δψιν
497 495 631 530 κειμένων
648 494 732 526 οὕτως
753 493 934 528 ἀποτυγχάνω

152 543 197 568 καὶ
212 541 411 576 διαπαίζομαις
429 540 487 571 πῶς
511 540 580 574 ὑπὲρ
598 538 749 574 ἁμαρτιῶν,
766 539 813 565 καὶ
840 538 933 574 ὑμῶν,

153 587 198 614 md.
210 587 258 613 τοῦ
273 586 348 619 λαοῦ,
363 585 535 622 πρεσϐεύσας
545 585 717 623 ἐξιλάσομαι,⁸
727 585 771 611 ὅτε
786 585 853 620 πρὸς
864 584 936 619 ὑμᾶς

153 634 222 669 ὑπὲρ
243 633 302 665 ἑνὸς
319 632 489 667 πρεσϐεύσας
505 631 591 662 οὕτως
607 631 736 663 ὲξὲπεσα,
751 629 824 658 οὕτω
847 638 933 665 παρε-

153 679 306 714 κρούσθηνς
319 678 413 705 Ταῦτα
425 676 550 713 δακρύων
566 677 661 712 αἱματι
676 676 795 711 ἔγραψα·
808 677 836 702 ὲν
851 676 892 702 σοί
906 675 935 702 δέ

153 726 210 752 ἐστι
226 725 256 751 τὺ
269 724 371 756 λοιπὸν,
386 724 402 759 ἢ
426 723 547 759 πρώτην,
571 723 588 758 ἢ
604 723 761 749 τελευταίαν
791 722 868 757 τήνδε
886 721 936 755 τὴν

154 770 296 805 ἐπιστολὴν
311 769 449 802 δέξασθαι.
471 767 542 801 Ἐγὼ
556 768 610 803 γὰρ
625 767 684 794 κατ’
699 767 814 793 ἐνώπιον
832 765 935 801 Κυρίου

154 815 238 849 λέγω,
251 815 288 847 ὡς
303 816 326 841 εἰ
339 810 425 846 οὕτως
435 815 507 841 ἐστὶν
518 815 582 849 ὑμῖν
593 813 692 844 σκοπὸς
704 814 733 840 ὲν
744 814 804 844 ταῖς
815 812 936 846 εὐλόγοις

158 860 236 895 ἡμῶν
244 860 356 891 ἱκεσίαις
372 860 417 886 καὶ
424 859 548 895 παρακλή
553 867 581 885 σε
586 867 625 885 σιν
634 857 854 893 παρακρούεσθαι
862 858 878 891 ὴ
884 857 936 892 μᾶς

155 907 200 933 καὶ
218 905 440 940 ἀποπέμπεσθαι·
456 905 502 931 καὶ
515 905 540 931 εί
554 904 591 940 μή
608 913 649 936 τις
666 905 779 939 γένηται
798 903 837 939 τῷ
853 903 937 938 ἀθλίῳ

155 951 251 986 ἐκείνῳ
259 951 304 977 τὸν
310 951 420 977 δυνατὸν
428 952 529 986 τρόπον
538 950 689 985 παραψυχὴ
695 950 743 976 καὶ
754 957 791 976 πα
795 949 880 984 ράκλη
885 957 938 982 σις,

155 996 216 1024 οὔτε
225 997 332 1032 γράψω,
343 996 404 1023 οὕτε
410 996 496 1028 ἄλλως
507 1004 564 1027 πως
573 996 720 1030 ἐνοχλήσω,
732 995 789 1021 ἀλλ’
798 994 937 1030 ὴσυχάσω,

156 1043 272 1078 ὲμαυτδν
289 1043 457 1074 ἐπισκοπῶν,
473 1042 521 1069 καὶ
533 1041 567 1067 τὰ
586 1040 704 1076 ἐμαυτοῦ
719 1041 889 1076 ὀδυρόμενος.
908 1041 939 1066 Et

155 1089 209 1124 γὰρ
227 1089 295 1124 μετὰ
311 1089 364 1115 τῶν
379 1087 582 1124 καθημερινῶν,
596 1087 650 1113 τῶν
672 1086 770 1118 ἔξωθεν
791 1087 857 1121 ἡμῖν
873 1087 940 1112 ἀνα-

157 1135 325 1170 φυσωμένων
351 1135 514 1170 πειρασμῶν
535 1134 581 1160 καὶ
598 1134 786 1168 περιστάσεων
798 1153 804 1165 ,
822 1133 869 1158 καὶ
890 1132 939 1167 τὴν

157 1180 251 1207 ἀθλίαν
280 1188 330 1214 μου
357 1178 552 1214 προσαπολέσω
578 1177 684 1212 ψυχὴν,
715 1174 878 1210 ἀθλιώτερος
906 1174 939 1201 ἂν

157 1226 215 1262 εἵην
229 1226 337 1252 πάντων
351 1224 512 1260 ἀνθρωπων.

984 267 1039 293 rias
1062 265 1173 301 pertulit
1192 275 1199 294 :
1223 265 1358 298 venditus,
1377 270 1404 293 et
1415 266 1574 294 verberibus
1597 273 1683 293 caasns
1712 271 1764 298 est,

985 311 1012 338 in
1027 319 1163 339 carcerem
1180 311 1289 339 demum
1301 312 1449 346 coniectus,
1468 317 1505 343 et,
1519 312 1589 347 quod
1601 312 1705 339 nullum
1722 320 1766 339 so-

985 356 1078 383 latium
1089 355 1217 388 admittit,
1229 355 1318 390 lingua
1351 356 1388 382 illi
1404 355 1624 389 exscindebatur,
1640 357 1766 391 quodque

984 401 1071 436 magis
1088 405 1130 429 est
1151 401 1302 436 indignum,
1316 409 1378 428 cum
1397 401 1523 428 sacerdos
1536 406 1608 429 esset
1622 409 1629 435 ;
1646 409 1695 436 pro
1721 402 1766 428 illo

986 446 1084 482 saepius
1111 446 1262 478 intercessi,
1281 446 1379 480 saapius
1395 447 1505 474 adhibui
1522 455 1626 482 preces,
1643 447 1670 474 in
1687 447 1767 481 cujus

985 500 1066 520 causa
1084 493 1164 520 verba
1182 497 1288 520 tantum
1299 492 1390 527 accepi
1415 499 1464 527 ego
1484 500 1569 520 vanus
1591 493 1650 520 sine
1665 493 1767 520 condo-

988 537 1080 565 lentize
1106 545 1199 570 sensu,
1215 537 1287 572 quod
1312 537 1435 564 videntes
1456 537 1651 572 intelligebaut.
1667 536 1719 569 Qui
1745 538 1769 564 si

987 584 1084 611 borum
1103 583 1178 611 obliti
1195 583 1260 616 sint,
1285 587 1313 610 at
1340 591 1394 610 non
1407 583 1529 610 divinum
1549 583 1654 610 Numen
1671 583 1768 610 oblivio

988 634 1089 657 scctur.
1104 629 1171 657 Cum
1195 629 1222 656 in
1238 629 1321 657 rebus
1336 633 1389 656 tam
1406 629 1556 663 perspicuis
1570 634 1597 656 et
1612 629 1662 656 sub
1676 629 1770 656 oculos

986 675 1083 710 positis
1097 676 1134 703 ita
1147 683 1195 710 spe
1207 675 1335 710 dejiciar,
1348 680 1375 703 et
1389 675 1455 703 risui
1484 683 1621 710 exponar,
1637 683 1697 710 qua:
1726 683 1770 702 re—

986 721 1049 748 licta
1063 721 1116 748 erit
1130 729 1192 756 spes
1208 721 1276 748 mihi
1294 721 1328 748 de
1343 721 1477 748 incertis?
1492 720 1632 754 Quomodo
1644 729 1693 756 pro
1707 729 1771 756 pec—

988 766 1056 793 catis
1067 770 1095 793 et
1107 766 1205 793 vestris
1218 770 1246 793 et
1257 765 1350 800 populi
1363 766 1538 798 intercedam,
1548 771 1575 793 et
1586 766 1629 793 illa
1644 767 1769 801 expiabo.

988 819 1048 838 cum
1066 819 1116 846 pro
1136 811 1178 838 vel
1193 819 1247 838 uno
1260 811 1331 846 apud
1359 818 1386 839 te
1405 812 1586 844 intercedens,
1603 812 1671 840 adeo
1696 812 1771 839 exci-

989 857 1077 885 derint
1102 858 1315 893 exspectatione,
1344 858 1412 885 adeo
1434 858 1532 885 fuerim
1557 857 1774 892 deceptusHsta

990 894 1098 939 quidem
1114 904 1265 939 lacrymans
1282 912 1343 932 cum
1357 905 1486 940 sanguine
1511 904 1629 932 exaravi.
1646 904 1734 932 l’enes
1744 909 1773 932 te

989 954 1031 977 est
1045 950 1174 985 deinceps
1199 955 1229 977 ut
1244 950 1315 977 hanc
1336 951 1379 978 vel
1406 951 1521 985 primam
1540 951 1582 978 vel
1607 955 1772 986 postremam

989 996 1130 1030 epistolam
1146 1003 1161 1022 a
1175 1003 1219 1022 me
1243 995 1355 1023 habeas.
1377 996 1490 1024 Domino
1508 997 1608 1024 etenim
1631 1001 1700 1024 teste
1723 996 1773 1023 de-

990 1041 1098 1073 nuntio,
1111 1041 1182 1076 quod
1196 1042 1220 1069 si
1235 1041 1262 1069 id
1285 1042 1334 1069 tibi
1364 1043 1532 1077 propositum
1549 1043 1584 1070 sit
1601 1048 1631 1070 ut
1645 1044 1774 1078 deceptos

990 1093 1041 1113 nos
1058 1086 1166 1121 ableges
1181 1091 1207 1114 et
1224 1091 1411 1122 contemptos,
1423 1088 1468 1115 ubi
1481 1093 1535 1115 tam
1549 1089 1721 1116 rationabiles
1733 1090 1772 1116 ef-

991 1131 1103 1159 ferimus
1113 1132 1290 1166 supplicando
1306 1133 1517 1166 admonitiones,
1529 1135 1564 1161 ita
1581 1139 1619 1165 ut.
1636 1142 1697 1162 cum
1711 1143 1774 1169 pos-

990 1177 1026 1204 sit
1047 1177 1104 1204 ﬁeri
1131 1186 1185 1205 non
1215 1178 1372 1211 diliiculter,
1401 1179 1486 1206 miser
1509 1180 1553 1207 ille
1579 1181 1680 1207 nullam
1698 1180 1775 1207 inve-

990 1222 1061 1249 nerit
1071 1223 1283 1250 consolationem
1294 1229 1341 1251 aut
1355 1224 1595 1253 refocillamcntum
1607 1234 1775 1260 nequaquam

157 1274 285 1309 deinceps
293 1273 468 1308 scripturum,
482 1276 528 1299 aut
539 1270 691 1298 molestiam
702 1269 749 1296 tibi
762 1269 978 1301 creaturum,sed
990 1269 1070 1296 rebus
1084 1270 1152 1297 meis
1167 1271 1320 1304 consulens,
1331 1277 1357 1299 et
1368 1279 1456 1299 meam
1468 1273 1554 1300 vicem
1562 1273 1713 1309 deplorans,
1725 1275 1775 1302 oh-

158 1325 317 1347 mutescam.
337 1319 364 1345 Si
377 1319 450 1345 enim
460 1322 520 1353 post
532 1317 702 1353 quotidianas
717 1315 775 1343 illas
788 1323 848 1350 quae
865 1323 881 1342 a
896 1314 963 1342 foris
974 1315 1129 1349 quotidiein
1146 1324 1189 1343 me
1203 1317 1381 1344 concitantur-
1393 1319 1556 1347 tentationes
1572 1324 1599 1347 et
1618 1320 1776 1355 exigenlias,

158 1368 273 1395 miseras
283 1374 393 1402 quoque
406 1366 522 1392 animam
539 1372 627 1392 meam
643 1364 671 1391 in
689 1372 722 1391 eo
741 1363 832 1391 simul.
843 1362 1007 1396 disperdam,
1019 1363 1088 1390 ultra
1101 1371 1196 1391 omnes
1208 1365 1337 1392 mortales
1352 1366 1582 1400 deploratissimus
1597 1376 1695 1397 essent.

462 1411 575 1438 ΕΠιΣΤ.
592 1411 628 1437 Ζ’.

420 1456 519 1491 Βάρδᾳ
541 1457 677 1490 Καίσαρι.

1280 1411 1389 1439 EPIST.
1407 1412 1463 1440 VII.

1265 1455 1362 1484 Bardw
1375 1456 1485 1485 Cwsari.

709 1499 779 1525 Edita
789 1507 803 1524 a
813 1499 962 1525 Monlacutio
974 1500 1003 1532 (1.
1014 1506 1037 1525 c.
1050 1506 1091 1531 ep.
1102 1500 1126 1530 8,
1138 1507 1162 1531 p.
1174 1500 1224 1532 71).

193 1543 331 1579 Χαίρομεν
354 1543 577 1578 επηρεαζόμενοι·
595 1543 731 1577 ἀλγῶμεν
746 1543 791 1574 δὲ,
816 1543 857 1569 ὅτι
878 1543 940 1573 τοὺς

1027 1541 1204 1570 Contumeliis
1223 1543 1313 1570 affecti
1329 1544 1494 1579 gaudemus;
1511 1553 1580 1581 aegre
1595 1550 1698 1574 tantum
1714 1547 1785 1575 feri-

160 1589 360 1625 ὲπηρεάζοντας
382 1590 452 1624 ὑμᾶς
472 1589 584 1624 ἔχομεν,
601 1589 665 1624 παρ’
684 1585 721 1614 ὧν
735 1589 799 1624 ἡμῖν
813 1588 860 1614 καὶ
875 1596 944 1623 προ-

161 1636 272 1667 στασίας
294 1635 398 1667 ἐλπίδες
412 1656 419 1668 ,
444 1635 529 1662 ἄλλων
545 1635 610 1666 ἴσως
633 1635 845 1668 ἐπιτιθεμένων,
866 1634 944 1667 ἐκρέ-

161 1691 254 1718 μαντο,
270 1682 317 1708 καὶ
332 1683 361 1708 τὸ
379 1681 527 1716 βαρύτατον
538 1701 545 1712 ,
560 1681 600 1707 ὅτι
615 1680 695 1707 ἄδικα
710 1679 868 1714 πάσχοντες,
887 1679 944 1704 ἀδι-

160 1729 218 1754 κεῖν
235 1727 432 1762 ἐγκαλούμεθα-
450 1727 497 1752 καὶ
520 1726 612 1757 δόλους
629 1727 743 1761 ῥάπτειν
764 1724 942 1759 γραφόμεθα,

160 1773 204 1807 ὑφ’
215 1770 252 1800 ὧν
266 1773 342 1807 αὐτοὶ
355 1773 468 1803 πολλοὺς
479 1772 544 1799 καθ’·
554 1773 671 1806 ἑκάστην
686 1771 868 1806 ὑπομένομεν.
885 1771 944 1797 Χά-

163 1827 203 1854 ρις
219 1817 276 1850 οὖν,
286 1819 392 1845 πάντων
404 1819 495 1850 ἕνεκα,
505 1818 543 1853 τῷ
554 1819 661 1852 Σωτῆρι
675 1817 753 1853 ἡμῶν
767 1817 835 1852 Θεῷ.
851 1817 906 1844 Καὶ
919 1817 944 1843 εί

163 1864 199 1898 μὴ
214 1864 259 1890 τὸν
281 1864 401 1898 παρόντα
427 1864 483 1898 βίον
505 1865 681 1900 πειρατήριον
697 1864 823 1900 ᾔδειμεν,
843 1864 945 1899 σφόδρα

161 1909 194 1936 ἂν
208 1909 254 1936 ἐπὶ
268 1911 322 1941 τοῖς
339 1910 541 1945 συμϐεϐηκόσιν
556 1910 808 1945 ἀπωλοφυράμεθα.
822 1909 858 1936 Σὺ
872 1910 910 1942 δὲ,
921 1909 945 1935 εί

161 1957 198 1992 μή
214 1965 241 1983 τι
264 1957 328 1984 ἄλλο
343 1957 398 1983 τῶν
416 1957 538 1984 παλαιῶν
557 1956 789 1991 παραδειγμάτων
813 1955 859 1982 ἐπὶ
881 1955 945 1982 νοῦν

160 2002 303 2029 ἀναλαϐεῖν
315 2002 429 2035 ἐθέλοις,
449 2002 517 2029 ἀλλὰ
534 2003 581 2029 τόν
591 2010 623 2036 γε
648 2001 769 2036 Ἡρώδου
789 1999 879 2033 οἷκον,
897 2000 945 2027 καὶ

159 2048 223 2080 τοὺς
251 2048 427 2084 Ἀντιπάτρου
454 2049 570 2083 τρόπους
594 2049 755 2074 ἐπισκοπεῖν
775 2047 944 2082 διανάστηθι.

161 2091 266 2124 Ὅπως,
281 2093 295 2118 ό
311 2093 359 2128 μὲν
373 2093 483 2124 πολλαῖς
493 2094 626 2128 μηχαναῖς
637 2093 682 2119 τὸν
696 2093 790 2128 ἄνδρα,
804 2093 891 2119 καίτοι
913 2100 944 2126 γε

163 2137 210 2162 καὶ
224 2137 351 2171 ἀγχίνουν
365 2137 439 2171 ὄντα,
457 2141 528 2165 κατὰ
542 2139 595 2165 τῶν
615 2139 761 2173 φιλτάτων,
779 2139 926 2174 περιῆλθεν
936 2146 943 2153 ·

162 2179 177 2205 ὁ
199 2180 227 2206 δὲ
243 2182 299 2212 τοῖς
315 2181 414 2214 ἔξωθεν
432 2183 500 2209 πᾶσι
517 2183 730 2218 περιῤῥεόμενος
755 2183 882 2218 ἀγαθοῖς,
898 2183 945 2210 καὶ

995 1595 1056 1615 mus
1075 1589 1147 1623 quod
1165 1593 1193 1616 tu
1216 1590 1268 1617 scis
1287 1590 1332 1625 qui
1352 1591 1391 1617 sic
1419 1591 1512 1625 aﬂicis,
1532 1599 1594 1627 spes
1618 1599 1676 1620 erat
1696 1599 1741 1628 ut,
1757 1595 1781 1622 si

995 1633 1056 1667 quis
1084 1633 1152 1659 alius
1167 1641 1215 1660 nos
1238 1634 1441 1668 aggrederetur,
1457 1640 1513 1663 tute
1530 1641 1556 1663 te
1581 1642 1724 1671 patronum
1740 1639 1781 1666 in-

997 1682 1165 1713 terponeres.
1183 1680 1279 1707 Adhuc
1295 1681 1379 1716 magis
1393 1689 1463 1717 mgre
1483 1687 1523 1710 est
1536 1684 1617 1718 quod,
1635 1693 1695 1712 cum
1708 1686 1781 1720 inju-

996 1729 1036 1752 ste
1048 1726 1172 1760 patimur,
1189 1726 1315 1760 injuriam
1331 1732 1419 1754 tamen
1432 1728 1547 1755 dicimur
1571 1730 1691 1763 inferre;
1706 1732 1782 1759 dolos

996 1778 1149 1804 censuere;
1169 1776 1196 1798 et
1215 1772 1252 1797 illi
1272 1772 1323 1799 hoc
1341 1773 1478 1804 scribunt,
1501 1775 1545 1808 qui
1573 1783 1622 1802 nos
1658 1777 1777 1804 multifa-

997 1816 1065 1843 riam
1079 1816 1201 1850 quotidie
1217 1816 1286 1844 dolis
1316 1822 1422 1852 petunt.
1444 1818 1483 1846 De
1517 1820 1623 1847 cunctis
1644 1821 1782 1850 Servatori

998 1861 1052 1887 Deo
1070 1861 1167 1896 gratias
1186 1862 1300 1896 agimus.
1327 1863 1404 1895 Quod
1431 1864 1452 1890 si
1475 1870 1566 1892 autem
1601 1866 1670 1894 hanc
1698 1868 1782 1895 vilam

997 1915 1051 1934 non
1082 1908 1270 1943 proﬁterentur
1300 1910 1485 1943 tentatorium,
1513 1917 1585 1939 ecrte
1617 1921 1676 1947 qua:
1702 1915 1783 1942 nobis

997 1953 1122 1981 accidunt
1143 1955 1319 1982 vehementer
1344 1956 1507 1984 doleremus.
1532 1958 1573 1985 'l'u
1598 1964 1700 1992 autem,
1721 1961 1743 1988 si
1766 1970 1781 1989 θ

997 2003 1102 2026 vetusta
1132 2000 1261 2027 memoria
1285 2001 1389 2028 nullum
1404 2001 1476 2028 aliud
1493 2005 1646 2038 exemplum
1662 2007 1785 2034 recolere

997 2045 1126 2079 volueris,
1152 2050 1242 2073 tamen
1266 2047 1354 2075 excita
1387 2052 1470 2075 temet
1491 2054 1520 2076 ut
1540 2051 1643 2078 recolas
1669 2052 1782 2080 Herodis

997 2091 1116 2123 domum,
1134 2097 1161 2119 et
1185 2092 1318 2127 Antipatri
1341 2101 1431 2122 mores
1447 2104 1454 2121 :
1468 2095 1609 2128 Quomodo
1630 2097 1780 2133 Antipater,

996 2138 1094 2170 virum,
1110 2143 1247 2173 utcunque
1260 2139 1398 2172 solertem,
1415 2146 1508 2168 contra
1523 2143 1702 2171 amicissimos
1714 2153 1782 2172 con-

999 2183 1101 2215 citavit,
1117 2183 1208 2210 multis
1229 2184 1445 2212 circunwentum
1471 2187 1710 2217 machinamentis.
1727 2191 1781 2218 lle—

163 2226 358 2261 εὖτυχέστατος
372 2225 441 2254 εἶναι
456 2228 592 2262 νομισθεὶς
603 2248 610 2259 ,
629 2229 841 2264 δυστυχέστατος
855 2238 883 2255 τε
897 2229 940 2256 καῖ

998 2228 1076 2255 rodes
1097 2235 1157 2255 eum
1185 2230 1306 2256 externis
1332 2230 1411 2258 bonis
1438 2232 1564 2260 omnibus
1586 2233 1731 2268 difﬂueret,
1755 2240 1783 2263 et

161 2271 328 2303 ἀθλιώτατος
343 2273 472 2307 γέγονεν·
490 2274 530 2301 ὅτι
547 2274 637 2309 φθόνῳ
660 2276 706 2301 καὶ
722 2275 858 2306 διαϐολαῖς
879 2275 946 2301 ἁνα-

161 2317 283 2348 πετάσας
299 2317 332 2344 τὰ
347 2314 415 2350 ὦτα,
434 2318 530 2352 γένους
546 2319 605 2352 ἅμα
624 2320 669 2346 καὶ
686 2320 785 2354 φίλων,
802 2321 848 2346 καὶ
861 2320 947 2354 αὐτῆς

162 2361 254 2396 γονῆς,
271 2362 316 2388 τὸν
333 2361 407 2388 οἶκον
430 2362 533 2398 ἔρημον
549 2363 659 2396 ἔδειξεν.
680 2364 713 2390 E‘t’
729 2373 756 2390 τι
778 2362 824 2391 οὖν
842 2373 883 2391 σοι
899 2365 947 2391 καὶ

162 2407 242 2441 ἡμεῖς
260 2407 287 2433 ὲν
302 2407 387 2441 φίλων
408 2408 454 2434 καὶ
466 2408 572 2435 οἰκείων
587 2409 660 2441 τάξει
680 2410 874 2445 λελογίσμεθα,
895 2410 947 2445 ὅρα.

164 2453 269 2487 μήποτε
284 2455 340 2485 τοῖς
354 2454 534 2488 συκοφάνταις
547 2455 643 2481 ἑαυτὸν
657 2455 785 2490 χειροήθη
803 2464 946 2490 παραστη-

162 2499 295 2533 σάμενος,
317 2500 362 2525 τὸν
378 2500 423 2526 σὺν
440 2497 514 2526 οἷκον
531 2501 615 2535 φίλων
630 2501 677 2527 καὶ
692 2501 866 2528 οἰκειοτάτων
887 2501 946 2533 ἐξε-

162 2545 312 2581 ρημώσεις.
331 2546 362 2572 ΕΞ
387 2546 414 2573 δέ
437 2547 478 2578 τίς
493 2547 550 2573 ἐστι
574 2547 621 2573 καὶ
641 2547 719 2582 δίκης
744 2547 883 2582 οφθαλμὸς
905 2548 947 2574 ὲν-

158 2591 260 2624 ταῦθα,
286 2593 324 2628 μὴ
353 2593 447 2628 νόμισε
469 2593 564 2620 τοῦτον
590 2593 738 2625 διαπαντὸς
757 2594 944 2629 καθευδήσειν·

160 2638 234 2673 ἡμᾶς
252 2638 281 2664 δὲ
297 2638 411 2673 πάσχειν
424 2639 523 2671 ἀδίκως
540 2640 587 2666 καὶ
601 2639 636 2666 τὰ
651 2640 753 2674 ἔσχατα
773 2648 945 2675 παρεσκευα-

161 2685 288 2719 σμένους,
302 2685 332 2711 οὐ
350 2684 408 2717 νῦν,
424 2684 491 2711 ἀλλά
509 2693 540 2719 γε
562 2686 608 2711 καὶ
623 2685 716 2717 πάλαι,
734 2687 790 2718 τοῖς
804 2685 885 2717 θείοις
899 2687 942 2712 ἐν-

158 2730 322 2764 τραφέντας,
341 2729 406 2762 ίῖσθι⁹
423 2730 616 2766 προστάγμασι
627 2738 633 2744 '
648 2730 694 2757 καὶ
708 2731 788 2766 χάριν
803 2731 944 2766 ὁμολογεῖν

160 2774 271 2808 εἰδέναι,
285 2776 312 2803 ετ
325 2785 366 2807 τις
382 2777 448 2810 ἡμῖν
463 2776 668 2811 ἐπιτομωτέραν
689 2777 758 2811 πρὸς
773 2776 822 2811 τὴν
838 2777 944 2804 ἐκεῖθεν

162 2820 298 2848 πολιτείαν
315 2821 364 2857 τὴν
379 2821 491 2856 πορείαν
508 2822 711 2848 συσκευὰσοιτο.

995 2273 1166 2300 beatissimus
1181 2272 1342 2305 habebatur,
1358 2273 1563 2303 infelicissimus
1575 2278 1716 2306 exstititet
1728 2280 1781 2306 mi-

995 2318 1139 2350 serrimus;
1170 2318 1278 2346 invidiae
1297 2319 1428 2354 siquidem
1447 2325 1474 2347 et
1494 2321 1635 2349 calumniis
1643 2324 1783 2358 patefactis

996 2364 1118 2393 auribus.
1133 2363 1244 2390 domum
1257 2365 1393 2399 progenie,
1420 2365 1522 2397 amicis,
1548 2366 1639 2394 liberis
1650 2370 1782 2396 vacuarit.

997 2409 1073 2442 Quod
1091 2410 1180 2436 sinos
1208 2410 1235 2436 in
1261 2410 1351 2444 aliquo
1377 2411 1525 2437 amicorum
1554 2420 1584 2439 ac
1610 2413 1782 2442 familiarium

1001 2456 1097 2483 ordine
1110 2463 1284 2488 annumeras,
1303 2456 1375 2486 vide.
1393 2464 1495 2490 qureso,
1523 2465 1558 2484 ne
1580 2462 1606 2485 te
1627 2460 1784 2487 committas

1001 2501 1258 2529 circumducendum
1279 2502 1461 2537 sycophantis,
1488 2507 1570 2538 atque
1585 2504 1622 2532 ita
1640 2510 1699 2533 tuas
1712 2508 1784 2535 aedes

1001 2555 1108 2582 quoque
1135 2547 1264 2582 spoliatas
1300 2547 1395 2574 amicis
1421 2552 1448 2574 ct
1469 2548 1646 2578 familiaribus
1676 2553 1782 2580 reddas.

1002 2593 1079 2626 Quod
1091 2593 1114 2620 si
1123 2593 1220 2620 oculus
1235 2593 1315 2620 rebus
1329 2594 1431 2621 nostris
1440 2593 1549 2622 intersit
1559 2596 1681 2631 justitite,
1697 2599 1783 2626 nolito

1001 2643 1097 2673 putare
1119 2643 1252 2672 perpetuo
1268 2638 1343 2665 illum
1359 2646 1455 2667 somno
1466 2641 1584 2676 sopitum
1606 2651 1612 2669 :
1629 2650 1660 2670 ea
1674 2651 1724 2671 nos
1736 2652 1784 2671 au-

1002 2689 1066 2716 tem,
1082 2691 1135 2710 non
1152 2691 1225 2710 nunc
1242 2683 1371 2718 primum,
1401 2685 1449 2712 sed
1474 2685 1530 2720 jam
1552 2687 1655 2721 pridem
1684 2689 1785 2724 injuste

998 2730 1040 2756 vol
1055 2734 1176 2756 extrema
1190 2730 1243 2764 pati
1259 2734 1375 2764 paratos,
1392 2736 1484 2766 utpote
1510 2732 1608 2761 divinis
1637 2734 1787 2765 innutritos

998 2773 1152 2808 praeceptis,
1162 2774 1404 2808 cognowasﬁerte
1412 2776 1510 2810 gratias
1521 2777 1680 2806 illibabituri
1690 2787 1791 2810 sumus

999 2819 1045 2854 qui
1058 2820 1127 2846 viam
1136 2819 1214 2846 nobis
1221 2820 1335 2847 maxime
1342 2822 1581 2856 compendiariam,
1591 2825 1653 2852 licet
1661 2828 1787 2863 praecipi,

1005 2870 1118 2893 tantem.
1134 2865 1168 2892 ad
1185 2865 1322 2893 cwlcslcm
1337 2868 1527 2897 monstraverit
1538 2873 1783 2902 conversationem.
