1940 3087
129 189 181 220 6‘29

705 189 974 223 EPISTOLARUM
997 193 1114 223 LIBER
1135 194 1160 224 Ι.

1700 192 1753 223 620

124 247 214 283 ψυχὴν
233 247 380 284 εὑρηκότες
396 248 474 280 ἀξίαν
507 249 588 284 (ὲρᾷν
605 249 660 284 γάρ
677 258 706 276 σε
731 251 832 286 ἀρετῆς
859 253 906 278 καὶ

967 251 1122 278 :endcntcm
1142 250 1333 284 divinitatem,
1355 254 1490 285 quatenus
1511 249 1584 276 illam
1612 249 1751 282 homines,

125 294 266 326 εὐσεϐείας
290 295 490 329 πεπείσμεθα),
506 295 544 330 τῷ
574 295 727 331 φιλουμένῳ
756 297 834 333 δώρῳ
866 301 914 327 καὶ

128 340 334 375 μεγαλοπρεπεῖ
347 340 520 376 δεξιούμεϐα.
546 341 590 368 Ἑν
603 337 634 375 ᾧ,
651 342 700 377 τῆς
718 343 852 377 ἀχράντου
866 347 913 372 καὶ

127 385 250 420 καθαρᾶς
262 386 339 421 ἡμῶν
358 387 475 419 πίστεως
492 386 523 413 τὸ
542 387 613 423 ἱερὸν
629 388 676 414 καὶ
688 387 815 423 θεόσοφον
835 391 913 417 ἐντά-

128 430 222 463 ξαντες
238 433 362 468 μάθημα,
383 433 433 465 τὰς
450 433 532 467 ἁγίας
554 434 601 460 καὶ
627 435 819 470 οίκουμενικὰς
844 436 914 464 ἑπτὰ

127 478 263 510 συνόδους,
280 479 361 506 οἱονεὶ
373 480 496 514 χάρακας
509 489 585 511 τινας
598 481 644 507 καὶ
660 481 820 517 περιϐόλους
832 481 916 514 οὔσας

127 523 175 550 τοῦ
196 524 267 550 θείου
290 524 386 551 τούτου
412 527 460 552 καὶ
480 526 620 562 ὁρθοδόξου
638 526 811 562 μαθήματος,
834 529 916 562 σαφεῖ

127 577 157 595 τε
175 570 222 596 καὶ
239 571 364 605 συντόμῳ
388 571 458 605 λόγῳ
488 573 770 608 συμπαρατιυέμεοα’
788 574 842 601 οὐδ’
865 575 915 602 ὅσα

129 615 186 651 βίον
205 616 308 648 ἰθύνει,
324 618 370 644 καὶ
397 620 533 654 μαρτυρεῖ
550 621 599 654 τῆς
625 620 743 652 πίστεως
763 621 813 656 τὴν
833 621 912 656 ὀροό-

127 671 215 697 τητα,
243 663 384 695 παντελῶς
413 665 640 699 ἀποσιγήσαντες.
674 666 777 701 Ὥσπερ
801 667 855 701 γὰρ
884 668 914 694 τὸ

128 709 218 736 πάντα
242 710 382 745 καταρχὰς
403 711 550 746 πειρᾶσθαι
577 711 685 745 λέγειν,
711 713 913 748 ἀπειρόκαλον

127 755 199 781 οὕτω
214 757 262 783 καὶ
276 757 306 783 τὸ
325 757 407 792 μηδὲν
423 758 509 783 εἰπεῖν
521 778 527 790 ,
544 758 718 791 ἀφιλόκαλον.

967 297 1074 331 assequi
1085 297 1247 332 poterimus,
1262 301 1391 331 tanquam
1406 295 1434 322 in
1451 295 1563 330 speculo
1575 299 1751 323 eontuemur.

966 342 1120 371 Istiusmodi
1139 350 1203 378 ergo
1218 342 1303 378 gratia
1325 346 1406 376 atque
1416 340 1489 368 dono
1505 340 1615 374 dignum
1629 345 1655 367 et
1670 348 1752 375 capa-

967 397 1026 417 cem
1050 389 1213 425 prudentem
1232 393 1311 416 tuum
1327 388 1449 415 animum
1461 391 1641 422 agnoscentes
1653 387 1752 418 (virtu-

967 441 1030 464 tem‘
1049 440 1076 463 te
1099 436 1233 471 siquidem
1260 443 1293 463 ac
1314 435 1443 469 pietatem
1469 441 1562 461 amare
1590 440 1753 468 persuasum

964 482 1107 518 habemus)
1127 490 1227 510 munus
1246 481 1281 508 ad
1295 487 1321 508 te
1337 481 1386 508 tibi
1408 485 1514 516 gratum
1528 479 1662 511 futurum,
1681 478 1709 505 in
1723 485 1753 505 se

964 529 1158 563 magniﬁcum,
1180 528 1332 555 all‘erimus.
1354 527 1405 554 Cui
1432 525 1542 561 quidem
1566 524 1627 552 ﬁdei
1652 528 1753 550 nostrae

964 574 1183 602 incontaminatae
1206 578 1233 601 et
1255 573 1404 604 dcl‘wcatae,
1427 576 1455 599 et
1474 570 1596 599 divinam
1619 573 1646 596 et
1666 576 1681 595 a
1697 569 1754 595 Deo

964 621 1089 648 edoctam
1115 620 1269 647 inserentes
1304 618 1494 653 disciplinam,
1528 616 1613 644 sacris
1645 620 1752 650 septem

965 666 1164 694 universalibus
1185 666 1306 701 synodis,
1329 672 1384 692 non
1411 665 1491 692 aliter
1507 670 1588 698 quam
1603 661 1673 689 vallo
1685 667 1753 695 quo—

966 713 1028 740 dam
1054 717 1082 739 et
1106 712 1268 747 sepimenlo,
1292 711 1446 738 doctrinam
1470 711 1541 738 hanc
1561 709 1700 737 caelestem
1725 710 1754 733 et

967 759 1164 791 orthodoxam,
1190 756 1435 790 communivimus,
1464 763 1531 790 quas
1557 754 1700 790 perspicua
1725 756 1754 779 et

127 802 204 829 brevi
218 804 351 836 oratione,
368 813 421 831 una
436 806 648 840 cognoscendas,
675 800 858 842 adjunximus.
889 806 944 834 Nec
963 807 1078 840 interea,
1104 814 1163 842 quae
1192 805 1226 833 ad
1249 805 1331 832 vitam
1352 809 1426 832 recte
1448 803 1643 832 instituendam
1669 802 1752 836 perti-

127 854 203 881 nent,
222 849 337 884 ﬁdeique
353 851 509 878 rectitudini
526 852 710 879 testimonium
734 853 890 887 perhibent,
912 861 1023 887 prorsus
1038 853 1145 880 silentio
1168 851 1380 887 praeteribimus.
1405 849 1486 877 Certe
1503 849 1573 877 sicut
1607 849 1699 876 omnia
1715 848 1752 876 si-

127 895 237 931 gillatim
259 896 293 923 ab
313 896 391 923 initio
413 897 481 924 velle
508 897 614 930 dicere,
637 897 760 933 ineptum
786 904 848 930 est;
873 899 910 926 ita
929 898 999 927 nihil
1022 899 1133 926 omnino
1148 898 1249 929 dicere,
1262 902 1341 932 turpe
1356 901 1383 923 et
1398 896 1574 923 inhonestum
1593 899 1645 922 est.

161 941 196 976 γ’,
211 943 257 968 Δεῖ
274 943 302 969 δὲ
318 943 367 974 τὰς
383 943 482 978 ἀρετὰς
500 945 532 979 τῇ
550 944 641 971 πίστει
663 946 910 980 παραπεπηγέναι,

998 945 1024 974 5.
1045 945 1160 979 Oportet
1185 948 1278 971 autem
1301 944 1416 971 virtutes
1433 946 1461 970 et
1481 942 1552 969 bona
1573 949 1655 976 opera
1669 949 1684 968 a
1701 941 1754 970 ﬁde

125 989 172 1015 καὶ
182 989 213 1015 δι’
226 989 326 1023 ἀμφοῖν
339 989 385 1016 τὸν
400 990 542 1016 σπουδαῖον
558 990 768 1025 καταρτίζεσθαι
788 991 839 1026 (9).
857 991 910 1018 Καὶ

125 1035 180 1070 γὰρ
196 1034 338 1069 δογμάτων
362 1035 412 1070 μὲν
430 1034 546 1071 εὐθύτης
568 1036 707 1069 πολιτείας
731 1037 911 1071 προθάλλεται

125 1081 308 1116 κοσμιότητα,
330 1081 455 1116 πράξεων
480 1082 507 1108 δὲ
532 1082 686 1118 καθαρότης
711 1083 762 1119 τῆς
793 1083 913 1115 πίστεως

124 1125 292 1160 ἀπαγγέλλει
305 1126 431 1161 θειότητα
442 1135 448 1142 ’
459 1123 496 1154 ὧν
511 1128 642 1163 ἑκάτερον
654 1129 737 1163 χωρὶς
752 1127 799 1154 τοῦ
816 1128 912 1164 ἑτέρου

126 1171 191 1206 ῥᾷον
216 1170 310 1198 εἴωθεν
328 1171 457 1207 ὐπορῤεῖν
475 1173 522 1199 καὶ
543 1173 767 1208 παρασύρεσθαι,
795 1173 832 1208 μὴ
850 1174 913 1200 ἁνε-

126 1217 239 1252 χόμενον
265 1219 422 1254 καταμόνας
449 1219 550 1254 ψυχαῖς
578 1219 729 1255 ἀνθρώπων
754 1220 913 1254 ἐγκατοικί-

125 1261 230 1294 ζεσθαι.
251 1262 332 1290 Ἀλλὰ
351 1263 415 1298 περὶ
433 1263 482 1298 μὲν
496 1263 598 1290 τούτων
611 1264 658 1291 καὶ
675 1264 798 1299 ὕστερον.
813 1265 870 1291 Νῦν
884 1264 913 1291 δέ

126 1317 168 1335 σοι
181 1308 211 1335 τὺ
223 1309 295 1344 ἱερὸν
307 1309 353 1336 καὶ
367 1310 530 1346 οεόχρηστον
541 1310 591 1345 τῆς
606 1311 682 1346 ἱερᾶς
693 1312 772 1346 ἡμῶν
787 1311 912 1347 λατρείας

125 1354 309 1389 ἀνατιθέμεθα
330 1355 458 1391 μάθημα.

162 1402 193 1429 δ’.
222 1404 354 1429 Πιστεύω
376 1404 419 1435 εἰς
435 1403 490 1430 ἕνα
515 1402 589 1429 Θεὸν
610 1403 725 1437 Πατέρα
745 1402 912 1437 παντοκρά-

125 1456 206 1481 τορα,
226 1447 354 1481 ποιητὴν
370 1447 501 1481 οὐρανοῦ
519 1448 567 1474 καὶ
584 1447 651 1482 rh'c,
666 1447 781 1482 ὁρατῶν
794 1456 825 1474 τε
837 1447 913 1474 πάν-

127 1502 186 1519 των
201 1494 250 1520 καὶ
277 1493 423 1527 ἀοράτων.
448 1494 502 1520 Καὶ
518 1495 561 1526 εὶς
584 1493 639 1520 ἕνα
662 1495 771 1528 Κύριον
797 1493 914 1527 Ὶήσοῦν

125 1539 256 1574 Χριστὸν
267 1559 275 1572 ,
290 1541 343 1567 τὸν
359 1540 427 1567 Υὶόν
443 1540 496 1567 τοῦ
515 1540 588 1567 Θεοῦ
609 1540 662 1567 τὸν
674 1540 823 1575 μονογενῆ
836 1561 844 1573 ,
861 1540 914 1567 τὸν

126 1586 161 1613 ὲκ
179 1587 232 1613 τοῦ
248 1586 362 1620 Πατρός
375 1587 558 1621 γεννηθέντα
574 1587 630 1620 πρὸ
643 1587 763 1613 πάντων
775 1586 834 1614 τῶν
847 1587 913 1614 αἰώ-

963 999 1018 1019 non
1046 991 1149 1022 divelli.
1173 991 1220 1018 sed
1241 989 1370 1025 utrinque
1391 990 1479 1016 virum
1497 989 1600 1016 bonum
1615 987 1754 1023 perﬁciet

963 1037 1147 1065 consummari
1168 1046 1174 1063 :
1192 1036 1259 1064 ﬁdes
1275 1036 1349 1063 enim
1367 1039 1440 1062 recta
1454 1042 1545 1062 mores
1559 1034 1686 1069 producit
1702 1034 1753 1062 ho—

963 1089 1055 1112 nestos
1068 1093 1078 1118 ;
1089 1089 1117 1112 et
1128 1092 1241 1120 operum
1254 1084 1359 1119 puritas
1372 1083 1452 1111 ﬁdem
1469 1090 1529 1110 esse
1541 1082 1660 1110 divinam
1672 1082 1754 1117 plane

964 1131 1060 1166 probat
1081 1139 1089 1158 ι
1114 1131 1228 1158 istorum
1254 1137 1320 1157 vero
1343 1129 1460 1157 alterum
1481 1129 1541 1156 sine
1568 1129 1654 1156 altero
1674 1128 1755 1156 facile

962 1176 1086 1204 dillluere
1111 1177 1180 1204 solet
1199 1181 1227 1204 et
1248 1176 1377 1204 aliorsum
1398 1176 1455 1210 rapi
1473 1184 1480 1202 :
1497 1183 1585 1210 neque
1597 1175 1672 1203 enim
1691 1184 1754 1211 pos-

964 1223 1028 1246 sunt
1049 1219 1173 1254 seiuncta
1196 1224 1225 1246 et
1245 1219 1351 1247 divulsa
1375 1219 1404 1246 in
1423 1219 1522 1246 animis
1543 1219 1685 1247 hominum
1708 1227 1754 1247 se-

963 1265 1025 1292 dem
1040 1265 1131 1300 ﬁgere.
1150 1265 1203 1293 Sed
1218 1265 1252 1292 de
1267 1265 1325 1292 istis
1342 1264 1496 1292 videbimus
1514 1265 1540 1291 in
1562 1265 1753 1300 sequentibus.

964 1311 993 1338 ln
1015 1311 1142 1346 prtesenti
1157 1319 1262 1338 sacram
1280 1315 1308 1338 et
1322 1310 1415 1338 divino
1431 1311 1542 1338 oraculo
1558 1310 1647 1338 fusam
1658 1319 1754 1339 sacro-

964 1361 1065 1384 sanctae
1079 1361 1179 1384 nostrae
1195 1356 1334 1391 religionis
1348 1356 1499 1384 doctrinam
1514 1360 1754 1392 repraesentamus.

999 1403 1026 1429 4.
1054 1401 1137 1430 Credo
1155 1403 1182 1428 in
1204 1411 1286 1429 unum
1305 1402 1389 1429 Deum
1408 1402 1520 1429 Patrem
1535 1404 1753 1438 omnipotentem,

965 1448 1021 1474 caeli
1038 1451 1062 1474 et
1078 1452 1157 1474 terra:
1168 1447 1332 1479 Creatorem,
1352 1456 1451 1474 necnon
1478 1448 1621 1474 visibilium
1638 1449 1755 1475 omnium

964 1502 996 1520 ac
1014 1493 1185 1520 invisibilium
1205 1501 1214 1520 :
1231 1493 1264 1520 Et
1282 1494 1309 1520 in
1322 1501 1401 1520 unum
1418 1493 1559 1521 Dominum
1572 1494 1661 1521 Jesum
1676 1494 1756 1522 Citri-

963 1545 1043 1571 stum,
1067 1539 1168 1566 Filium
1184 1539 1232 1567 Dei
1249 1540 1424 1575 unigenitum,
1442 1548 1474 1567 ea:
1487 1540 1568 1567 Patre
1586 1545 1678 1568 nutum
1693 1545 1756 1568 ante

965 1586 1053 1612 omnia
1074 1585 1286 1618 swculaﬂumen
1307 1588 1339 1613 de
1360 1585 1458 1613 lumine
1471 1606 1479 1618 ,
1503 1585 1587 1613 Deum
1609 1594 1699 1613 verum
1722 1587 1756 1614 de

126 1640 198 1659 νων.
213 1631 277 1665 Φῶς
290 1632 323 1658 ἐκ
339 1632 444 1666 φωτὸς,
460 1634 535 1659 Θεὸν
549 1632 695 1666 ἀληθινὸν
705 1633 739 1659 ἐκ
755 1633 829 1659 Θεοῦ
843 1634 914 1667 ἀξίη-

967 1632 1019 1659 Deo
1041 1640 1118 1663 vero;
1141 1632 1267 1667 genitum,
1293 1640 1344 1659 non
1360 1632 1476 1667 factum;
1493 1632 1570 1659 Patri
1582 1633 1755 1660 consubstan-

127 1677 228 1704 θινοῦ·
257 1677 457 1712 γεννηθέντα,
486 1678 521 1704 οὑ
548 1677 725 1711 ποιηθένταυ
751 1679 915 1712 όμοούο-ιον

127 1722 167 1756 τῷ
185 1725 286 1758 Πατρὶ,
303 1724 340 1751 δι’
360 1722 395 1752 οὗ
407 1724 444 1751 τὰ
454 1724 552 1751 πάντα
567 1724 685 1759 ἐγένετο
695 1733 701 1740 ·
718 1725 772 1751 τὸν
786 1725 822 1751 δι’
836 1724 914 1759 ἡμᾶς

127 1770 197 1803 τοὺς
214 1771 389 1805 ἀνθρώπους
406 1771 455 1798 καὶ
467 1771 514 1798 διὰ
529 1771 586 1804 τὴν
599 1771 745 1806 ἡμετέραν
764 1772 915 1805 σωτηρίαν

128 1816 311 1842 κατελθόντα
338 1816 372 1848 ἐξ
399 1815 551 1850 οὐρανῶν·
580 1816 629 1843 καὶ
658 1817 850 1850 οαρκωθέντα
880 1817 915 1843 ἐκ

127 1862 300 1896 Πνεύματος
314 1861 401 1896 ἁγίου
410 1863 459 1889 καὶ
476 1862 590 1895 Μαρίας
608 1861 662 1896 τῆς
677 1862 831 1896 Παρθένου
843 1882 849 1893 ,
866 1862 915 1889 καὶ

129 1907 411 1941 ὲνανθρωπήσαντα,
431 1907 641 1941 σταυρωθέντα
663 1916 694 1934 τε
724 1908 801 1941 ὑπὲρ
830 1907 916 1942 ἡμῶν

126 1953 175 1980 ἐπὶ
192 1953 318 1980 Ποντίου
333 1953 474 1986 Πιλάτου,
493 1954 541 1980 καὶ
557 1954 700 1986 παθόντα,
710 1954 758 1981 καὶ
774 1954 914 1988 ταφέντα,

127 1999 177 2026 καὶ
189 1999 363 2026 ἀναστάντα
376 1999 413 2033 τῇ
427 2000 511 2034 τρίτῃ
524 1999 618 2034 ἡμέρᾳ
629 2000 703 2027 κατὰ
715 2000 769 2032 τὰς
783 2000 915 2034 Γραφὰς,

127 2045 177 2072 καὶ
205 2046 370 2073 ἀνελθόντα
386 2048 430 2078 εις
449 2046 520 2079 τοὺς
541 2046 707 2080 οὐρανοὺς,
730 2047 779 2072 καὶ
800 2045 917 2076 καθεζό-

124 2100 220 2127 μενον
229 2093 264 2118 ἐν
274 2091 358 2126 δεξιᾷ
368 2093 421 2120 τοῦ
433 2093 547 2126 Πατρός
559 2101 566 2107 ·
581 2093 631 2120 καὶ
646 2093 740 2120 πάλιν
753 2093 917 2128 ἐρχόμενον

126 2137 201 2172 μετὰ
218 2138 310 2171 δόξης
334 2138 431 2172 κρῖναι
446 2138 557 2171 ζῶντας
575 2139 624 2166 καὶ
640 2139 784 2173 νεκρούς·
802 2137 838 2167 οὗ
860 2139 917 2172 τῆς

126 2181 289 2216 βασιλείας
305 2183 361 2210 οὐκ
385 2183 471 2211 ἔσται
494 2184 590 2217 τέλος.
607 2184 662 2211 Καὶ
681 2186 723 2217 εὶς
746 2185 779 2211 τὸ
795 2184 916 2219 Πνεῦμα

129 2227 163 2254 τὸ
181 2227 276 2262 ἅγιον,
291 2228 324 2255 τὸ
338 2229 447 2262 Κύριον
464 2229 512 2256 καὶ
532 2228 675 2258 ζῖυοποιὸν
690 2229 724 2256 τὸ
737 2230 770 2257 ἐκ
789 2229 843 2256 τοῦ
859 2232 917 2256 Πα-

129 2273 199 2308 τρὸς
213 2274 462 2308 ἐκπορευόμενον,
478 2274 512 2301 τὸ
527 2275 587 2301 σὺν
599 2276 691 2307 Πατρὶ
707 2276 757 2302 καὶ
779 2274 834 2308 Υίῷ
845 2283 915 2309 προ-

129 2321 342 2355 σκυνούμενον
363 2320 412 2347 καὶ
433 2321 704 2356 συνδοξαζόμενον,
721 2322 755 2348 τὸ
774 2321 917 2355 λαλῆσαν

966 1678 1066 1711 tialem,
1086 1686 1132 1712 per
1148 1687 1224 1713 quem
1241 1679 1331 1705 omnia
1343 1680 1414 1714 facta
1430 1684 1491 1706 sunt
1506 1688 1515 1706 :
1531 1680 1575 1714 qui
1591 1684 1697 1715 propter
1710 1688 1757 1707 nos

965 1726 1081 1752 homines
1091 1731 1114 1753 et
1125 1730 1231 1760 propter
1239 1731 1354 1752 nostram
1362 1726 1474 1753 salutem
1483 1726 1614 1753 descendit
1626 1727 1657 1753 de
1668 1727 1737 1754 caelis
1747 1735 1756 1757 :

965 1772 1121 1799 incarnatus
1143 1781 1174 1799 ea:
1198 1771 1301 1807 Spiritu
1322 1777 1413 1798 sancto
1436 1776 1461 1799 et
1485 1772 1573 1798 Maria
1594 1772 1715 1807 Virgine;
1732 1778 1758 1800 et

966 1819 1042 1845 homo
1064 1819 1149 1854 factus
1176 1823 1223 1850 est,
1244 1818 1434 1852 cruci/imusque
1453 1826 1500 1852 pro
1516 1818 1589 1845 nobis
1601 1818 1648 1845 sub
1662 1818 1758 1845 Pontio

967 1864 1066 1896 Pilato,
1091 1873 1183 1898 passus
1209 1869 1233 1891 et
1259 1865 1392 1899 sepultus;
1420 1869 1443 1891 et
1456 1865 1597 1891 resurrexit
1622 1865 1702 1891 tertia
1715 1865 1758 1892 die

966 1911 1107 1937 seczuidum
1129 1909 1297 1945 Scripturas;
1317 1915 1341 1937 et
1355 1911 1473 1937 ascendit
1491 1911 1518 1937 in
1532 1911 1607 1937 cwlos
1617 1919 1626 1943 ;
1642 1916 1666 1938 et
1687 1914 1757 1938 sedet

967 1964 984 1982 a
1003 1955 1103 1982 dextris
1118 1955 1208 1982 Patris
1222 1964 1231 1982 :
1244 1960 1267 1982 et
1282 1956 1376 1982 iterant
1396 1961 1520 1982 uenturus
1535 1960 1571 1982 est
1586 1964 1645 1982 cum
1660 1955 1764 1990 gloria,

963 2003 1134 2037 judicaturus
1162 2003 1232 2029 vivos
1260 2008 1339 2038 atque
1358 2008 1494 2035 mortuos;
1515 2003 1590 2037 cujus
1609 2003 1683 2038 regni
1707 2011 1759 2030 non

967 2048 1016 2074 erit
1034 2048 1093 2079 ﬁnis
1111 2056 1118 2074 :
1137 2047 1171 2074 Et
1188 2049 1216 2074 in
1227 2048 1357 2082 Spiritum
1369 2053 1491 2075 sanctum
1505 2048 1646 2076 Dominum
1663 2053 1688 2075 et
1706 2057 1759 2076 au-

968 2097 1064 2119 ctorem
1077 2093 1156 2124 vita;
1167 2093 1211 2128 qui
1223 2093 1339 2128 procedit
1350 2102 1366 2120 a
1381 2093 1481 2126 Patre;
1497 2094 1543 2129 qui
1556 2102 1615 2121 cum
1631 2093 1714 2121 Patre
1727 2102 1760 2120 ac

968 2138 1035 2164 Filio
1058 2139 1187 2165 adoratur
1210 2143 1235 2165 et
1257 2139 1439 2174 gloriﬁcatur;
1456 2140 1512 2175 \qui
1534 2139 1635 2166 locutus
1655 2144 1691 2166 est
1713 2148 1760 2174 per

967 2184 1108 2218 prop/tetas
1130 2192 1139 2210 :
1166 2184 1197 2210 In
1211 2193 1292 2211 unam
1304 2185 1460 2211 catholicam
1473 2190 1498 2211 et
1518 2185 1691 2219 apostolicam
1708 2185 1760 2212 Ec—

968 2230 1084 2257 clesium.
1111 2229 1244 2264 Conﬁteor
1268 2239 1350 2257 unum
1373 2232 1516 2265 baptisma,
1538 2231 1566 2257 in
1582 2231 1761 2259 remissionem

967 2280 1142 2310 peccatorum.
1163 2276 1291 2309 Exspecto
1306 2278 1524 2304 resurrectionem
1543 2281 1760 2309 mortuorum,et

971 2322 1053 2348 vitam
1067 2323 1170 2349 petituri
1183 2323 1282 2349 swcull;
1295 2323 1387 2350 Amen.
1768 2318 1772 2323 ’

130 2367 180 2394 διὰ
204 2367 263 2394 τῶν
287 2366 457 2402 προφητῶν.
481 2369 532 2400 Εἰς
546 2368 619 2401 μίαν
639 2368 728 2402 ἁγίαν
752 2367 918 2401 καθολικὴν
936 2368 985 2395 καὶ
1006 2368 1216 2402 ἀποστολικὴν
1239 2370 1436 2403 Ἐκκλησίαν.
1460 2369 1609 2404 Ὀμολογῶ
1640 2368 1675 2396 ἓν
1701 2369 1761 2401 ,βά-

131 2422 245 2449 πτισμα
256 2415 298 2447 εἷς
311 2414 419 2450 ἄφεσιν
430 2414 579 2448 ἁμαρτιῶν
589 2422 597 2430 ν
611 2415 769 2449 προσδοκῶ
783 2415 953 2442 ἀνάστασιν
973 2415 1088 2450 νεκρῶν
1098 2436 1106 2448 ,
1126 2416 1176 2442 καὶ
1190 2415 1266 2450 ζωὴν
1284 2416 1337 2443 τοῦ
1346 2416 1514 2450 μέλλοντος
1528 2415 1645 2448 αιώνος.
1655 2414 1757 2449 Ἀμήν,

167 2460 198 2487 ε’.
224 2460 302 2486 Οὖτω
317 2461 463 2495 τοιγαροῦν
477 2460 584 2495 φρονῶν
606 2461 654 2487 καὶ
674 2461 827 2493 πιστεύων,
848 2462 915 2488 κατᾶ

1008 2463 1034 2490 5.
1062 2463 1102 2490 Ad
1126 2463 1199 2490 hunc
1215 2470 1279 2498 ergo
1292 2462 1401 2489 modum
1418 2462 1540 2489 sentiens
1555 2469 1586 2489 ac
1602 2462 1717 2489 credens
1731 2467 1762 2488 ut

132 2504 183 2540 τὴν
207 2505 356 2539 παράδοσιν
373 2505 424 2541 τῆς
444 2505 525 2539 ἁγίας
548 2505 596 2532 τοῦ
614 2506 682 2532 Θεοῦ
702 2506 850 2542 καθολικῆς
869 2508 918 2534 καὶ

134 2551 316 2586 ἁποστολικῆς
331 2551 505 2587 Ἐκκλησίας,
515 2549 538 2579 ὦ
548 2552 630 2579 καλὸν
648 2552 763 2587 ἄγαλμα,
774 2552 827 2580 τῶν
842 2553 918 2589 ἐμῶν

972 2509 1124 2537 secundum
1138 2508 1310 2536 traditionem
1331 2513 1432 2535 sanctae
1453 2507 1593 2535 catholica:
1611 2512 1638 2535 et
1651 2512 1762 2542 aposto-

972 2554 1030 2582 lica:
1058 2553 1197 2587 Ecclesiae,
1219 2561 1236 2580 ο
1256 2553 1378 2580 laborum
1399 2560 1524 2581 meorum
1538 2552 1667 2579 eximium
1681 2560 1762 2580 orna-

886 2621 1001 2651 NOTAE.

169 2680 207 2715 (9)
227 2679 267 2706 Δι’
284 2675 395 2714 ἀμφοῖν
415 2679 470 2707 τὸν
489 2680 658 2707 σπουδαῖον
679 2679 911 2715 καταρτίζεσθαι.

134 2713 253 2752 Ignotius
275 2713 308 2742 in'
324 2715 373 2752 illa
397 2714 430 2752 ad
451 2715 561 2752 ﬁpﬁli‘es.
593 2714 683 2752 Ἀρχὴν
702 2713 794 2750 ζωῆς,
820 2715 921 2752 ¹πίστις,

134 2750 211 2781 τὲλος
224 2751 263 2781 δὲ,
279 2751 384 2785 ἁγάπη”
401 2750 435 2776 τὰ
448 2750 477 2776 δὲ
494 2750 558 2780 δύο,
589 2753 617 2777 ἐν
640 2751 746 2784 ἐνότητι
774 2750 920 2785 γενόμενα,

133 2786 201 2812 Θεοῦ
214 2785 359 2820 ἄνθρωπον
378 2785 514 2811 ἀποτελεῖ·
534 2786 568 2812 τὰ
583 2786 610 2812 δὲ
622 2785 690 2813 ἄλλα
707 2785 795 2812 πάντα
810 2786 849 2816 εἰς
870 2794 921 2812 κα-

134 2819 301 2854 λοκαγαθίαν
314 2819 449 2846 ἀκόλουθα
461 2821 545 2846 ἐστιν·
565 2821 652 2852 οὐδεὶς
676 2821 768 2846 πίστιν
783 2821 919 2854 ἐπαγγελ-

135 2856 247 2890 λόμενος
263 2856 365 2890 ὀφείλει
381 2856 560 2890 ἁμαρτάνειν,
580 2857 640 2883 οὐδὲ
658 2857 770 2889 ἀγάπην
784 2856 921 2890 κεκτημέ-

138 2899 183 2922 νος
200 2892 287 2926 μισεῖν
302 2892 347 2918 τὸν
360 2891 482 2925 ἀδελφόν.
498 2891 548 2919 Ubi
560 2892 634 2923 τέλος
650 2899 703 2918 non
717 2898 760 2920 est
779 2896 832 2919 tum
847 2891 918 2926 ﬁnis,

967 2685 998 2708 ut
1007 2685 1115 2708 vertunt
1123 2680 1295 2715 interpretes,
1306 2687 1387 2714 quam
1397 2678 1536 2715 τελείωσις
1544 2677 1680 2715 ρρνῙιειειίρζ
1687 2677 1762 2704 Idem

975 2716 1070 2743 beatus
1105 2712 1208 2750 martyr
1234 2712 1332 2750 iterum
1368 2715 1433 2742 ait:
1465 2714 1498 2740 0t
1526 2712 1763 2750 ἐπαγγελλόμενοι

974 2751 1092 2788 Χριστοῦ
1109 2744 1187 2782 εἶναι,
1207 2751 1257 2788 ουκ
1269 2750 1298 2782 ἐξ
1314 2747 1358 2788 ὧν
1366 2750 1476 2788 λέγουσι
1495 2744 1764 2788 μόνον,⁷ἆλλὰιὲςῷν

974 2782 1123 2821 πράττουσι
1139 2786 1317 2820 γνωρίζονται
1327 2794 1334 2800 ·
1351 2787 1384 2811 ἐκ
1398 2782 1509 2820 γὰριτοῦ
1531 2782 1639 2821 διαρπσῦ
1659 2782 1689 2821 ἐδ
1703 2782 1764 2821 δέν-ξ

972 2815 1035 2856 δρον
1048 2815 1367 2856 γινώσέετέιίἊμεινὸν
1388 2815 1445 2847 ἐστὶ
1460 2815 1575 2852 σιωπᾷν
1586 2818 1633 2845 καὶ
1649 2815 1728 2850 εἶναι,
1743 2818 1769 2854 ᾗ

971 2855 1059 2884 λαλεῖν
1073 2857 1119 2883 καὶ
1137 2856 1173 2891 μὴ
1193 2855 1271 2884 εἶναι.
