1940 3087
141 143 189 174 633

712 139 982 170 EPISTOLARUM
1002 140 1119 170 LIBER
1135 141 1149 170 Ι
1153 164 1160 170 .

1709 143 1761 175 634

139 201 185 227 καὶ
198 198 245 226 τοῦ
259 196 450 234 ἀρχιερατικοῦ
460 196 557 232 θρόνου
584 196 702 230 κατέστη
717 195 849 231 διάδοχος.
866 196 913 222 Na‘

972 201 1064 223 autem
1091 197 1119 223 in
1145 196 1370 231 archicpiscopali
1402 197 1502 224 throno
1525 205 1674 226 successor.
1702 198 1762 226 Una

139 247 169 282 δὴ
185 247 231 273 καὶ
243 246 257 272 ὁ
271 244 376 276 κλεινὸς
400 243 548 274 Εὑστάθιος
565 243 724 278 συμπαρῆν,
743 243 793 276 τῆς
816 242 930 269 Ἀντιοοε

138 293 205 329 χέων
236 291 383 326 ἐκκλησίας
413 290 444 316 τὸ
474 288 708 323 ὲγκαλλὼπισμα,
737 287 840 319 πίσεως
871 288 921 323 μὲν

138 338 332 373 ἐναστράπτων
352 335 530 370 καθαρότητι,
549 334 636 368 λόγων
649 334 678 360 δὲ
703 333 750 360 καὶ
776 333 921 368 νοημάτων

139 384 299 418 σωφροσύνῃ
320 381 535 417 θαυμαζόμενος.
554 380 619 407 Μεθ’
645 377 683 406 ὧν
707 379 782 406 καὶὸ
803 380 920 415 Ἰεροσο-

137 430 228 465 λύμων
251 429 412 464 Μακάριος,
431 428 542 458 πολλαῖς
567 426 649 458 ίδέαις
673 426 779 461 ἀρετῶν
807 425 921 452 ὲνευθυ-

136 476 263 511 νούμενος
273 483 280 490 ο
295 475 369 502 ἄλλοι
381 483 411 500 τε
426 473 546 500 πλεῖστοι
561 471 751 502 ἀΜστολικοῖς
767 471 918 507 χαρίσμασι

136 522 182 548 καὶ
202 522 379 557 μαρτυρικοῖς
397 519 541 554 παθήμασι
568 517 775 553 διαλάμποντες.
795 515 846 544 Ὧν
866 518 923 544 Παρ-

136 568 268 603 φνούτιος.
284 567 331 593 καὶ
341 566 504 601 Σπυριδίων,
526 565 652 596 Ίάκωϐός
666 573 706 597 τε,
722 564 770 590 καὶ
780 564 919 598 Μάξιμος,

135 613 237 648 ἀγαθοῦ
253 613 300 639 καὶ
315 611 468 646 θαυμασίου
482 611 654 646 συστήματος
670 610 768 644 ἀγαθοὶ
790 609 838 636 καὶ
851 609 919 636 Θαυ-

136 659 229 694 μάσιοι
257 657 447 694 πρωτοστάται
474 656 663 692 ὲγνωρίζοντο.
699 656 756 689 Ἐφ’
782 653 822 687 οἷς
846 656 920 682 ἃπα-

135 713 185 737 σιν,
200 705 247 731 καὶ
262 705 276 731 6
288 703 374 740 μέγας
391 703 436 730 καὶ
452 703 616 736 ἀξιάγαστος
637 702 851 733 Κωνσταντῖνος,
868 701 918 735 τῆς

139 749 294 785 Ῥωμαῖκῆς
322 750 408 785 ἀρχῆς
437 749 534 775 ἰθύνων
562 748 596 774 τὰ
622 748 759 782 σκῆπτρα,
777 747 918 783 διέπρεπε,

132 797 181 832 τήν
200 805 228 822 τε
244 795 351 823 σύνοδον
362 795 505 831 ἁθροίζων,
522 795 569 821 καὶ
585 794 778 830 λαμπροτέραν
793 795 826 829 τῇ
847 802 919 829 παρ-

132 843 215 878 φυσία
230 842 462 878 ἀπεργαζόμενος.

974 249 1081 277 quoque
1105 242 1201 270 aderat
1222 247 1248 270 et
1266 243 1378 270 illustris
1407 243 1452 270 ille
1479 243 1648 275 Eustathius,
1676 244 1760 271 decus

973 287 1150 315 Antiochena‘.
1172 287 1299 315 Ecclesia:
1323 288 1469 323 singulare,
1497 289 1543 324 qui
1562 295 1673 324 propter
1696 290 1760 317 ﬁdei

973 333 1119 368 puritatem
1150 333 1266 361 celebris
1291 334 1456 367 habebatur,
1488 340 1599 370 propter
1629 335 1760 363 orationis

973 383 1000 406 et
1033 379 1128 413 judicii
1156 380 1306 407 castitatem
1338 385 1397 408 erat
1421 382 1548 409 omnibus
1575 382 1758 409 admirationi.

972 423 1040 450 Cum
1048 424 1100 451 illis
1108 424 1201 452 aderat
1210 429 1238 452 et
1247 425 1380 453 Macarius
1392 426 1654 462 llierosolymitanus
1665 426 1759 453 multis

972 471 1102 498 virtutum
1118 471 1264 506 generibus
1282 477 1355 500 recte
1369 472 1565 500 conformatus.
1590 473 1644 500 Sed
1670 477 1697 500 et
1713 473 1759 500 alii

972 515 1006 542 ab
1020 515 1079 543 istis
1092 516 1180 548 multi,
1194 517 1274 544 donis
1287 518 1445 552 apostolicis
1455 523 1482 545 et
1493 523 1640 554 martyrum
1656 518 1761 552 passio-

972 561 1052 587 nibus
1073 561 1211 596 conspicui
1232 570 1238 588 :
1255 562 1327 589 inter
1344 570 1412 597 quos
1427 563 1610 590 censebantur
1629 563 1759 597 Paphnu-

972 608 1037 639 tius,
1049 612 1074 635 et
1089 608 1243 643 Spyridion,
1258 607 1387 642 Jacobus,
1406 613 1434 636 et
1454 609 1587 636 Maximus
1598 629 1606 641 ,
1623 609 1667 644 qui
1688 617 1759 643 prte-

971 654 1068 681 stantis
1093 654 1164 681 illius
1194 658 1222 681 et
1254 655 1405 682 admirandi
1439 661 1592 683 conventus
1635 655 1758 691 prseclari

970 699 1079 734 quidam
1095 705 1121 727 et
1141 700 1293 728 admirandi
1313 701 1442 728 ductores
1464 706 1492 728 et
1515 701 1653 736 principes
1673 708 1760 736 agno-

970 746 1123 774 seebantur.
1139 747 1208 774 Cum
1225 747 1285 774 istis
1297 755 1379 782 porro
1393 748 1520 775 omnibus
1539 756 1653 784 magnus
1668 748 1713 775 ille
1732 751 1760 774 et

971 792 1069 819 merito
1082 792 1180 827 dignus
1200 793 1381 821 admiratione
1402 793 1609 826 Constantinus,
1633 794 1678 828 qui
1701 798 1758 820 tum

971 837 1084 865 Romani
1113 839 1219 874 imperii
1251 844 1357 874 sceptra
1388 840 1599 872 moderabatur,
1637 848 1759 874 prazsens

131 889 276 916 eminebat.
293 888 338 916 Ille
354 895 444 919 autem
456 893 483 916 et
494 888 627 923 synodum
649 887 720 914 illam
741 891 913 919 convocarat,
934 889 961 912 et
972 894 1020 913 sua
1048 886 1134 920 ipsius
1149 886 1303 921 praesentia,
1326 891 1356 913 ut
1372 886 1531 914 honoratior
1550 891 1633 918 esset,
1656 886 1756 914 clleclt.

165 939 200 970 η’.
226 935 294 962 ’Λλλ’
317 935 349 961 ἐκ
365 935 499 962 τοσούτων
525 935 574 969 μὲν
596 935 644 961 καὶ
668 934 823 961 τοιούτωνό
845 933 913 968 ἱερὸς

1004 933 1031 961 8.
1050 932 1072 959 E
1090 937 1129 960 tot
1146 933 1228 968 igitur
1251 938 1279 960 et
1298 939 1352 960 tam
1375 933 1489 969 egregiis
1514 933 1581 960 viris
1612 941 1688 960 sacra
1713 933 1758 960 illa

130 981 233 1013 ἐκεῖνος
259 981 402 1007 συνίστατο
423 979 562 1014 σύλλογος.
579 980 689 1014 ’Ἀρειόν
703 988 765 1006 τινα
784 987 916 1013 νεωτερο-

131 1028 207 1056 ποιὸν
237 1027 396 1058 δυσσεϐείας
438 1027 515 1058 δίκας
550 1027 788 1061 εἰςπραττόμενος,
815 1025 862 1051 καὶ
888 1024 918 1050 τὸ

131 1074 308 1102 ἁποστολικὸν
321 1074 367 1100 καὶ
383 1073 454 1099 Οεῖον
467 1072 647 1106 κρατύναντες
661 1072 803 1106 κήρυγμα.
822 1068 877 1097 Ἦν
893 1070 916 1096 δ’

130 1119 207 1151 οὗτος
232 1120 246 1145 ὁ
262 1119 378 1149 δείλαιος
395 1118 483 1145 ἕλκων
505 1117 553 1153 μὲν
575 1117 605 1144 τὸ
630 1117 708 1151 γένος
729 1118 761 1142 ἐκ
776 1116 824 1150 τῆς
844 1115 918 1141 Ἀλε-

131 1164 255 1199 ξάνδρου,
270 1166 310 1195 εἰς
325 1163 425 1198 κλῆρον
442 1163 471 1189 δὲ
496 1162 657 1196 καταλεγεὶς
679 1162 727 1196 τῆς
747 1162 837 1188 ὲκεῖσε
858 1160 918 1187 Ἐκ-

130 1210 245 1245 κλησίας
259 1230 266 1243 ,
289 1209 336 1236 καὶ
361 1209 401 1240 εἰς
424 1208 610 1243 πρεσϐυτέρου
640 1207 743 1242 βαθμὸν
771 1206 892 1233 ἀνελθὼν
908 1225 915 1239 ,

129 1255 261 1291 πρότερον
278 1255 326 1290 μὲν
337 1254 406 1281 κατὰ
423 1253 469 1280 τοῦ
491 1254 556 1280 ἰδίου
586 1253 716 1288 ποιμένος
740 1253 917 1288 ὑπερήιρανον

128 1302 243 1329 ἀνέλαϐε
259 1301 396 1337 φρόνημα,
412 1300 516 1326 ἐκεῖθεν
535 1300 564 1326 δὲ
585 1299 657 1327 κατὰ
677 1299 724 1326 τοῦ
748 1299 839 1325 κοινοῦ
857 1307 918 1325 ποι-

129 1348 209 1383 μένος
235 1347 282 1374 καὶ
302 1348 436 1374 Δεσπότου
466 1346 610 1381 παρέτεινε
630 1346 679 1380 τὴν
697 1345 827 1372 ἀπόνοιαν
843 1353 849 1360 ·
871 1345 917 1372 τὸν

127 1393 180 1428 γὰρ
205 1393 269 1419 Υἰὺν
291 1393 338 1419 καὶ
361 1392 448 1425 Λόγον
470 1391 517 1417 τοῦ
536 1390 603 1417 θεοῦ
633 1388 678 1425 (ὦ
703 1391 754 1425 τῆς
775 1391 916 1425 τολμηρᾱς

127 1439 233 1472 ἐκείνης
249 1439 297 1464 καὶ
314 1437 437 1472 γλώττης
457 1437 504 1464 καὶ
518 1437 637 1468 διανοίας
650 1438 656 1463 l
667 1438 676 1472 )
687 1438 726 1469 εἰς
739 1437 843 1471 κτίσμα
866 1436 914 1463 καὶ

127 1483 233 1518 ποίημα
259 1482 447 1515 κατεϐίϐαζεν,
474 1482 535 1508 οὐδὲ
563 1482 640 1508 τοῦτο
663 1483 780 1509 συνιδεῖν
803 1482 914 1516 ἐθέλων,

125 1531 215 1556 κοινὸν
230 1529 352 1564 ὑπάρχον
374 1530 442 1556 πᾶσι
465 1530 512 1555 καὶ
529 1529 718 1556 αὐτοδίδακτον
743 1529 914 1565 ὁμολόγημα,

125 1575 164 1607 ὡς
178 1575 250 1606 ἅπας
265 1575 329 1606 Υἱὸς
345 1574 395 1609 τῆς
411 1574 496 1609 αὐτῆς
509 1575 567 1601 ἐστι
581 1574 620 1609 τῷ
631 1575 808 1610 γεγεννηκότι
820 1575 915 1606 οὐσίας

124 1623 173 1648 καὶ
195 1621 301 1656 φύσεως
318 1628 326 1636 ’
343 1620 390 1648 καὶ
407 1620 422 1646 ὁ
443 1621 488 1648 τὸν
513 1621 576 1648 Υἰὺν
597 1621 702 1648 τάττων
725 1622 754 1648 ὲν
768 1622 911 1657 κτίσμασι,
926 1613 946 1641 C

123 1668 172 1694 καὶ
197 1667 242 1694 τὸν
258 1667 367 1702 Πατέρα
381 1667 485 1702 κτίσμα
504 1667 741 1703 προανηγόρευσεν
757 1675 763 1682 ·
780 1668 874 1703 ὥσπερ
899 1669 913 1694 ὁ

122 1713 170 1741 τὸν
182 1713 292 1749 Πατέρα
308 1713 508 1749 δημιουργικῆς
529 1713 623 1745 οὐσίας
639 1715 686 1740 καὶ⁸
702 1714 789 1740 ἀϊδίου
805 1714 913 1748 φύσεως

123 1759 212 1791 εἰδὼς,
230 1759 280 1794 τῆς
291 1760 376 1791 αὐτῆς
394 1757 465 1786 εἶναι
482 1759 530 1786 καὶ
549 1759 594 1786 τὸν
611 1760 676 1786 Υίὸν
696 1760 914 1796 συνανομολογή-

124 1814 208 1832 σειεν.
221 1805 277 1832 Ποῦ
291 1805 313 1832 δ’
325 1805 358 1832 ἂν
375 1805 418 1840 εἴη
434 1805 464 1832 τὸ
482 1806 595 1840 γνήσιον
613 1806 662 1841 τῆς
680 1806 814 1842 υίότητος,
829 1806 913 1841 ἄλλης

125 1852 175 1886 μὲν
186 1851 281 1884 οὐσίας
305 1851 352 1878 τοῦ
370 1852 487 1886 Πατρὸς,
500 1851 597 1887 ἐτέρας
612 1852 641 1878 δὲ
662 1852 709 1879 τοῦ
728 1852 791 1879 Υἱοῦ
807 1861 914 1888 χρημαι

121 1897 261 1930 τίζοντος;
279 1897 341 1929 Πῶς
358 1897 380 1924 δ’
401 1898 431 1923 οὐ
446 1897 496 1932 τῆς
518 1897 677 1933 Ἑλληνικῆς
691 1898 794 1933 πλάνης
808 1897 912 1925 ἀνακύ-

120 1944 168 1980 ψει
185 1944 215 1971 τδ
225 1944 367 1975 πολύθεον,
383 1945 423 1976 εἰς
440 1944 544 1971 ἐλάττω
565 1945 613 1971 καὶ
629 1945 716 1980 μείζω
729 1945 824 1972 οὐσίαν
845 1954 912 1979 τεμ-

71 2006 74 2008 -
121 1989 238 2026 νομένης
256 1991 306 2025 τῆς
321 1989 457 2025 θεότητος,
471 1990 518 2016 καὶ
535 1990 584 2025 τῆς
604 1991 653 2022 μὲν
675 1991 715 2022 εἰς
732 1991 839 2024 πρῶτον
863 1990 913 2017 καὶ

120 2035 286 2071 δημιουργὸν
310 2035 357 2062 καὶ
382 2035 569 2071 πρεσϐύτερον
594 2035 661 2062 Θεὸν
693 2034 909 2071 ἀφοριζομένης,

120 2081 172 2115 τῆς
189 2081 218 2108 δὲ
237 2082 276 2112 εἰς
290 2080 416 2116 δέύτερον
438 2081 504 2107 Θεὸν
515 2081 725 2116 διακρινομένης
748 2081 794 2107 καὶ
809 2082 912 2116 ὑπουρ-

120 2127 170 2159 γὺν
192 2127 239 2153 καὶ¹
261 2127 407 2162 νεώτερον;
421 2127 506 2154 ταῦτα
524 2127 579 2164 γὰρ
591 2128 641 2162 τῆς
665 2128 712 2154 τοῦ
732 2128 839 2163 Ἀρείου
860 2136 911 2154 πο-

121 2173 208 2206 νηρᾶς
223 2174 326 2208 σπορᾶς
347 2173 382 2199 τὰ
395 2163 562 2208 γεννήματα.
583 2173 664 2200 Ἀλλὲι
690 2174 784 2200 τοῦτον
801 2174 860 2208 μὲν,
873 2174 911 2206 ὡς

120 2216 198 2252 χείλη
217 2216 365 2252 βλάσφημα
376 2217 446 2243 κατὰ
458 2218 503 2244 τοῦ
520 2218 701 2253 πεποιηκότος
715 2218 908 2254 ὁπλισάμενον,

118 2263 170 2297 τῆς
188 2262 338 2298 ἱερωσύνης
350 2264 364 2288 ὁ
380 2262 452 2296 ἱερὸς
469 2262 667 2298 ἀπεγύμνωσεν
679 2263 772 2298 ὅμιλος
789 2272 796 2279 ⁸
812 2264 862 2298 τὴν
879 2264 908 2290 δὲ

118 2309 337 2345 δυσσεϐεστάτην
354 2309 401 2335 καὶ
417 2308 551 2344 ϐεομάχον
568 2309 650 2335 αὐτοῦ
664 2309 770 2345 αἵρεσιν
787 2309 826 2345 τῷ
843 2310 908 2336 ἀνα-

120 2355 219 2390 θέματι
235 2355 424 2382 καθυπέϐαλεν
435 2362 443 2370 ⁶
456 2355 599 2390 ὁμοούσιον
612 2355 651 2388 δὲ,
668 2356 714 2382 καὶ
727 2356 845 2391 ὁμοφυῆ,
862 2357 909 2382 καὶ

120 2401 255 2428 συναΐδιον
265 2401 310 2429 τὸν
323 2402 386 2428 Υῑον
394 2401 440 2428 καὶ
450 2402 534 2435 Λόγον
547 2401 594 2427 τοῦ
608 2401 675 2428 Θεοῦ
683 2401 720 2436 τῷ
729 2403 907 2438 γεγεννηκότι

118 2448 276 2483 Emptum!
294 2449 343 2483 τῆς
360 2449 443 2484 αὐτῆς
468 2448 593 2482 ἐξουσίας
616 2449 665 2476 καὶ
682 2449 852 2485 κυριότητος,
870 2449 908 2481 ὡς

116 2495 144 2521 οἰ
165 2494 232 2521 θεῖοι
260 2495 390 2529 χρησμοὶ,
417 2495 538 2521 καὶτῶν
563 2495 748 2522 εὐσεϐούντων
771 2497 806 2523 τὰ
830 2498 908 2523 κοινὰ

116 2538 253 2574 δόγματα,
265 2539 489 2574 ίερολογήσαντες
504 2539 687 2576 διετράνωσαν
703 2548 710 2555 ’
729 2541 820 2573 καλῶς
835 2542 904 2568 εἰδό-

115 2593 172 2617 τες,
186 2585 227 2612 ὅτι
248 2585 343 2620 ὥσπερ
359 2585 390 2612 τὸ
408 2586 446 2617 εἰς
463 2586 492 2612 ἓν
512 2586 664 2620 συγκλείειν
684 2588 831 2622 πρόσωπον
856 2589 906 2624 τὴν

115 2631 258 2667 τριαδικὴν
277 2631 427 2666 μοναρχίαν
446 2632 493 2658 καὶ
510 2632 660 2668 κυριότητα
695 2633 822 2660 Ἰουδῖκόν
847 2635 905 2661 ἐστι

115 2678 164 2704 καὶ
174 2677 357 2713 μισόχριστον,
369 2677 441 2703 οὕτω
455 2679 501 2705 καὶ
516 2679 546 2705 τὸ
556 2679 735 2714 κατατέμνειν
747 2681 788 2712 εἰς
796 2680 906 2713 ἀνίσους

117 2725 214 2759 φύσεις
227 2725 274 2751 καὶ
298 2723 442 2758 ἀνομοίους
459 2724 553 2756 οὐσίας
581 2725 631 2760 τὴν
661 2726 824 2762 ὑπερούσιον
856 2728 904 2754 καὶ

116 2770 243 2806 ὑπερφυῆ
262 2770 310 2797 κο)⁵
337 2771 441 2797 ἑνιαίαν
464 2770 579 2807 θεότητα
602 2772 758 2807 Ἑλληνικὸν
785 2773 903 2809 ὑπάρχει

117 2816 165 2842 καὶ
176 2816 314 2843 πολύθεον.
339 2816 409 2843 Ἀλλ’
426 2818 455 2842 ἐν
468 2816 573 2850 τούτοις
588 2818 637 2853 μὲν
647 2819 664 2855 ἡ
675 2819 740 2854 ἁγία
753 2819 800 2846 καὶ
815 2819 904 2846 οἰκου-

117 2859 216 2895 μενικὴ
231 2859 323 2896 πρώτη
339 2860 374 2887 Σύ
379 2860 461 2893 νοδος.

969 978 1088 1013 synodus
1100 985 1161 1005 cum
1177 983 1324 1008 constaret.
1340 979 1374 1005 ab
1389 979 1454 1005 Ario
1474 979 1591 1013 quodam
1615 979 1699 1006 rebus
1714 979 1757 1005 in-

968 1024 1102 1051 novandis
1109 1024 1201 1051 dedito
1214 1032 1308 1059 pmnas
1321 1025 1455 1052 lnereticas
1467 1025 1609 1060 pravitatis
1620 1025 1756 1059 exigebat;

968 1070 1144 1104 apostolicam
1165 1078 1197 1097 ac
1210 1071 1331 1098 divinam
1349 1075 1405 1098 tum
1423 1071 1569 1098 retinendo
1585 1075 1641 1098 tum
1657 1071 1757 1098 conlir-

968 1116 1069 1144 mando
1083 1116 1244 1144 doctrinam.
1262 1116 1325 1144 Erat
1338 1122 1427 1144 autem
1441 1118 1525 1144 miser
1535 1117 1579 1144 ille
1595 1117 1757 1144 maledictus

967 1161 1048 1188 Arius
1063 1162 1263 1189 Alexandrinus
1276 1167 1336 1190 ortu
1354 1172 1361 1190 :
1378 1163 1423 1197 qui
1448 1171 1510 1190 cum
1525 1163 1552 1189 in
1568 1163 1670 1190 clerum
1684 1163 1757 1190 illius

968 1207 1096 1234 Ecclesiae
1111 1207 1207 1234 luisset
1218 1213 1369 1242 cooptatus,
1387 1214 1414 1235 et
1426 1208 1458 1234 ad
1475 1208 1625 1243 presbyteri
1642 1209 1756 1243 gradum

967 1252 1145 1284 ascendisset,
1160 1252 1277 1287 primum
1291 1253 1451 1280 insolentius
1463 1261 1491 1279 se
1507 1258 1600 1280 contra
1614 1253 1756 1287 proprium

967 1305 1046 1324 suum
1063 1302 1198 1332 pastorem
1224 1297 1370 1330 eIIerebat;
1389 1302 1419 1324 ut
1441 1298 1478 1324 ita
1500 1298 1632 1332 deinceps
1656 1298 1756 1325 fastum

967 1351 1047 1370 suum
1062 1347 1089 1370 et
1105 1343 1238 1370 insaniam
1254 1343 1288 1370 ad
1302 1351 1479 1371 communem
1497 1349 1634 1379 pastorem
1655 1349 1683 1370 et
1701 1344 1757 1371 Do-

967 1393 1070 1417 minum
1084 1398 1165 1425 porro
1181 1391 1358 1425 protenderet
1371 1401 1377 1418 :
1395 1391 1493 1418 Filium
1510 1400 1629 1427 namque
1644 1400 1676 1419 ae
1689 1391 1758 1418 Ver—

967 1436 1030 1463 bum
1047 1437 1093 1463 Dei
1109 1441 1135 1472 (ο
1148 1437 1357 1464 audaciSsimam
1378 1441 1434 1465 tmn
1455 1438 1575 1474 linguam
1595 1443 1650 1465 tum
1673 1439 1755 1465 etiam

966 1487 1086 1510 mentem
1097 1484 1122 1517 l)
1144 1483 1176 1510 ad
1202 1487 1389 1510 creaturarum
1405 1491 1491 1518 usque
1503 1489 1528 1511 et
1545 1492 1636 1511 rerum
1655 1485 1755 1518 produ-

966 1534 1071 1556 ctarmn
1097 1534 1196 1556 statum
1225 1533 1252 1556 et
1276 1530 1463 1557 conditionem
1489 1530 1644 1565 dejiciebat.
1667 1531 1706 1557 Ac
1721 1539 1755 1557 ne

966 1575 1033 1602 illud
1048 1575 1167 1610 quidem,
1185 1576 1258 1611 quod
1273 1581 1362 1604 tamen
1377 1584 1474 1603 omnes
1489 1584 1536 1611 per
1548 1584 1578 1604 se
1601 1576 1756 1612 intelligunt

964 1626 991 1648 et
1001 1622 1182 1649 communiter
1197 1622 1223 1648 in
1239 1622 1366 1650 confesso
1387 1627 1512 1657 ponunt,
1529 1622 1637 1652 volebat
1651 1623 1755 1653 videre.

965 1668 1038 1702 quod
1052 1667 1180 1695 nimirum
1194 1668 1309 1703 quilibet
1320 1667 1392 1695 ﬁlius
1404 1667 1526 1702 ejusdem
1539 1667 1576 1694 sit
1586 1667 1712 1694 essentia:
1725 1675 1756 1694 ac

964 1718 1069 1740 natura:
1090 1721 1152 1740 cum
1175 1721 1225 1740 suo
1250 1714 1390 1749 genitore;
1415 1717 1443 1740 et
1458 1713 1529 1747 quod
1554 1713 1577 1740 is
1599 1713 1644 1747 qui
1670 1713 1754 1740 ﬁlium

946 1786 948 1795 λ
964 1760 1036 1787 inter
1049 1763 1186 1786 creaturas
1200 1759 1326 1790 collocat,
1343 1763 1450 1794 patrem
1470 1766 1502 1785 eo
1518 1759 1577 1793 ipso
1593 1766 1712 1793 quoque,
1728 1764 1757 1785 et

963 1806 1072 1841 quidem
1089 1806 1176 1841 prius,
1192 1810 1346 1832 creaturam
1363 1809 1483 1832 statuat:
1501 1805 1538 1831 uti
1550 1808 1577 1831 et
1599 1804 1622 1831 is
1639 1804 1685 1838 qui
1704 1804 1756 1831 Pa-

964 1857 1033 1880 trem
1046 1853 1164 1880 essentia
1175 1851 1312 1880 Creatoris
1325 1852 1469 1887 praeditum
1493 1859 1553 1879 esse
1575 1851 1712 1886 intelligit,
1729 1856 1756 1878 et

963 1903 1061 1926 natura
1074 1902 1186 1930 (eterna,
1201 1906 1255 1925 una
1271 1899 1354 1925 simul
1368 1903 1395 1925 et
1409 1899 1504 1926 cadent
1516 1906 1598 1933 opera
1616 1902 1644 1925 et
1655 1897 1755 1924 Filium

963 1945 1086 1979 ejusdem
1112 1950 1216 1971 natum
1232 1952 1264 1972 ac
1285 1945 1411 1972 essentia:
1433 1952 1495 1972 esse
1520 1944 1676 1972 conﬁtetur.
1703 1943 1753 1971 Ubi

963 1995 1054 2018 autem
1069 1990 1122 2017 erit
1132 1991 1270 2018 ﬁlialitatis
1289 1991 1382 2024 (utsic
1397 1991 1502 2025 loquar)
1515 1991 1626 2023 veritas,
1640 1990 1661 2017 si
1675 1990 1758 2018 unius

963 2037 1089 2064 essentia;
1103 2037 1218 2064 exsistat
1235 2042 1321 2071 pater,
1335 2037 1449 2064 alterius
1471 2040 1561 2064 autem
1577 2036 1683 2063 dicatur
1696 2043 1756 2063 esse

962 2081 1112 2108 ﬁliusto
1133 2085 1240 2113 autem,
1266 2082 1403 2117 quomodo
1422 2089 1476 2108 non
1507 2082 1630 2117 paganici
1654 2081 1757 2108 erroris

962 2127 1129 2154 illadeorum
1145 2127 1332 2162 multiplicitas
1363 2135 1423 2155 sese
1449 2133 1565 2159 exseret,
1589 2127 1613 2154 si
1636 2127 1662 2153 in
1688 2127 1755 2154 sub-

961 2174 1088 2200 stantiam
1109 2173 1241 2207 majorem
1266 2180 1293 2200 et
1311 2173 1444 2200 minorem
1464 2173 1597 2199 Divinitas
1613 2172 1752 2199 discinda-

963 2222 1026 2245 tur:
1044 2222 1126 2253 atque
1142 2218 1185 2245 illa
1202 2218 1260 2253 ipsa
1277 2226 1385 2253 quoque
1399 2218 1425 2244 in
1440 2218 1571 2252 primum,
1587 2221 1754 2249 creatorem,

962 2268 990 2290 et
1005 2263 1140 2291 seniorem
1157 2264 1240 2290 Deum
1258 2264 1450 2298 dispertiatur;
1477 2270 1583 2290 necnon
1612 2263 1638 2288 in
1655 2269 1754 2289 secun-

962 2309 1038 2341 dum,
1061 2309 1088 2335 in
1100 2309 1277 2336 substitutmn
1291 2314 1319 2336 et
1329 2309 1465 2344 iuniorem
1477 2308 1560 2335 Deum
1571 2307 1757 2343 discernatur?

963 2354 1026 2382 "me
1034 2359 1098 2382 sunt
1112 2355 1185 2382 enim
1202 2355 1276 2389 impii
1291 2355 1363 2381 illius
1374 2354 1467 2381 Ariani
1478 2354 1591 2380 sen‘ninis
1605 2354 1752 2388 genimina.

963 2400 1108 2428 Hominem
1124 2406 1214 2428 autem
1240 2401 1340 2431 istum,
1360 2405 1454 2435 utpote
1475 2404 1571 2426 contra
1595 2399 1752 2427 Creatorem

962 2455 1042 2475 suum
1058 2447 1128 2475 labia
1142 2447 1301 2482 blasphema
1315 2451 1467 2474 armantem
1493 2454 1558 2478 sua,
1575 2450 1686 2474 sanctus
1710 2447 1755 2474 ille

962 2499 1050 2522 ecetus
1073 2494 1192 2530 privavit
1213 2494 1366 2521 sacerdotio
1381 2502 1388 2520 :
1402 2493 1511 2528 impiam
1536 2500 1617 2528 porro
1641 2497 1669 2520 et
1698 2493 1754 2520 Deo

960 2541 1060 2568 bellum
1080 2540 1244 2567 inferentem
1271 2540 1398 2567 hmresim
1431 2539 1598 2567 anathemati
1624 2539 1752 2574 subiecit.

959 2585 1089 2620 Ejusdem
1105 2591 1196 2613 autem
1213 2586 1374 2613 substantiae
1394 2587 1538 2617 exsistere,
1556 2590 1661 2612 natura;
1679 2585 1754 2619 ejus-

960 2633 1021 2660 dem
1041 2633 1293 2660 velutcoagternum
1306 2654 1313 2665 ,
1338 2633 1436 2660 Filium
1457 2638 1540 2668 atque
1555 2633 1672 2660 Verbum
1694 2632 1752 2663 Dei,

959 2687 1010 2707 suo
1037 2679 1173 2715 genitori,
1202 2679 1259 2714 pari
1287 2680 1431 2715 praeditum
1455 2684 1608 2715 potestate.
1637 2678 1754 2705 Domino

958 2731 1140 2761 exmquatum,
1162 2726 1234 2762 quod
1259 2726 1351 2754 divina
1374 2731 1498 2754 statuunt
1518 2726 1638 2758 oracula,
1661 2729 1689 2752 et
1709 2732 1753 2752 se-

959 2771 1078 2798 cundum
1099 2779 1130 2798 ea
1152 2777 1227 2798 recte
1248 2772 1371 2799 omnium
1394 2771 1570 2798 sentientium
1593 2770 1751 2803 sententia},

957 2826 1025 2853 quas
1047 2818 1073 2844 in
1100 2827 1183 2845 unum
1207 2818 1390 2854 collegerant,
1407 2826 1503 2846 verum
1525 2825 1587 2845 esse
1608 2818 1752 2852 perspicue

959 2865 1024 2892 satis
1040 2864 1226 2893 declarabant.
1249 2865 1315 2893 Illud
1331 2865 1405 2893 enim
1421 2865 1523 2900 optime
1534 2864 1748 2901 cognoscebant,
