1940 3087
187 172 240 205 635
780 177 911 208 ΡῙΙΟΤΙῙ
929 179 984 209 PA'.

1037 180 1181 211 [ARCH/E
1199 183 1253 212 (ΣΡ.
1765 179 1818 210 636

187 228 260 262 quod
283 228 511 263 quemadmodum
533 228 676 257 Iudaicum
707 235 734 258 et
755 231 857 259 Chnin
881 233 972 260 odium
989 242 1044 269 prze
1059 243 1088 263 se
1116 236 1184 269 fert,
1207 237 1391 265 monarehiam
1414 245 1442 265 et
1465 236 1634 264 dominatum
1668 234 1811 261 Trinitatis

187 275 215 301 in
233 275 339 301 unicam
352 282 494 310 personam
506 275 661 303 conclusam
675 277 804 309 retinere,
818 278 853 305 ita
866 287 974 314 quoque
994 285 1022 308 et
1037 281 1064 308 in
1098 287 1210 310 naturas
1220 284 1365 318 inaequales
1396 291 1427 310 ac
1451 282 1616 310 substantias
1636 281 1814 308 dissimilar-cs

187 329 296 349 omnem
313 322 492 349 substantiam
505 324 682 350 excedentem
694 345 701 355 ,
720 332 829 352 omnem
849 329 974 354 naturam
986 335 1197 363 exsuperantem
1211 338 1302 363 uuam,
1317 331 1435 362 unicam,
1462 336 1488 357 et
1519 329 1657 356 unieutem
1679 327 1812 355 Deitatclu

188 369 318 400 dividere,
337 377 500 404 paganorum
513 371 652 405 proprium
664 376 705 398 est
716 373 920 401 multitudinem
940 374 1053 403 deorum
1071 378 1364 406 subintroducentium.
1382 379 1469 413 Atque
1500 378 1528 405 in
1560 378 1620 404 istis
1653 376 1697 403 illa
1721 380 1815 402 sancta

187 416 349 444 universalis
367 417 452 451 prima
467 418 586 452 synodus
601 420 772 448 versabantur.

223 464 249 490 9.
273 464 398 491 Secunda
427 473 509 499 porro
537 471 632 493 sancta
660 468 829 496 cecumenica
863 470 982 505 synodus

1070 471 1103 499 θ’.
1122 471 1154 498 Ἠ
1176 471 1205 498 δὲ
1224 471 1291 505 ἁγία
1310 471 1358 499 καὶ
1378 470 1553 506 οἰκουμενικὴ
1571 470 1685 505 δευτέρα
1709 471 1820 503 σύνοδος

188 511 284 537 urbem
294 511 394 546 rpgiam
408 511 546 546 (nimirum
555 512 832 549 Constantinopolim)
841 523 979 544 sacrarum

1037 516 1087 542 τῶν
1109 516 1157 551 μὲν
1175 517 1255 551 ἱερῶν
1282 516 1491 551 φροντισμάτων
1518 515 1566 551 τὴν
1594 515 1718 550 βασιλίδα
1741 516 1819 542 πόλιν

188 556 415 584 deliberationum
431 557 554 585 consiliis
565 558 653 585 locum
671 567 778 586 sacrum
792 582 798 593 ,
814 561 979 589 destinatum

188 603 264 633 velut
285 611 409 630 tnuseum
437 604 584 631 referebat.
616 604 654 632 Eo
676 614 795 641 namque
819 607 979 642 congregati

189 649 299 675 fuerunt
314 654 423 676 centum
438 650 636 685 quinquaginta
652 652 751 678 sacrati
763 653 824 679 viri.
841 652 981 688 Principes

190 695 262 721 inter
274 694 334 722 illos
351 701 437 727 erant,
463 695 635 730 Timotheus,
657 698 702 732 qui
728 698 819 725 sedem
842 699 980 734 archiepi-

191 741 325 783 scopalem
338 741 570 775 Alexandrinam;
596 743 752 778 spectabilis
775 744 909 776 Meletius.
934 745 981 780 qui

191 787 408 821 Antiochenam;
425 788 549 823 Cyrillus,
572 789 618 824 qui
639 789 913 825 Hierosolymitanam
932 791 980 818 ad-

191 832 362 860 ministrabat
377 834 521 862 Ecelesias.
541 835 622 862 Certe
638 836 747 870 quidem
768 836 910 864 Nectarius
932 837 979 871 ibi,

192 878 237 912 qui
252 886 306 906 non
323 879 357 905 ita
372 880 475 914 pridem
492 881 525 907 de
542 881 800 908 catechumenorum
813 890 893 917 grege
904 890 982 917 sepa-

193 929 268 951 ratus
291 924 383 952 divino
410 925 518 952 lavacro
545 927 641 954 sordes
674 934 730 953 suae
758 927 821 954 vita:
846 927 979 961 abluerat,

193 970 311 998 mundus
333 971 420 998 factus
443 972 622 999 mundissima
654 972 830 1007 pontificatus
852 973 982 1009 dignitate

193 1016 388 1043 convestitur:
412 1017 446 1044 de
473 1017 608 1044 sententia
633 1018 705 1045 illius
729 1019 823 1053 synodi
849 1019 980 1054 generali,

193 1068 243 1095 per
263 1069 374 1089 manum
399 1071 464 1089 vero
485 1063 676 1098 pr:cdictorum
698 1065 846 1099 praesulum
869 1065 982 1100 imposi-

194 1107 306 1141 tionem,
325 1108 361 1135 ita
376 1113 404 1136 ut
417 1109 497 1136 simul
510 1110 589 1144 regia:
601 1110 676 1137 urbis
692 1110 836 1145 episcopus
848 1115 875 1138 et
888 1111 983 1147 synodi

1034 561 1106 597 ἱερὸν
1121 562 1225 588 ἐδείκνυ
1263 562 1472 597 φροντιστήριον
1486 561 1542 596 (15)
1559 570 1566 577 ⁸
1582 562 1622 593 εἰς
1650 562 1820 597 πεντήκοντα.

1031 606 1060 632 δὲ
1075 607 1121 632 καὶ
1148 606 1245 632 ἑκατὸν
1266 606 1365 641 ἄνδρας
1378 606 1467 642 ἱεροὺς
1480 606 1655 641 συνηγείρετο
1670 615 1673 617 ·
1687 606 1821 642 ἐξάρχους

1032 652 1132 686 ἔχουσα
1148 652 1280 688 Τιμόθεόν
1297 661 1327 679 ἰε
1351 651 1365 671 ιι
1384 653 1429 679 τὸν
1465 652 1680 687 Ἀλεξανδρείας,
1699 654 1746 679 καὶ
1774 653 1820 679 τὸν

1031 697 1248 732 ἀξιοθαύμαστον
1267 697 1317 732 τῆς
1347 698 1512 733 Ἀντιοχείας
1527 697 1670 726 Μελὲτιον.
1685 698 1820 734 Κύριλλόν

1031 752 1061 769 τε
1088 743 1142 770 τῶν
1175 744 1393 779 Ἱεροσολύμων,
1420 745 1484 775 τοὺς
1511 744 1686 779 ίεραρχικοὺς
1709 744 1821 780 θρόνους

1034 789 1172 822 ἰθύνοντας
1189 797 1197 805 ο
1217 791 1264 817 καὶ
1278 790 1310 825 δὴ
1325 790 1373 817 καὶ
1389 790 1553 825 Νεκτάριον,
1564 790 1593 821 ὃς
1610 791 1674 825 ἄρτι
1700 791 1749 826 τῆς
1765 790 1821 818 τῶν

1032 837 1244 872 κατηχουμένων
1257 836 1359 871 ἀγέλης
1374 836 1546 872 ἀφορισθεὶς,
1562 837 1609 863 καὶ
1621 835 1661 871 τῷ
1678 836 1743 871 θείῳ
1756 836 1822 863 λου-

1032 882 1089 918 τρῷ
1108 882 1154 908 τὸν
1182 882 1228 909 τοῦ
1255 882 1312 917 βίου
1338 882 1422 918 ῥύπον
1443 882 1679 916 ἀποπλυνάμενος,
1698 881 1823 916 καθαρὸς

1032 929 1093 964 ἢδη,
1106 929 1136 955 τὸ
1152 928 1345 964 καθαρώτατον
1369 930 1419 964 τῆς
1445 928 1586 964 ίεραρχίας
1612 928 1721 963 ἀξίωμα
1736 935 1818 963 περι-

1033 975 1171 1007 ϐάλλεται,
1185 974 1268 1009 ψήφῳ
1285 974 1334 1008 μὲν
1358 975 1434 1010 κοινῇ
1453 974 1502 1009 τῆς
1525 974 1647 1007 συνόδου,
1664 973 1823 1009 χειροθεσίᾳ

1032 1021 1062 1047 δὲ
1080 1020 1133 1047 τῶν
1153 1020 1308 1056 προκρίτων
1324 1029 1332 1036 ι
1352 1022 1399 1047 καὶ
1415 1021 1473 1055 ἅμα
1497 1029 1527 1047 τε
1552 1020 1601 1055 τῆς
1627 1020 1823 1055 βασιλευούσης

1033 1065 1191 1098 ἐπίσκοπος,
1212 1066 1327 1100 καὶτῆς
1352 1065 1462 1092 συνόδου
1487 1066 1672 1101 ἐχρημάτιζεν
1695 1066 1821 1101 ἔξαρχος.

1033 1111 1101 1138 Μεθ’
1112 1107 1149 1137 ὧν
1164 1111 1323 1146 Γρηγόριος,
1336 1111 1350 1137 ὃ
1372 1119 1402 1137 τε
1410 1110 1460 1145 τῆς
1470 1112 1499 1137 ὲν
1511 1111 1696 1146 Καππαδοκίᾳ
1711 1112 1824 1146 Νύσσης

193 1161 295 1187 praeses
324 1156 522 1182 nominaretur.
553 1155 654 1183 Aderat
680 1160 707 1183 et
731 1157 789 1184 istis
816 1156 982 1192 Gregorius,

1037 1158 1194 1190 ἐπίσκοπος,
1218 1158 1264 1184 καὶ
1280 1158 1293 1184 ὁ
1310 1158 1358 1192 τῆς
1382 1158 1543 1192 Θεολοτίας
1567 1158 1597 1191 ἐξ
1612 1158 1701 1193 ἔργων
1719 1158 1822 1184 ἐπώνυ-

195 1199 286 1234 Nyssze
300 1200 327 1227 in
344 1200 514 1235 Cappadocia
533 1201 691 1236 episcopus,
711 1207 737 1229 et
751 1202 797 1236 qui
814 1202 934 1238 leeologi
949 1211 983 1231 ex

195 1246 324 1280 operibus
345 1255 444 1273 nomen
468 1247 597 1274 habebat.
613 1247 681 1274 Cum
703 1248 803 1282 quibus
825 1248 983 1283 conspirare

195 1291 392 1326 agnoscebatur
415 1292 546 1319 Damasus
577 1292 716 1319 Romanus
739 1293 894 1328 episcopus,
919 1294 983 1321 dum

1038 1212 1096 1239 μσς.
1115 1200 1173 1236 Οἷς,
1188 1203 1218 1229 ού
1240 1203 1324 1236 πολὺς
1335 1204 1430 1239 χρόνος
1447 1204 1495 1230 καὶ
1508 1204 1645 1239 Δάμασος,
1664 1204 1678 1230 ὁ
1696 1204 1744 1239 τῆς
1760 1204 1827 1230 Ῥώ-

1039 1258 1102 1284 μης,
1117 1250 1151 1276 τὰ
1165 1249 1235 1276 αὐτὰ
1254 1250 1407 1284 κρατύνων,
1422 1249 1596 1285 ὲγνωρίζετο,
1609 1249 1755 1285 σύμφωνος
1767 1250 1824 1282 τοῖς

1038 1294 1204 1329 προλαϐοῦσι
1224 1294 1432 1329 καθιστάμενος.

195 1339 289 1373 synodi
312 1339 391 1366 istius
415 1344 486 1370 acta,
503 1340 626 1366 eamdem
651 1347 712 1366 Cllltl
728 1339 794 1373 ipsis
819 1340 983 1367 sententiam
997 1340 1104 1374 fovens,
1125 1341 1310 1368 confirmaret.

232 1386 275 1412 10.
296 1385 504 1412 Sacratissimus
520 1393 601 1420 porro
617 1386 718 1412 chorus
734 1385 786 1412 istc
797 1385 983 1413 Macedonium

197 1431 361 1465 quemdam,
378 1431 425 1465 qui
453 1431 544 1458 sedem
565 1431 704 1466 quondam
731 1431 985 1467 Constantinopoli-

198 1481 289 1503 tanam
316 1480 453 1510 arreptam
484 1477 636 1508 invaserat,
663 1477 737 1511 juste
759 1477 867 1504 censuit
891 1485 986 1512 pmnas

198 1522 265 1550 dare
281 1522 420 1555 debuisse,
436 1530 469 1550 eo
482 1523 554 1558 quod
578 1523 605 1549 in
629 1523 833 1550 sanctissimum
853 1523 986 1558 Spiritum

199 1569 262 1595 vita:
292 1568 393 1596 fontem
420 1570 598 1604 blasphemus
626 1570 777 1597 exstiterat.
812 1570 889 1597 Sicut
915 1571 988 1598 enim

198 1614 279 1641 Arius
296 1620 389 1642 contra
413 1615 521 1648 Filium,
544 1615 581 1642 ita
604 1619 630 1642 et
655 1616 706 1642 iste
731 1620 828 1642 contra
855 1615 987 1650 Spiritum

198 1665 324 1687 sanctum
338 1662 422 1688 armis
437 1661 587 1689 instructus
601 1662 740 1697 prodierat
754 1662 781 1689 in
793 1662 898 1690 aciem:
910 1663 989 1697 cujus

200 1706 352 1733 dominium
377 1715 535 1742 supremum
552 1713 579 1735 et
601 1708 783 1743 principatum
809 1708 988 1736 excellentem

201 1751 234 1780 ad
250 1753 378 1780 servilem
401 1758 427 1780 et
454 1754 638 1789 subjectitiam
665 1754 771 1789 redigat
791 1754 987 1782 conditionem.

201 1798 361 1834 Quanquam
389 1799 467 1826 facile
490 1803 614 1833 poterat,
637 1799 659 1826 si
684 1799 712 1825 in
732 1799 758 1826 id
783 1799 925 1827 intendere
938 1807 988 1827 νο·
1002 1813 1023 1842 c

200 1846 307 1875 luisset.
333 1845 425 1872 infelix
453 1850 481 1872 et
506 1846 646 1880 improbus
679 1845 731 1872 iste
758 1845 985 1878 animadvertere,

200 1894 274 1928 quod
298 1898 327 1920 ut
354 1894 392 1920 illi
415 1893 461 1928 qui
487 1893 584 1920 Filium
607 1893 786 1928 compingunt
812 1893 838 1920 in
863 1893 987 1920 ordinem

201 1943 399 1972 creaturarum,
416 1938 580 1966 contumelia
597 1939 776 1965 nihilominus
796 1938 917 1966 alliciunt
939 1938 989 1965 Pa-

202 1989 282 2016 trem,
296 1985 331 2011 ita
345 1985 425 2018 ctqui
437 1988 642 2012 sacrosanctum
665 1984 724 2019 ejus
748 1984 879 2018 Spiritum
900 1991 989 2011 annu-

202 2034 310 2056 merant
332 2030 480 2062 creaturis,
503 2030 584 2057 simili
604 2038 716 2065 prorsus
742 2035 770 2057 et
790 2029 886 2064 :equali
910 2029 990 2056 modo

202 2075 353 2110 blasphemi
362 2075 389 2102 in
401 2077 526 2103 eumdem
538 2081 612 2103 sunt.
623 2076 691 2103 Nam
701 2076 724 2103 si
734 2076 854 2111 Spiritus
866 2080 991 2102 creatura

202 2127 253 2153 est,
268 2126 342 2149 certe
355 2126 382 2149 et
394 2122 437 2150 ille
449 2127 573 2150 creatura
589 2122 680 2154 fuerit,
706 2122 785 2157 cujus
810 2122 922 2156 spiritus
937 2126 988 2149 est.

203 2167 282 2200 Quod
306 2167 329 2194 si
349 2167 428 2195 istius
449 2167 597 2202 impietatis
619 2175 763 2195 excessum
788 2174 867 2193 aures
889 2170 991 2193 nostra)

204 2215 275 2242 ferre
284 2216 510 2251 nequeant,unde
523 2215 625 2243 factum
637 2220 667 2242 ut
675 2214 759 2241 miser
768 2213 812 2240 ille
822 2220 875 2239 non
884 2213 991 2240 intelle-

203 2260 283 2294 xerit,
299 2261 373 2288 omui
390 2261 471 2289 modo
485 2261 551 2288 illud
568 2260 760 2288 declinandum
777 2259 828 2285 sibi
842 2266 902 2285 esse
919 2258 990 2285 unde

1073 1390 1098 1414 ι’.
1115 1383 1199 1417 Οὗτος
1222 1387 1254 1422 δὴ
1271 1386 1317 1413 οὖν
1332 1387 1346 1412 ό
1370 1385 1533 1421 ἱεροφάντης
1557 1385 1639 1421 χορὸς
1660 1385 1828 1412 Μακεδόνιόν

1036 1442 1107 1465 τινα,
1133 1433 1179 1459 τδν
1223 1432 1537 1464 Κωνσταντινουπόλεως
1568 1432 1662 1468 θρόνον
1689 1431 1828 1467 ἅρπαγμα

1038 1479 1122 1505 πάλαι
1134 1478 1328 1514 ποιησάμενον,
1344 1479 1385 1505 ὅτι
1399 1478 1430 1504 τὺ
1456 1478 1591 1512 πανάγιον
1613 1479 1660 1505 καὶ
1673 1479 1829 1513 ζωαρχικὺν

1038 1526 1188 1560 ἐδοσφήμει
1208 1526 1217 1545 '1
1243 1526 1365 1559 Πνεῦμα,
1386 1524 1501 1556 εὐθύνας
1526 1525 1647 1552 ἐδικαίου
1660 1524 1763 1552 δοῦναι.
1781 1526 1829 1558 Ὠς

1039 1571 1092 1605 γὰρ
1109 1570 1218 1605 Ἄρειος
1235 1569 1305 1596 κατὰ
1328 1569 1375 1595 τοῦ
1392 1569 1469 1602 Υξοῦ,
1489 1569 1560 1596 οὕτω
1580 1570 1627 1595 καὶ
1649 1570 1731 1601 αὐτὸς
1756 1570 1830 1596 κατὰ.

1038 1616 1085 1642 τοῦ
1101 1615 1235 1649 παναγίου
1259 1615 1498 1651 παραταττόμενος
1512 1615 1682 1650 Πνεύματος,
1702 1616 1742 1647 είς
1768 1615 1830 1642 δού-

1039 1659 1101 1692 λους
1126 1660 1173 1686 καὶ
1185 1659 1323 1694 ὑπηρέτας
1343 1660 1392 1695 τὴν
1421 1660 1581 1696 δεσποτικὴν
1596 1661 1644 1686 καὶ
1666 1660 1832 1695 ὑπερκειμρ-

1040 1715 1088 1742 νην
1107 1706 1190 1732 αὑτοῦ
1214 1705 1359 1732 συνέταττε
1377 1706 1537 1741 κυριότητα.
1554 1706 1609 1732 Καί
1628 1714 1669 1732 τοι
1693 1707 1757 1741 ῥᾷον
1782 1703 1829 1741 ἦν,

1040 1752 1120 1788 εἴπερ
1133 1751 1268 1783 ἐϐούλετο,
1282 1752 1320 1786 τῷ
1340 1752 1425 1788 ἀθλίῳ
1438 1753 1563 1787 συνορᾷν,
1584 1753 1636 1784 ὅτι,
1653 1752 1780 1787 καθάπερ
1803 1753 1830 1778 οἰ

1040 1797 1085 1824 τὸν
1101 1797 1164 1824 Υἰὺν
1190 1798 1230 1829 εἰς
1259 1797 1361 1832 κτίσμα
1383 1797 1539 1828 τάττοντες,
1568 1797 1618 1832 τὴν
1645 1796 1724 1832 ὕϐριν
1751 1797 1831 1823 οὐδὲν

1041 1840 1122 1878 ἦττον
1137 1844 1325 1878 προσάπτουσι
1335 1843 1374 1878 τῷ
1397 1844 1495 1879 Πατρὶ,
1514 1843 1585 1870 οὕτω
1601 1844 1648 1870 καὶ
1659 1844 1683 1869 οἱ
1699 1843 1729 1870 τὸ
1743 1843 1833 1870 πανά-

1042 1897 1100 1923 γιον
1110 1888 1192 1915 αὑτοῦ
1199 1889 1311 1923 Πνεῦμα
1319 1890 1374 1920 τοῖς
1387 1890 1536 1924 ποιήμασιν
1545 1888 1768 1923 ἐναριθμοῦντες,
1778 1889 1831 1924 τὴν

1024 1948 1026 1950 -
1042 1936 1103 1968 ῐσην
1117 1935 1165 1962 καὶ
1176 1935 1273 1969 ὁμοίαν
1287 1935 1460 1970 βλασφημίαν
1482 1936 1578 1969 ἀφιᾶσι
1599 1935 1659 1961 κατ’
1680 1935 1772 1962 αὐτοῦ.
1791 1935 1824 1962 Εἰ

1042 1981 1096 2016 γὰρ
1104 1982 1134 2008 τὸ
1146 1981 1267 2016 Πνεῦμα,
1279 1981 1392 2016 κτίσμα,
1408 1982 1533 2012 κάκεῖνος
1544 1977 1574 2007 οὗ
1585 1981 1615 2007 τὸ
1626 1980 1748 2016 Πνεῦμα,
1761 1981 1833 2016 μετᾶ

1041 2027 1271 2062 τῶῆκτισμάτων.
1278 2027 1311 2053 El
1318 2027 1346 2053 δὲ
1355 2027 1403 2053 καὶ
1415 2028 1510 2059 ἀκοαῖς
1519 2027 1656 2062 ἀφόρητον
1668 2027 1685 2062 ή
1693 2027 1742 2062 τῆς
1753 2027 1834 2053 ἀθεό-

1042 2081 1123 2106 τητος
1137 2072 1238 2107 ταύτης
1246 2072 1394 2107 ὑπερὸολὴ,
1410 2072 1469 2103 πῶς
1481 2072 1511 2098 οὐ
1524 2072 1640 2107 συνῆκεν
1654 2073 1669 2099 ὁ
1691 2072 1834 2099 ταλαίπω-

1045 2128 1091 2155 ρος
1114 2119 1202 2146 ἐκεῖνο
1222 2119 1344 2154 φεύγειν,
1362 2119 1397 2145 δι’
1427 2116 1458 2145 οὗ
1483 2118 1553 2154 πρὸς
1581 2119 1693 2150 τούτους
1722 2118 1834 2153 ἀνάγκη

1044 2167 1138 2193 πεσεῖν
1174 2167 1237 2197 τοὺς
1268 2165 1420 2200 θεομάχους
1449 2165 1615 2200 λογισμούς;
1656 2165 1775 2195 Ἀθετεῖς
1801 2165 1835 2191 τὸ

1044 2211 1159 2245 Πνεῦμα
1174 2209 1243 2237 εἶναι
1255 2210 1337 2242 θεόνς
1357 2210 1413 2245 (14)
1430 2210 1487 2241 πῶς
1509 2210 1607 2246 ἐρευνᾷ
1622 2209 1655 2236 τὰ
1689 2208 1759 2244 βάθη
1783 2208 1834 2235 τοῦ

1043 2257 1123 2290 Θεοῦ,
1139 2256 1253 2293 κρύφιον
1268 2256 1315 2283 ἀπ’
1341 2256 1441 2290 αὐτοῦς
1459 2255 1518 2288 πῶς
1545 2256 1620 2283 ἐστιν
1639 2255 1719 2287 ἄλλος
1740 2256 1834 2290 παρὰ-

855 2328 974 2357 VARIAE
994 2328 1196 2356 LECTIONES.

240 2379 254 2399 h
274 2379 318 2406 ἵσ.
334 2379 466 2414 Τιμόθεον
481 2379 554 2406 τότε.
607 2379 615 2399 ί
631 2378 675 2404 ῖσ.
694 2377 875 2412 ἐϐλασφήμει.

915 2376 922 2402 i
942 2377 984 2404 ἵσ.
1003 2377 1120 2411 ἁγνίζει.

961 2434 1078 2463 NOTAE.

240 2484 296 2521 (15)
310 2484 554 2520 Φροντιστήριον.
578 2484 653 2521 Vult.
670 2484 741 2521 (llle
765 2491 861 2521 verum
875 2487 988 2521 est,_se-

205 2518 323 2550 cundam
332 2518 482 2556 _synodum
500 2520 684 2556 universalem
707 2518 990 2556 Constantinopolita-

204 2565 267 2584 nam
283 2557 310 2582 in
330 2553 396 2583 urbe
419 2556 462 2583 illa
477 2556 550 2588 regia
563 2555 734 2583 convenisse.
749 2554 778 2581 ln
794 2562 847 2588 qua
867 2553 971 2588 synodo
982 2572 989 2584 ,

204 2600 234 2620 ut
250 2591 380 2627 Synopsis
399 2591 498 2622 habet,
513 2589 632 2627 ἡγοῦντο
650 2590 783 2627 Διάμετρος⁸
800 2588 920 2627 Ῥῴμης,
937 2588 991 2627 ἰδίε-

204 2623 332 2663 κτάριος’
344 2623 666 2663 Κῳνστανῃνουπόλεως,
685 2623 821 2663 Κύριλλος
842 2623 991 2663 Ἰεροσολύ-

207 2657 275 2698 μων,
299 2667 351 2692 etc,
369 2661 452 2698 Quos
472 2660 619 2698 Ἐξάρχους
630 2664 709 2687 vocat
727 2657 851 2698 Ifhotius.
869 2657 921 2685 Sed
940 2657 992 2698 Qa-

205 2693 299 2725 iuasus
314 2705 367 2723 non
379 2693 481 2727 adfuit,
499 2693 658 2730 ne'quidem
673 2702 722 2730 per
739 2694 843 2729 legatos
852 2702 871 2730 λ
879 2693 994 2730 necd'l‘i-

205 2733 342 2763 motheus,
353 2731 407 2758 nisi
423 2728 579 2758 continuata
593 2728 705 2765 synodo,
721 2728 801 2756 turbo
816 2734 843 2755 et
857 2728 995 2765 flabellum

206 2768 279 2794 illius
302 2766 487 2801 tempestatis,
509 2773 560 2800 qua
573 2763 708 2801 idejectus
725 2765 824 2801 throno
850 2763 996 2801 Gregorius

207 2798 411 2833 Nazianzenus,
429 2802 474 2835 qui
491 2798 548 2829 hic.
565 2800 712 2833 Θεολογίας
727 2799 757 2831 ἐξ
777 2799 865 2835 ἔργῳν
890 2798 996 2824 ἐπώνυ-

211 2844 270 2869 μος,
284 2837 394 2863 dicitur.
408 2834 569 2863 Nazianzeni
585 2843 695 2861 causam
712 2835 747 2861 ita
762 2834 880 2861 breviter
891 2838 919 2860 cl
931 2841 996 2869 vere

203 2868 322 2907 lexpedit
338 2872 476 2907 Synopsis.
488 2870 628 2906 Gregorius
642 2870 783 2904 Theologus
795 2869 911 2896 obtinens
926 2868 996 2895 thro-

1043 2490 1105 2509 num
1130 2480 1463 2515 Constantinopolitatmm,
1488 2479 1534 2514 qui
1556 2486 1616 2515 cum
1630 2478 1658 2504 in
1674 2477 1722 2515 illo
1738 2483 1835 2515 sum-la

1042 2519 1140 2553 synodo
1156 2517 1249 2544 divisio
1264 2513 1405 2553 oriebatur,
1417 2519 1508 2553 sponte
1521 2522 1571 2541 sua
1589 2513 1617 2540 in
1629 2513 1726 2553 synodo
1739 2513 1837 2538 throno

1044 2547 1222 2585 νὲιιιιηιίαυὶι,
1241 2556 1264 2578 et
1277 2551 1368 2588 habita
1384 2550 1515 2582 oratione,
1529 2557 1582 2588 qua
1603 2556 1662 2574 cum
1681 2547 1839 2588 ﬁdem‘pra-

1046 2589 1180 2622 ﬁteretur,
1203 2581 1258 2614 tum
1274 2586 1375 2613 abitum
1390 2588 1519 2622 parm-etp
1529 2581 1557 2610 in
1568 2583 1708 2622 prwsentia
1719 2581 1837 2622 Potrqu

1046 2618 1152 2650 illorum
1167 2627 1271 2649 centum
1286 2625 1309 2647 et
1324 2618 1411 2656 (locem
1423 2619 1654 2656 excessitsyuodo,
1668 2623 1692 2656 et
1710 2618 1838 2656 migravit

1047 2659 1223 2686 Nozianzum.
1237 2657 1265 2684 lu
1282 2655 1463 2692 cujusiloeum
1479 2654 1617 2692 impiiilli,
1631 2653 1840 2692 qu_i__amotionis

1046 2701 1128 2722 causa
1152 2688 1322 2724 exstiterant;
1346 2690 1502 2718 Nectarium
1528 2689 1628 2716 laicum
1641 2709 1649 2721 ,
1665 2688 1739 2714 illum
1754 2688 1839 2722 cujus

1046 2728 1171 2756 meminit
1184 2727 1308 2759 Pltotius,
1327 2731 1422 2753 contra
1436 2731 1555 2762 canones
1566 2724 1751 2762 ἰιιιιπιιδριθιιῃι3⁵
1824 2757 1839 2762 _

1082 2763 1138 2798 (Η)
1159 2763 1230 2798 Lego
1244 2767 1271 2789 et
1294 2756 1520 2798 distittguo,_n&)g
1535 2759 1642 2798 fpspvéj
1655 2756 1777 2798 σιτᾲιβέιρηΔ
1788 2757 1841 2783 τοῦ

1047 2792 1254 2833 Θεὸῦξκρύῷιον
1271 2798 1317 2824 ἀπ’
1332 2792 1424 2824 αὺτόῦ.
1434 2795 1502 2823 Nam
1517 2792 1615 2822 alludit
1630 2792 1664 2822 ad
1682 2793 1747 2821 illud
1762 2792 1841 2827 Apo-

1047 2834 1118 2866 stoli,
1135 2833 1144 2861 l
1159 2833 1222 2862 Cor.
1237 2841 1267 2867 ιι,
1284 2833 1329 2861 10.
