1940 3087
88 170 134 201 637

661 172 927 202 EPISTOLARUM
951 172 1065 201 LIBER
1081 172 1096 202 Ι

1653 170 1707 200 638

87 227 179 262 κλητος
195 235 202 260 ;
218 227 276 258 πῶς
300 227 477 254 συντάττεται
492 228 581 263 Πατρὶ
606 229 653 255 καὶ
674 228 749 263 Υἰῷ;
765 229 866 264 Πορευ-

920 229 974 256 fieri
991 228 1103 255 omnino
1117 226 1213 254 debuit
1232 230 1261 253 ut
1275 233 1302 252 In
1326 225 1477 253 istiusmodi
1491 225 1588 259 impias
1603 229 1630 252 ct
1643 233 1706 252 cum

87 273 172 304 θέντες
185 272 251 307 γὰρ,
264 273 345 304 αὐτός
358 281 439 307 φησιν
453 273 467 298 ὁ
484 273 553 305 Υἱὸς,
569 273 758 310 μαθητεύσατε
778 275 868 302 πάντα

86 319 117 346 τὰ
138 319 212 353 ἔθνη,
231 319 409 355 βαπτίζοντες
428 320 527 351 αὐτοὺς
541 321 582 352 είς
596 321 626 347 τὸ
642 321 726 356 δνομα
749 322 796 348 τοῦ
811 323 868 348 Πα-

86 364 155 399 τρδς,
171 365 218 391 καὶ
231 365 278 391 τοῦ
297 364 372 396 Υἱοῦ,
390 366 437 391 καὶ
452 366 499 392 τοῦ
512 366 591 400 ἁγίου
604 367 774 402 Πνεύματος.
793 369 824 394 El
838 369 868 394 ’ἐν

86 418 110 436 τι
125 410 178 436 τῶν
197 410 282 445 τριῶν
297 410 410 445 κτίσμα,
425 411 454 437 ὲν
473 409 514 442 οἷς
543 410 728 446 φωτιζόμεθα,
747 412 807 438 οὐδὲ
834 412 869 439 τὰ

86 451 162 480 λοιπὰ
176 453 341 488 καθαρεύσει
356 454 405 490 τῆς
421 453 536 489 ὕϐρεως.
560 455 630 482 Ἀλλ’
646 457 670 483 εἰ
683 457 796 491 κτίσμα,
812 457 869 489 πῶς

87 498 169 530 κτίζει
180 508 187 531 ;
197 499 256 530 πῶς
265 499 374 533 ἁγιάζει
386 499 409 532 i;
424 501 481 532 πῶς
489 501 631 535 ζωοποιεῖς
644 502 702 534 πῶς
711 502 869 538 διαιρεῖ’χα-

87 544 218 579 ρίσματα;
234 546 291 577 πῶς
311 545 338 571 δὲ
359 546 439 579 Θεός;
452 546 521 572 ἀλλὰ
535 546 636 574 τούτων
647 547 724 574 οὐδὲν
741 550 843 580 ἐκεῖνος
854 549 869 574 ὀ

86 590 266 626 φρενοϐλαϐὴς
293 591 339 616 ἐπὶ
352 592 414 617 νοῦν
437 592 613 627 βαλλόμενος,
628 594 677 628 τῆς
703 594 869 628 μοναρχικῆς

86 635 148 662 αὐτὸ
157 638 204 662 καὶ
215 638 280 671 μιᾶς
288 637 442 672 ἀδιαιρέτου
454 638 580 674 θεότητος
591 638 707 674 διασπᾷν
715 639 744 665 τὸ
758 640 869 674 Πνεῦμα

85 681 183 716 ἐτόλμα
211 682 259 708 καὶ
287 683 499 718 ἀπεθρασύνετο.
529 684 574 710 Διὸ
605 685 722 719 καὶτῆς
742 684 869 716 ἀσεϐείας

86 726 181 760 ἐπάξια
198 729 293 763 εἴληφε
305 729 338 755 τὰ
354 729 502 764 ὲπιχείρια,
519 730 602 768 ,αὑτός
615 739 644 757 τε
662 731 806 765 ἀφαιρέσει
819 731 869 765 τῆς

87 774 234 810 ἱερωσύνης
262 776 421 810 ζημιωθεὶς,
433 777 480 802 καὶ
506 769 607 808 πάντες
631 778 687 803 ὅσοι
704 777 755 812 τῆς
783 776 866 803 αὑτοῦ

85 820 227 855 θεομαχίας
244 821 274 847 τὸ
295 822 405 848 ἀνίατον
419 822 627 858 παρεζήλωσαν.
651 823 707 849 Καὶ
726 823 763 854 ὡς
796 824 867 849 ἐκεῖ-

84 874 127 897 νος
136 866 166 892 τὸ
180 867 313 900 πανάγιον
331 867 442 903 Πνεῦμα
457 869 506 902 τῆς
523 868 664 904 τριαδίκῆς
692 869 758 902 μιᾶς
773 869 867 904 Θεότη-

919 273 974 301 Deo
995 277 1146 308 pugnantes
1167 271 1312 314 opiniones
1333 271 1455 298 recidat?
1469 271 1626 298 Couccdcre
1652 279 1707 297 non

919 318 960 345 vis
977 319 1108 353 Spiritum
1119 326 1178 345 esse
1193 317 1297 344 Deum?
1316 322 1343 344 at
1355 317 1489 351 quomodo
1505 316 1641 350 profunda
1659 317 1706 344 Dei

919 369 1065 395 scrutatur.
1084 365 1118 391 ab
1143 365 1201 398 ipso
1226 364 1370 390 abstrusa?
1392 364 1530 398 quomodo
1551 364 1604 391 erit
1634 365 1706 390 alius

919 409 1095 437 Paraclctus?
1120 410 1193 437 unde
1221 409 1321 436 factum
1343 414 1373 435 ut
1395 417 1455 436 cum
1485 409 1564 436 Patre
1587 414 1615 436 et
1638 409 1707 436 Filio

899 449 900 452 Ἴ
919 455 1118 491 componatur?
1139 455 1236 482 Eunles
1256 455 1341 486 enim,
1361 455 1398 480 ait
1421 455 1537 489 ipsemet
1558 455 1652 487 Filius,
1678 455 1707 481 in

919 503 1044 529 mundum
1063 503 1229 533 universum,
1247 501 1334 528 docete
1354 509 1441 527 omnes
1463 501 1591 530 nationes,
1615 501 1706 531 bapti-

919 552 1009 574 zanles
1032 556 1074 574 eos
1102 548 1130 573 in
1159 548 1262 573 nomine
1278 547 1378 577 Patris,
1403 552 1426 572 ιιι
1451 546 1524 578 Filii,
1549 552 1572 573 et
1592 546 1708 581 Spiritus

918 593 1003 619 sancti
1028 594 1049 619 '.
1081 591 1156 624 Quod
1201 592 1223 618 si
1257 597 1346 618 autem
1377 599 1392 618 e
1434 591 1521 618 tribus
1560 592 1641 624 istis,
1679 591 1708 618 in

919 646 1035 673 quorum
1063 637 1219 663 uotniuibus
1247 637 1371 671 baptizati
1404 637 1606 667 illumiuamur,
1636 645 1708 663 unus

918 685 971 711 erit.
987 689 1124 717 creatura,
1147 689 1222 712 certe
1236 685 1346 718 quidem
1369 692 1420 710 nec
1444 683 1533 710 ueteri
1552 685 1586 709 ab
1610 683 1710 717 injuria

919 731 969 759 hac
983 736 1009 759 et
1023 731 1187 758 contumelia
1204 730 1340 757 immunes
1370 729 1480 756 fuerint.
1494 729 1570 761 Quod
1587 729 1609 755 si
1632 736 1710 755 erea—

919 781 979 804 tura
1011 777 1066 808 sit,
1107 776 1244 812 quomodo
1267 775 1414 810 quidquam
1454 774 1545 801 creat?
1573 774 1729 808 quomodo.

919 821 1078 854 sanctiﬁcat,
1104 823 1147 850 vel
1171 821 1310 849 viviﬁcat?
1324 820 1462 855 quomodo
1485 820 1627 847 distribuit
1646 819 1711 846 cha-

919 869 1052 896 rismata?
1067 868 1202 903 quomodo
1213 867 1303 894 Deus?
1317 866 1391 893 Nihil
1411 871 1501 892 autem
1519 866 1632 892 istorum
1658 865 1707 891 dc-

83 911 126 944 τός
138 921 167 938 τε
179 912 226 939 καὶ
239 913 401 948 κυριότητος
413 914 570 950 ἀλλοτριοῦν
584 914 762 950 ἐφρυάττετο,
780 915 866 946 οὕτως

921 915 986 941 lirus
1001 914 1047 940 ille
1069 914 1139 949 apud
1164 913 1280 940 animam
1298 919 1374 939 suam
1396 916 1526 946 reputans
1556 910 1708 946 cogitabat;

83 957 161 984 αὑτὸν
176 959 192 993 ὴ
209 958 275 992 ἁγία
296 959 343 985 καὶ
370 959 547 994 οἰκουμενικὴ
568 959 677 991 σύνοδος
691 961 740 986 καὶ
761 960 812 993 τῆς
829 961 864 986 ἱε-

84 1003 206 1038 ρωσύνης
233 1004 279 1030 καὶ
295 1005 345 1039 τῆς
371 1005 426 1031 τῶν
443 1006 547 1032 πιστῶν
564 1005 674 1041 μερίδος
700 1006 748 1032 καὶ
768 1015 867 1033 συναυ-

82 1047 140 1080 λίας
154 1045 198 1074 οἶα
208 1048 332 1084 δεύτερον
346 1050 528 1086 ⁴ιλλλοτρίωσεν
545 1051 662 1086 Ἄρειον.
678 1051 715 1077 Τὸ
735 1051 763 1076 δὲ
779 1051 867 1077 πανά-

82 1102 140 1128 γιον
160 1095 208 1121 καὶ
232 1094 383 1130 ζωαρχικὸν
400 1096 522 1130 Πνεῦμα,
535 1096 553 1122 ἃ
575 1105 604 1123 τε
625 1096 658 1132 δὴ
680 1096 800 1131 ὁμοφυὲς
820 1097 868 1122 καὶ

82 1139 234 1172 ὁμοούσιον,
249 1141 384 1171 ίσοσθενές
395 1150 425 1167 τε
437 1142 484 1168 καὶ
493 1141 709 1176 παντοδύναμον,
728 1141 766 1176 τῷ
779 1141 867 1175 Πατρὶ

83 1185 128 1211 καὶ
149 1185 188 1219 τῷ
212 1186 267 1221 Υίῷ
300 1187 566 1222 συμπροσκυνεῖσθαι
591 1189 637 1214 καὶ
671 1187 867 1222 συνδοξολογεῖ-

83 1229 154 1261 σθαι,
168 1232 239 1257 κατὰ
254 1231 305 1263 τὰς
321 1232 458 1266 πατρικάς
476 1241 506 1258 τε
529 1232 576 1259 καὶ
589 1232 746 1266 θεολογικὰς
762 1233 865 1266 φωνὰς,

81 1276 249 1310 ἀνεκήρυξαν
266 1285 273 1292 ·
304 1278 496 1312 ὲκθερίσαντες
529 1278 621 1304 τέλεον
639 1278 685 1305 καὶ
718 1278 745 1304 εἰ
766 1287 791 1304 τι
814 1278 863 1310 τῆς

87 1320 228 1356 ’Δρειανῆς
262 1324 365 1358 σπορᾶς
390 1324 509 1355 ζιζάνιον
532 1324 680 1358 ὑπειρὺετο.
709 1324 866 1360 Τηνικαῦτα

80 1367 108 1394 δὲ
133 1367 182 1399 τὰς
199 1367 250 1402 τῆς
279 1368 414 1404 βασιλείας
439 1370 517 1404 ἡνίας
540 1371 554 1396 ὁ
584 1370 670 1405 μέγας
695 1369 732 1401 ὡς
759 1369 867 1404 ἀληθῶς

80 1413 127 1439 καὶ
149 1414 270 1449 μεγάλης
294 1414 432 1450 εὐφημίας
457 1415 532 1447 ἄξιος
558 1414 755 1450 περιεζώννυτο
772 1415 866 1441 Θεοδό-

82 1467 148 1491 σιος,
168 1460 307 1495 πρόμαχος
331 1461 378 1488 καὶ⁹
396 1461 478 1493 αὐτὸς
493 1462 541 1496 τῆς
565 1462 706 1493 εὐσεῦείας
736 1460 866 1497 γνωριζό-

83 1513 172 1539 μενος.
205 1505 274 1531 Ἀλλ’
303 1506 331 1532 ἐν
353 1506 460 1538 τούτοις
486 1507 536 1543 μὲν
560 1507 608 1533 καὶ¹
642 1507 711 1542 αὕτη
741 1508 758 1542 ὴ
800 1507 865 1542 ἁγία

85 1550 203 1582 σύνοδος.

921 961 967 988 sed
985 968 1067 987 ausus
1089 965 1130 987 est
1151 959 1233 986 homo
1246 959 1430 991 importunus,
1451 957 1601 984 insolenter
1620 965 1635 985 a
1648 964 1708 982 mo-

920 1007 1048 1034 narchica
1066 1006 1157 1037 unica,
1177 1005 1293 1032 indivisa
1308 1004 1413 1031 Deitate
1425 1003 1547 1030 dividere
1564 1002 1708 1037 Spiritum.

919 1052 1065 1085 Quorcirca
1085 1052 1193 1087 dignam
1210 1059 1258 1079 sua
1281 1051 1423 1078 molitione
1448 1050 1530 1084 impia
1554 1049 1708 1076 mercedem

919 1099 1031 1133 recepit.
1048 1097 1115 1124 Nam
1130 1103 1157 1124 et
1169 1097 1320 1124 sacerdotio
1334 1097 1456 1132 privatus
1478 1095 1662 1127 multabatur;
1683 1098 1710 1121 et

921 1151 974 1171 una
1001 1152 1063 1171 cum
1093 1151 1126 1170 eo
1152 1148 1330 1177 quotcunque
1359 1142 1556 1176 incorrigibilcs
1585 1141 1708 1168 eamdem

920 1188 1044 1215 hzcresim
1059 1188 1084 1214 in
1099 1187 1182 1215 Deum
1197 1188 1348 1222 blasphemi
1362 1187 1546 1214 seetabautur.
1563 1186 1595 1213 Et
1610 1193 1708 1220 quem-

919 1235 1065 1262 admodum
1090 1235 1134 1261 ille
1157 1240 1280 1261 sanctum
1301 1234 1431 1268 Spiritum
1454 1233 1572 1259 alienum
1591 1240 1605 1258 a
1627 1231 1708 1258 Trin~

920 1288 973 1307 una
1003 1280 1108 1308 Deitate
1132 1285 1159 1307 et
1182 1280 1371 1307 Domiuatione
1390 1279 1545 1314 jactitabat,
1573 1278 1607 1304 ita
1632 1277 1707 1303 ἰΙΙιιιιι

920 1331 1013 1353 sancta
1037 1331 1065 1353 et
1085 1326 1248 1353 universalis
1267 1326 1407 1360 synodus,
1434 1329 1564 1358 tanquam
1592 1323 1707 1350 alterum

919 1372 1025 1404 Arium,
1043 1380 1058 1398 a
1082 1371 1236 1398 sacerdotio
1259 1376 1286 1398 ct
1306 1371 1425 1398 ﬁdelium
1449 1369 1573 1397 sodalitio
1595 1377 1626 1396 ac
1645 1376 1709 1402 por-

920 1418 994 1445 tione
1009 1417 1157 1445 declaravit
1185 1418 1314 1444 alienum.
1342 1416 1548 1444 Sanctissimum
1573 1423 1655 1450 porro
1681 1418 1709 1441 et

918 1464 981 1492 vita:
991 1463 1139 1491 Auctorem
1151 1463 1328 1498 principalem
1346 1463 1488 1498 Spiritum,
1505 1462 1581 1496 juxta
1599 1461 1708 1487 Patrum

919 1514 946 1537 et
971 1509 1159 1544 theologorum
1177 1509 1339 1540 sententias,
1365 1508 1475 1543 publico
1499 1507 1636 1542 pra-conio
1660 1506 1709 1533 dc-

881 1551 901 1580 C
919 1554 1092 1584 monstravit,
1109 1561 1162 1580 una
1176 1560 1239 1579 cum
1261 1552 1340 1580 Patre
1365 1560 1397 1579 ac
1415 1552 1482 1579 Filio
1497 1551 1664 1579 adorandum
1681 1554 1709 1577 et

80 1597 162 1624 simul
184 1597 398 1633 gloriﬁcandum.
431 1605 527 1635 utpote
553 1600 676 1635 ejusdem
702 1601 878 1627 exsistentem
899 1607 962 1627 cum
982 1599 1034 1626 illis
1054 1603 1159 1626 natura:
1193 1598 1418 1632 substantieeque,
1431 1597 1489 1632 pari
1506 1597 1648 1632 pra-ditum
1669 1597 1708 1628 vi,

79 1644 213 1678 potentia.
228 1644 449 1678 facultate.Quin
465 1651 493 1673 et
511 1646 533 1673 si
548 1647 620 1681 quod
642 1646 809 1673 zizaniorum
837 1646 926 1673 adhuc
956 1647 990 1673 de
1023 1645 1126 1673 semine
1147 1645 1202 1671 Arii
1225 1644 1467 1679 suppullulaverat,
1493 1647 1520 1669 et
1556 1642 1622 1669 illud
1642 1642 1708 1669 stir-

79 1690 153 1724 pitus
164 1691 327 1719 evellebant.
343 1691 451 1727 Imperii
466 1700 548 1727 porro
559 1697 625 1720 tunc
639 1694 768 1728 temporis
785 1692 863 1720 frena
882 1693 1076 1720 moderabatur
1090 1699 1205 1727 magnus
1221 1691 1265 1718 ille
1284 1694 1312 1716 et.
1345 1697 1443 1725 magno
1463 1688 1573 1715 laudum
1605 1695 1709 1723 praeco-

79 1738 127 1764 nio
140 1739 319 1768 celebrandas
331 1740 518 1773 Theodosius;
539 1741 585 1776 qui
606 1741 737 1777 religiosae
755 1741 865 1776 pietatis
902 1745 1090 1776 propugnator
1115 1739 1240 1776 egregius
1265 1739 1424 1766 exsistebat.
1459 1738 1546 1772 Atque
1578 1737 1610 1764 ad
1635 1736 1710 1763 hunc

78 1784 190 1811 modum
204 1786 299 1813 habuit
313 1794 342 1813 se
357 1787 407 1814 ista
423 1788 553 1823 synodus.

116 1830 160 1857 ια’.
185 1831 216 1857 Ἦ
230 1832 258 1857 δὲ
271 1832 336 1866 ἁγία
360 1834 408 1859 καὶ
422 1833 599 1869 οἰκουμενικὴ
614 1833 695 1868 τρίτη
717 1833 824 1865 σύνοδος
837 1834 867 1860 ὲν

80 1877 131 1911 μὲν
144 1878 177 1912 τῇ
204 1877 274 1903 κατὰ
289 1878 338 1912 τὴν
359 1878 451 1904 Ἀσίαν
477 1878 581 1913 Ἐφέσῳ
607 1878 791 1913 συνεκροτήθη
805 1886 811 1893 ·
827 1879 868 1910 εἰς

77 1923 234 1954 διακοσίους
254 1923 282 1949 δὲ
306 1922 483 1958 ἐπληθύνετο.
511 1924 555 1950 Ἐν
571 1921 612 1955 οἷς
634 1923 769 1958 ἡγεμόνες
783 1925 868 1958 ἐγνω-

82 1969 200 2003 ρίζοντο,
216 1968 350 2004 Κύριλλός
369 1978 399 1995 τε
415 1971 428 1996 ὁ
444 1971 472 1996 ὲν
494 1969 613 2004 πατράσι
638 1968 821 2004 περιώνυμος,
837 1969 867 2001 ὃς

76 2014 112 2041 δι’
131 2014 232 2050 ἀρετὴν
243 2015 291 2041 καὶ
311 2015 406 2049 σοφίας
423 2015 538 2041 πλοῦτον
552 2015 601 2049 τῆς
623 2014 796 2049 Ἀλεξάνδρου
818 2023 866 2049 με-

76 2058 250 2093 γαλοπόλεως
267 2059 362 2087 ἰθύνων
380 2059 424 2087 τδν
448 2060 551 2095 θρόνον,
564 2060 610 2086 καὶ
628 2060 676 2086 τοῦ
694 2059 803 2095 Ῥώμης
813 2061 866 2087 Κε-

75 2103 201 2130 λεστίνου
214 2105 262 2139 τὴν
275 2105 409 2140 καθέδραν
431 2105 586 2140 ἀνεπλήρου
601 2106 649 2132 καὶ
664 2105 694 2132 τὸ
708 2105 864 2140 πρόσωπον.

955 1832 998 1859 Η.
1014 1831 1103 1858 Tertia
1129 1836 1219 1858 autem
1244 1834 1337 1858 sancta
1357 1836 1384 1858 et
1404 1830 1566 1858 universalis
1587 1827 1710 1865 synodus

918 1879 1017 1913 Ephesi
1026 1879 1052 1905 iu
1060 1877 1121 1905 Asia
1127 1877 1350 1912 congregabatur,
1360 1877 1628 1904 numeroducenario
1635 1884 1710 1904 eom-

918 1925 1000 1959 pleta.
1012 1923 1153 1958 Principes
1169 1930 1250 1958 porro
1265 1922 1434 1954 ferebantur,
1447 1921 1562 1957 Cyrillus
1577 1921 1621 1948 ille
1637 1922 1709 1948 inter

919 1969 1013 1996 Patres
1023 1968 1268 1999 nominatissimus,
1283 1967 1330 2002 qui
1346 1972 1374 1994 et
1398 1967 1500 1994 virtute
1512 1972 1539 1994 et
1563 1967 1709 2002 prudentia

920 2015 1147 2043 instructissimus
1159 2022 1261 2049 magna:
1277 2013 1348 2040 illius
1371 2013 1516 2041 Alexandri
1537 2013 1612 2040 urbis
1632 2012 1708 2040 thr»-

920 2070 985 2089 num
1000 2061 1158 2089 insidebat:
1183 2068 1290 2087 necnon
1317 2059 1457 2086 leestini
1485 2058 1614 2086 Romame
1634 2058 1709 2085 urbis

919 2108 1038 2144 episcopi
1059 2107 1151 2134 obibat
1170 2111 1198 2133 et
1210 2106 1355 2141 peragebat
1370 2106 1454 2133 vices.
1469 2105 1571 2132 Aderat
1587 2103 1709 2144 et‘Mem-

75 2149 148 2177 Μεθ’
163 2147 199 2176 ὧν
213 2149 259 2176 καὶ
272 2138 399 2185 Μέμνῷν,
416 2153 429 2178 ό
447 2151 495 2186 τῆς
517 2138 648 2185 ’ἑφεσίων
659 2138 805 2187 ἐκκλησίας
820 2152 866 2186 ἒμ-

920 2138 986 2186 nou,
1004 2138 1050 2188 qui
1074 2153 1107 2180 ad
1128 2138 1233 2180 clavum
1252 2138 1397 2186 Ephesinae
1428 2151 1553 2183 Ecclesia:
1574 2138 1707 2178 sedebat:

76 2196 296 2230 πεπιστευμένος
303 2197 365 2227 τοὺς
373 2196 478 2228 οἴακας·
491 2197 537 2223 καὶ
544 2198 576 2231 δὴ
586 2198 632 2224 καὶ
641 2199 654 2224 ὁ
661 2198 716 2224 τῶν
724 2198 756 2224 Ίε
761 2197 866 2233 ροσολύ-

77 2247 151 2273 μων,
175 2239 358 2271 ἰουῦενάλιος.
377 2240 480 2270 Οῖτινες
499 2241 547 2266 σὺν
560 2243 640 2267 παντὶ
652 2242 692 2277 τῷ
712 2243 760 2277 τῆς
785 2243 865 2269 auuo—

74 2285 123 2311 δου
143 2284 317 2320 πληρώματι,
331 2286 376 2312 τὸν
393 2285 509 2321 δυσσεϐῆ
525 2287 682 2322 Νεστόριον,
698 2297 735 2315 ων
760 2289 864 2323 ὴσέὸει,

75 2331 159 2362 δίκας
187 2331 406 2366 εὶσεπράττοντο.
436 2333 483 2363 Ὃς
514 2333 546 2358 ὲκ
571 2332 620 2367 τῆς
654 2334 799 2369 Ἀντιόχου,
816 2336 866 2370 τῆς

75 2376 149 2410 πρὸς
176 2377 215 2411 τῷ
240 2376 362 2413 Ὀρόντῃ,
389 2377 558 2412 ὁρμώμενος,
574 2379 619 2405 τὸν
646 2380 867 2409 Κωνσταντινου-

76 2422 185 2452 πόλεως
202 2423 295 2457 θρόνον
309 2424 359 2450 οὐκ
375 2423 480 2457 εὐαγῶς
502 2425 690 2460 ἐγκεχείριστο
708 2427 775 2461 (15).
796 2427 866 2453 Ἀλλ’

75 2469 126 2495 δέ
149 2467 320 2504 ταλαίπωρος
339 2466 416 2501 οὗτος
432 2488 439 2501 ,
455 2470 487 2496 ἐκ
511 2469 566 2496 τῶν
582 2469 637 2505 (16)
658 2470 790 2506 Διοδώρου
817 2472 865 2499 καὶ

113 2539 126 2554 ¹
144 2537 238 2565 Matth.
260 2546 356 2571 xxvtu,
370 2538 466 2565 (8&0.

919 2199 1079 2228 Juvenalius
1093 2207 1201 2233 quoque
1219 2197 1478 2233 Hierosolymorum.
1490 2197 1547 2228 Isti,
1571 2205 1623 2223 una
1645 2204 1707 2223 cum

921 2247 1005 2274 totius
1020 2245 1114 2281 synodi
1129 2253 1259 2272 consessu
1285 2249 1394 2275 caetero,
1421 2243 1455 2270 ab
1482 2243 1566 2277 impio
1580 2241 1706 2268 Nestorio

918 2291 1065 2326 impietatis
1081 2298 1136 2317 Sua;
1158 2297 1252 2324 poenas
1269 2288 1455 2324 reposcebant.
1472 2287 1518 2315 Ille
1545 2292 1634 2313 autem
1650 2286 1707 2313 An-

919 2337 1019 2364 tiochia
1034 2340 1112 2363 ortus
1134 2335 1168 2362 ad
1194 2335 1324 2363 Oroutcm
1344 2334 1444 2361 ﬂumen
1465 2334 1526 2364 sita,
1545 2339 1626 2367 atque
1643 2333 1706 2361 inde

916 2382 1063 2417 profectus,
1076 2382 1172 2408 solium
1188 2379 1521 2414 Constantiuopolitanum
1546 2379 1618 2406 haud
1639 2387 1706 2407 sane

916 2427 1034 2462 legitime
1047 2427 1254 2454 conscenderat.
1270 2426 1364 2453 infelix
1382 2425 1434 2452 istc
1445 2425 1527 2452 homo
1541 2425 1574 2452 de
1589 2425 1707 2452 lutulen-

917 2473 952 2500 tis
963 2473 1072 2501 Diodori
1086 2477 1115 2500 et
1128 2469 1266 2500 Theodori
1289 2471 1460 2506 impietatum
1480 2471 1704 2506 scaturiginibus,

835 2575 950 2603 NOTIE.

115 2618 174 2655 (15)
186 2618 247 2645 οὐκ
258 2618 371 2653 εὐατῶς
382 2618 593 2654 ἐγχεχειζριστο.
609 2619 788 2655 luauspicato,
801 2621 867 2647 alio-

73 2656 147 2689 quin
164 2661 306 2690 perperam
321 2655 392 2681 haud
405 2655 528 2681 ascendit
542 2655 739 2690 episcopatum,
755 2656 802 2682 sed
818 2664 866 2690 per

73 2690 252 2720 canonicam,
263 2689 285 2716 si
301 2690 361 2723 quis
372 2690 452 2721 alius,
471 2690 641 2716 electionem.
654 2690 717 2717 Post
733 2689 865 2718 excessum

74 2725 204 2756 Sisinnii,
219 2724 306 2758 inquit
318 2725 453 2755 Socrates,
466 2724 513 2751 lib.
526 2733 573 2755 vn,
592 2733 653 2759 cap.
673 2725 718 2757 27,
732 2727 814 2752 visum
827 2731 865 2752 est

73 2760 236 2795 imperatori
249 2764 354 2794 propter
369 2760 485 2795 homines
501 2760 621 2786 inanium
636 2769 722 2786 rerum
738 2766 864 2795 appeten-

73 2794 129 2826 tes,
142 2795 271 2830 neminem
282 2803 313 2821 ex
323 2795 372 2821 ista
386 2794 513 2824 Ecclesia,
530 2794 588 2821 licet
602 2795 685 2830 aliqui
702 2795 862 2830 Philippum,

73 2829 228 2864 complures
242 2829 366 2856 Proclnm
383 2830 548 2864 designatum
563 2829 696 2865 cuperent,
716 2831 750 2857 ad
764 2829 863 2865 cpisco-

73 2870 175 2899 patum
189 2865 264 2892 illum
279 2866 383 2900 eligere,
404 2866 448 2892 sed
468 2866 595 2892 advenam
617 2866 754 2894 Antiochia
773 2875 860 2894 arcus-

920 2630 984 2648 sere.
1009 2621 1110 2647 Deinde
1135 2620 1273 2647 hominem
1299 2620 1458 2648 accersitum
1488 2621 1525 2648 ita
1552 2622 1704 2649 describit:

921 2657 987 2682 Erat
1004 2656 1057 2682 illic
1072 2656 1209 2682 [Vestorius
1222 2664 1254 2682 ea;
1272 2655 1414 2683 Germania
1429 2657 1566 2688 oriundus,
1578 2665 1637 2683 voce
1656 2658 1706 2682 im-

919 2693 1011 2726 primis
1034 2699 1140 2720 sonora,
1165 2690 1255 2726 lingua
1279 2692 1389 2722 diserta,
1414 2697 1438 2718 et
1463 2693 1494 2718 ob
1518 2700 1575 2718 eam
1595 2700 1704 2718 causam

920 2732 1048 2753 tationem
1060 2727 1095 2752 ad
1109 2727 1253 2752 docendum
1265 2726 1391 2760 populum
1401 2727 1544 2753 admodum
1557 2735 1704 2753 αισι-ωηιηο-

918 2762 1007 2788 datus.
1024 2761 1179 2788 Accersitus
1193 2761 1283 2795 igitur,
1297 2766 1325 2787 ct
1337 2762 1468 2788 canonice
1481 2762 1584 2789 electus
1597 2761 1704 2787 inthro-

918 2797 1036 2823 nizatur.
1068 2796 1161 2828 Qualis
1191 2801 1282 2823 autem
1306 2796 1350 2823 ille
1376 2801 1470 2831 postea
1494 2797 1521 2822 in
1547 2797 1704 2832 episcopatu

917 2832 1064 2861 exstiterit,
1083 2835 1176 2857 uotum
1188 2835 1239 2858 est.

951 2868 1008 2902 (16)
1031 2867 1078 2893 Ἐκ
1103 2865 1163 2893 τῶν
1177 2866 1320 2900 Διοδώρου
1335 2866 1384 2894 καὶ
1400 2865 1560 2900 Θεοδώρου.
1582 2865 1706 2901 Iutclligit
