1940 3087
222 180 274 212 639

811 182 944 213 PHOTII
963 181 1217 212 PATRIARCH/E
1242 181 1297 211 (ΣΡ.

1804 169 1858 201 610

224 238 269 264 uhi
291 242 430 272 potaverat
442 239 510 274 ipse,
537 245 564 268 et
577 246 670 269 mente
696 241 788 269 ebrius
804 249 865 268 esse
879 245 1011 275 coeperat,

1079 239 1201 274 ιεοδώρου
1212 239 1330 274 θολερῶν
1342 237 1392 272 τῆς
1404 235 1532 266 ἀσεϐείας
1548 232 1703 268 ὲκροῳήσας
1712 229 1854 265 ναμάτων,

223 285 256 312 ad
274 285 424 320 perniciem
449 286 538 322 gregis
555 287 609 320 sui,
625 287 759 315 absurdas
773 291 801 314 et
826 286 1016 314 abhorrendas

224 331 354 365 quasdam
381 339 460 359 voces
475 333 623 360 multorum
642 333 754 360 auribus
765 332 916 368 ingerebat.
935 331 1017 359 Chri-

225 382 296 405 stum
314 378 424 411 etenim,
443 379 490 407 Dei
506 381 603 408 Filium
635 381 757 413 unicum,
783 379 869 408 Deum
892 383 1017 406 nostrum

224 432 331 456 verum,
346 425 392 459 qui
406 430 520 461 propter
534 435 584 454 nos
600 432 628 454 et
644 428 760 454 salutem
784 431 906 454 nostram
927 426 1018 454 carnis

225 475 307 503 atque
323 471 462 505 sanguinis
476 473 573 504 nostri,
592 473 689 500 similis
703 472 782 500 nobis
793 472 881 500 factus
905 471 1018 507 partici-

226 516 310 550 pavit,
324 520 351 543 et
366 516 391 543 in
408 517 528 552 seipsum
542 523 664 545 nostram
691 518 843 553 suscipiens
862 522 890 545 et
916 516 1018 545 substi-

228 565 307 588 tuens
322 570 450 596 massam,
480 571 551 591 unus
572 564 704 591 eduobus
721 564 864 592 contrariis
887 563 1020 591 conﬂatus

228 607 385 635 dicebatur:
401 609 472 636 Deus
483 618 582 645 nempe
593 610 663 637 idem
679 615 761 645 atque
778 611 859 637 homo
874 611 1018 642 exsistens,

229 662 300 681 unus
317 654 452 686 Christus,
468 655 552 683 Filius
565 665 646 690 unus,
661 656 732 684 idem
745 656 888 684 desursum
908 663 923 683 e
938 657 1021 683 Patre

229 701 289 727 sine
301 705 398 735 matre,
411 702 456 737 qui
471 702 598 730 deorsum
621 707 680 730 erat
695 711 710 730 e
730 708 818 730 matre
844 702 905 730 sine
917 701 997 730 Patre
1011 712 1018 729 :

230 746 289 780 ipse
303 750 395 774 etnon
409 748 491 781 alius,
507 749 602 776 eadem
618 756 736 784 persona
749 769 756 782 ,
775 749 926 784 hypostasis
943 757 997 776 una
1013 757 1020 776 :

232 791 310 819 llunc
321 792 423 820 scilicet
434 802 518 820 unum
533 794 679 821 Dominum
695 800 820 822 nostrum
837 794 930 822 Jesum
940 794 1022 822 Chri-

232 842 303 864 stum
322 838 524 866 infelicissimus
535 840 579 867 ille
592 840 662 868 nihil
676 841 781 868 veritus
806 841 834 867 in
850 840 918 867 duas
936 840 1022 875 hypo-

232 888 319 910 stases
331 884 470 912 dissecare
479 889 507 912 et
517 885 653 920 dividere,
672 885 784 912 alteram
801 893 907 912 merum
929 889 957 912 et
970 892 1022 919 pu-

233 938 292 956 rum
310 930 448 958 hominem
465 931 597 958 conﬁnxit
627 932 654 958 in
670 940 720 958 sua
743 932 853 966 propria
880 931 1020 966 hypostasi
1036 935 1059 964 Β

233 976 440 1010 subsistentem,
465 977 610 1012 separatim
627 985 642 1004 a
663 978 753 1005 Verbo
771 982 937 1010 assumente,
954 977 1022 1004 altc~

234 1033 290 1051 ram
306 1032 371 1051 vero
386 1025 493 1052 divisim
514 1026 598 1053 Deum
619 1031 775 1053 assumenlo
789 1025 864 1052 omni
893 1032 1024 1059 corporeo

234 1071 400 1098 denudatum
416 1080 424 1099 :
442 1072 546 1099 veritus
566 1071 699 1103 fortassis,
713 1079 766 1106 qua
782 1071 834 1098 fuit
850 1071 975 1103 stultitia,
989 1078 1024 1097 ne

234 1117 298 1151 quid
315 1121 455 1152 pateretur
469 1117 548 1150 Deus,
562 1117 627 1144 dum
644 1121 755 1152 propter
768 1124 889 1144 amorem
900 1123 964 1151 erga
977 1116 1025 1143 ho-

235 1162 324 1189 mines
336 1162 551 1196 inexplicabilem
565 1169 644 1189 suam
660 1161 747 1196 ipsius
759 1162 843 1189 subiit
859 1166 1024 1194 creaturam,

236 1212 266 1234 ut
275 1207 347 1234 illam
356 1207 500 1242 relingeret
510 1211 537 1234 et
546 1211 715 1242 persanaret.
723 1205 816 1242 Neque
825 1206 892 1234 illud
900 1206 1025 1233 animad-

235 1252 329 1283 vertit,
347 1252 419 1286 quod
432 1260 464 1279 co
484 1252 543 1287 ipso
567 1252 594 1279 in
612 1260 667 1286 quo
683 1256 810 1279 naturam
830 1248 982 1278 humanam'
991 1251 1026 1279 ab

236 1298 374 1333 hypostasi
395 1298 477 1326 Verbi
503 1299 651 1333 separavit,
671 1298 794 1325 eamdem
823 1297 902 1332 plane
918 1297 1027 1324 insana-

235 1342 317 1370 bilem
343 1347 424 1378 atque
459 1344 638 1371 incurabilem
674 1343 879 1378 przedicaverit;
915 1343 1028 1378 ipseque

237 1389 304 1415 adeo
318 1397 394 1416 suam
415 1390 552 1424 propriam
562 1390 677 1416 salutent
692 1394 845 1421 aversetur,
863 1397 923 1416 eam
947 1388 1028 1424 plane

236 1435 406 1470 abnegando.
423 1435 476 1463 Sed
489 1440 517 1462 et
531 1435 657 1469 ulterius,
673 1435 750 1470 quasi
766 1436 836 1462 ratio
851 1434 901 1470 ipsi
918 1434 1027 1470 penitus

237 1480 333 1508 fuisset
350 1487 523 1516 expectorata
552 1490 566 1509 a
594 1482 734 1517 perversis
759 1482 835 1509 hisce
853 1480 1028 1516 opinionibus

237 1527 304 1557 suis,
320 1527 375 1561 pati
397 1527 484 1554 noluit
511 1532 626 1554 matrem
652 1527 713 1562 ejus
736 1526 887 1553 secundum
904 1532 1027 1559 carnem,

237 1572 436 1599 sanctissimam
460 1581 559 1608 nempe
573 1573 724 1608 Virginem,
742 1580 803 1607 qua:
818 1571 953 1599 veraciter
964 1571 1029 1605 qui-

1069 286 1117 312 καὶ
1132 286 1171 316 είς
1195 286 1301 320 φρενῶν
1317 283 1401 320 μέθην
1418 280 1557 317 ἐμπεσὼν,
1571 279 1687 314 ἀπηχεῖς
1713 278 1761 303 καὶ
1786 275 1859 302 ὲκτό-

1069 341 1136 364 πους
1152 331 1253 366 φωνὰς,
1269 331 1315 357 ὲπὶ
1331 329 1406 365 λύμῃ
1427 327 1474 354 τοῦ
1490 326 1627 361 ποιμνίου,
1643 323 1749 350 πολλῶν
1764 322 1861 352 ἀκοαῖς

1069 377 1287 413 ὲναπηρεύξατο.
1299 374 1417 410 Χριστὸν
1436 372 1501 408 γὰρ,
1513 372 1558 398 τὸν
1572 370 1620 397 ἕνα
1635 367 1703 395 Θεοῦ
1722 367 1860 413 Υἱδνω),

1069 423 1115 450 τὸν
1137 421 1264 457 ἀληθινὸν
1286 420 1352 447 θεὸν
1370 418 1459 454 ἡμῶν,
1477 417 1506 448 ὃς
1522 416 1555 443 δι’
1570 415 1644 451 ἡμᾶς
1669 413 1718 440 καὶ
1736 413 1780 440 διὰ
1809 412 1862 447 τὴν

1069 468 1208 504 ἡμετέραν
1233 466 1369 501 σωτηρίαν
1394 463 1494 499 σαρκὸς
1510 482 1518 495 ,
1548 462 1615 496 ἡμῖν
1639 459 1860 495 παραπλησίως,

1070 514 1239 550 κοινωνήσας
1264 512 1312 539 καὶ
1329 511 1456 546 αἵματος,
1474 508 1522 535 καὶ
1545 508 1584 538 εἰς
1598 506 1693 533 ἑαυτὸν
1707 505 1738 532 τὸ
1761 504 1865 540 ἡμέτε-

1073 569 1118 596 ρον
1138 559 1364 594 ὑποστησάμενος
1379 556 1504 592 φύραμα,
1517 551 1559 585 εἷς
1573 554 1605 580 ὲκ
1621 552 1667 579 δύο
1691 551 1863 596 ἐχρημάτισε

1070 595 1126 634 τῶν
1147 605 1287 635 ἐναντίοιν,
1309 603 1375 634 Θεὺς
1390 603 1404 629 ὁ
1425 600 1507 631 αὐτὸς
1533 599 1663 633 ὑπάρχων
1682 597 1729 623 καὶ
1755 595 1864 630 ἄνθρω-

1072 661 1122 684 πος
1136 660 1142 667 ·
1159 649 1198 683 εἷς
1215 649 1343 686 Χριστος,
1358 645 1399 679 εἷς
1414 646 1487 680 Υἱὸς,
1500 647 1514 673 ό
1529 644 1611 676 αὐτὸς
1626 643 1682 670 άνω
1698 643 1729 669 ὲκ
1751 641 1865 677 Πατρὺς

1073 699 1200 734 ἀμήτωρ,
1216 697 1264 723 καὶ
1277 695 1353 722 κάτω
1365 695 1399 721 ὲκ
1416 693 1519 728 μητρὸς
1533 690 1650 723 ἀπάτωρ
1667 697 1674 704 ·
1688 689 1702 715 ὁ
1716 687 1796 719 αὐτὸς
1816 686 1866 734 καὶ

1073 732 1209 774 ούκγᾶλλος
1223 751 1230 759 ·
1243 741 1272 768 ἓν
1280 741 1436 776 πρόσωπον,
1453 739 1502 774 μία
1517 738 1679 766 ὑπόστασις.
1702 733 1802 760 Τοῦτον
1829 732 1864 766 δὴ

1074 791 1120 818 τὸν
1144 790 1203 822 ἕνα,
1217 788 1319 823 Κύριον
1336 786 1415 822 ἡμῶν
1433 784 1537 820 Ἰησοῦν
1565 784 1611 810 τὸν
1623 780 1751 817 Χριστὸν,
1766 779 1805 811 είς
1818 777 1868 805 δύο

1074 837 1184 872 τέμνειν
1200 834 1247 861 καὶ
1257 834 1372 868 διαιρεῖν
1379 831 1553 863 ὑποστάσεις,
1566 830 1580 856 ὁ
1594 827 1747 865 τρισάθλιος
1762 827 1867 856 ἐκεῖνος

1075 871 1113 909 οὑν
1131 880 1286 917 πεφρικὼς,
1300 879 1347 906 τὸν
1371 879 1420 914 μὲν
1440 877 1519 912 ψιλὸν
1542 875 1696 910 ἄνθρωπον,
1716 873 1763 899 καὶ
1781 871 1868 907 χωρὶς

1074 927 1121 954 τοῦ
1143 926 1347 962 προσλαϐόντος
1381 924 1490 958 Λόγου,
1517 921 1577 949 κατ’
1608 921 1676 947 ίδίαν
1704 919 1866 949 ὑπόστασιν,

1075 972 1201 1004 ἔπλαττε,
1216 973 1262 998 τὸν
1291 971 1320 997 δὲ
1342 970 1410 996 Θεὸν
1436 968 1489 996 ἀνὰ
1518 968 1612 1003 μέρος,
1635 966 1682 992 καὶ
1706 964 1810 999 γυμνὸν
1819 962 1866 990 τοῦ

1075 1019 1288 1054 προσλήμματος
1309 1025 1316 1032 ·
1339 1016 1433 1051 ὥσπερ
1456 1013 1582 1045 δεδοικὼς
1601 1014 1615 1039 ὁ
1635 1011 1758 1045 ἀνόητος,
1777 1010 1815 1044 μή
1839 1017 1874 1041 τι,

1075 1065 1142 1097 Θεὸς
1171 1064 1263 1096 πάθοι,
1275 1064 1306 1090 τὺ
1333 1064 1433 1089 οἰκεῖον
1463 1061 1576 1095 πλάσμα
1593 1059 1627 1086 δι’
1649 1059 1751 1092 ἄφατον
1770 1056 1875 1091 φιλαν-γ

1076 1109 1210 1146 θρωπίαν,
1224 1110 1264 1141 εἰς
1275 1107 1435 1143 θεραπείαν,
1451 1107 1499 1133 καὶ
1507 1104 1659 1133 ἀνάπλασιν
1673 1102 1865 1136 ὑποδυόμενος.

1077 1156 1146 1184 Οὐδὲ
1157 1155 1236 1183 τοῦτο
1255 1153 1380 1187 συνιδὼν,
1400 1153 1437 1185 ὼς
1454 1150 1494 1183 οἷς
1508 1151 1557 1186 τὴν
1581 1148 1757 1185 ἀνθρωπίνην
1786 1146 1868 1182 φύσιν

1076 1203 1126 1238 τῆς
1138 1202 1186 1228 τοῦ
1205 1201 1294 1235 Λόγου
1312 1199 1434 1235 ἐδίκαζεν
1450 1198 1636 1228 ὑποστάσεως,
1657 1194 1766 1222 ἀνίατον
1783 1192 1877 1228 αὐτὴν,

1077 1249 1126 1277 καὶ
1139 1247 1325 1282 ἀθεράπευτον
1341 1246 1518 1280 ἁνεκήρυττε,
1534 1243 1580 1270 καὶ
1603 1242 1650 1277 τῆς
1669 1241 1736 1271 ἰδίας
1757 1239 1869 1274 ἔξαρνος

1079 1295 1217 1331 σωτηρίας
1231 1294 1364 1328 ἐγίγνετο,
1383 1291 1462 1318 ’Λλλὰ
1469 1290 1523 1325 γὰρ
1535 1289 1560 1322 ιί,
1572 1289 1634 1320 τοὺς
1645 1285 1878 1322 λογισμοὺςὸλως-

1079 1342 1111 1367 ὲκ
1125 1341 1228 1367 τούτων
1243 1338 1430 1374 διαστραφεὶς,
1444 1335 1507 1363 οὐδὲ
1520 1336 1569 1371 τὴν
1582 1334 1663 1362 αὑτοῦ
1687 1333 1758 1360 κατὰ.
1780 1331 1879 1367 σάρκα

1081 1386 1200 1422 μητέρα,
1224 1385 1272 1421 τὴν
1299 1383 1435 1418 παναγίαν
1462 1381 1610 1417 Παρθένον,
1623 1381 1672 1416 τὴν
1698 1379 1800 1414 κυρίως
1823 1377 1875 1404 καὶ

1079 1431 1187 1467 ἀληθῶς
1201 1432 1247 1458 τὸν
1261 1431 1326 1458 Θεὸν
1338 1430 1424 1463 Λόγον
1437 1427 1647 1464 σεσαρκωμένον
1657 1425 1801 1456 τεκοῦσαν,
1811 1423 1875 1450 οὐδὲ

1079 1478 1180 1514 ταύτην
1197 1478 1291 1504 καλεῖν
1307 1477 1437 1503 Θεοτόκον
1451 1475 1582 1510 ἠνέσχετο
1597 1482 1604 1489 ⁸
1628 1472 1685 1500 ἀλλ’
1707 1471 1801 1506 ὥσπερ
1828 1469 1874 1496 τὸν

1080 1524 1145 1551 Υίὸν
1161 1523 1308 1557 ἀπεστέρει
1321 1521 1371 1557 τῆς
1385 1521 1523 1556 θεότητος,
1544 1519 1631 1550 οὕτως
1657 1516 1799 1553 ὴλλοτρίου
1826 1516 1876 1542 καὶ

1081 1571 1130 1604 τὴν
1146 1568 1351 1604 γεννησαμένην
1366 1568 1416 1602 τῆς
1428 1566 1559 1592 Θεοτόκου
1576 1565 1711 1599 κλήσεως.

238 1620 298 1646 dem
314 1627 329 1646 a
345 1619 474 1653 peculiari
489 1627 539 1646 suo
554 1619 634 1647 modo
647 1619 731 1646 Deum
750 1619 868 1646 Verbum
897 1619 1071 1645 incarnatum
1102 1619 1255 1652 pepererat,
1280 1614 1422 1649 Dciparam
1448 1611 1583 1640 nominari
1599 1620 1605 1638 :
1627 1611 1676 1638 sed
1706 1609 1745 1636 uti
1774 1608 1874 1635 Filium

238 1667 359 1703 prii-arat
371 1667 482 1700 deitate,
500 1668 536 1694 ita
552 1672 692 1702 parentem
702 1668 763 1702 eius
777 1675 792 1694 a
809 1667 887 1694 titulo
902 1666 1029 1701 Deiparae
1047 1666 1164 1692 alienam
1176 1663 1251 1691 fecit.

275 1713 318 1740 1‘2.
330 1713 461 1746 Quocirca
478 1714 562 1745 hunc,
574 1718 656 1749 prout
666 1713 780 1741 meritus
796 1713 886 1740 fuerat
897 1720 947 1747 per
960 1713 1032 1740 hane
1045 1714 1066 1743 α

239 1766 316 1786 suam
335 1759 469 1786 insaniam
485 1763 513 1786 et
529 1759 650 1795 linguam
666 1759 867 1792 blasphemam,
888 1766 965 1786 sacer
986 1758 1031 1785 hic

238 1805 380 1832 beatorum
395 1804 506 1832 Patrum
524 1805 667 1833 confessus
686 1805 761 1832 omni
775 1804 927 1832 sacerdotio
943 1804 1030 1831 denu-

238 1851 323 1884 davit,
339 1855 375 1884 et,
393 1859 446 1878 una
458 1859 519 1878 cum
531 1851 617 1886 ipsius
628 1851 738 1886 propria
747 1854 774 1878 et
790 1850 951 1877 detestanda
968 1857 1031 1876 sen-

239 1898 335 1931 tentia,
351 1898 518 1932 sempiterno
530 1897 649 1932 subjecit
674 1897 852 1925 anathemati.
884 1895 1030 1924 Dominum

240 1952 306 1971 vero
319 1948 443 1971 nostrum
466 1943 560 1971 Jcsum
591 1943 743 1974 Christum,
760 1943 787 1970 in
812 1951 866 1970 una
881 1948 909 1970 et
935 1942 1030 1970 eadem

241 1991 396 2027 hypostasi,
426 1999 503 2018 more
512 1991 598 2018 veteri
609 1995 637 2018 et
651 1998 666 2018 a
682 1991 792 2018 Patrum
810 1989 957 2017 traditione
986 1997 1032 2016 ac-

239 2043 329 2072 cepto,
349 2038 550 2072 przedicandum
579 2037 783 2064 ctadorandum
798 2037 943 2064 decrevere
958 2035 1033 2062 :Nec

240 2091 307 2115 non,
323 2089 404 2118 prout
414 2091 585 2118 consequens
595 2088 664 2114 erat,
676 2082 876 2110 immaculalam
887 2086 914 2109 et
925 2089 1033 2115 semper

240 2129 375 2164 virginem
391 2129 451 2164 ejus
463 2129 575 2156 Matrem
592 2129 702 2163 proprie
718 2133 745 2155 et
759 2135 823 2155 vere
836 2127 1031 2155 nominandum

242 2180 270 2203 et
284 2175 485 2209 praedicandam
499 2175 641 2210 Deiparam
658 2174 814 2209 prodidere.
830 2173 869 2200 Eo
882 2174 956 2200 enim
972 2174 1032 2208 ipso

241 2220 315 2255 quod
341 2220 426 2247 Deum
442 2221 572 2252 Verbum,
594 2221 621 2247 iu
638 2227 721 2247 carne
735 2220 876 2254 dignatum
886 2218 973 2250 nasci,
986 2226 1034 2253 pe-

242 2267 323 2301 perit,
339 2266 482 2301 Deiparam
497 2274 549 2293 nec
560 2266 659 2301 injuria
674 2270 702 2292 et
714 2265 767 2292 dici
779 2269 807 2292 et
821 2264 874 2292 coli
892 2267 923 2291 et
937 2272 986 2299 par
1006 2268 1035 2291 et

243 2317 367 2339 sanctum
380 2316 432 2340 est.
441 2313 528 2346 Atque
541 2312 616 2339 hisce
625 2312 661 2338 ita
676 2311 864 2339 determinatis
879 2310 961 2337 ﬁnem
974 2317 1035 2337 sus-

1123 1710 1166 1745 ιβ’.
1178 1709 1217 1736 Δι’
1230 1709 1244 1736 ὃ
1258 1708 1364 1739 τοῦτον,
1377 1707 1461 1741 ἀξίως
1479 1706 1530 1741 τῆς
1550 1704 1717 1740 τηλικαύτης
1743 1703 1876 1734 ἀπονοίας

1085 1757 1133 1783 καὶ
1141 1756 1190 1790 τῆς
1205 1755 1365 1791 βλασφήμου
1387 1753 1524 1788 γλώσσης,
1537 1752 1591 1778 τῶν
1604 1750 1748 1786 μακαρίων
1762 1748 1877 1784 πατρῶν

1084 1803 1099 1830 ὁ
1116 1801 1243 1835 σύλλογος
1258 1801 1347 1835 πάσης
1369 1809 1399 1826 τε
1425 1797 1575 1834 ἱερωσύνης
1591 1796 1745 1832 ἐγύμνωσε,
1758 1795 1804 1821 καὶ
1828 1794 1878 1821 σὺν

1084 1848 1124 1883 τῷ
1138 1848 1232 1883 οἰκείῳ
1252 1847 1300 1874 καλ¹
1323 1846 1518 1882 βδελυρωτάτῳ
1543 1844 1697 1878 φρονήματι
1711 1841 1750 1876 τῷ
1773 1840 1879 1875 αἰωνίῳ

1086 1893 1272 1930 παρέπεμψαν
1286 1892 1448 1926 ἁναθέματι.
1464 1891 1516 1917 Τὸν
1540 1890 1568 1916 δὲ
1592 1888 1695 1923 Κύριον
1720 1886 1801 1922 ἡμῶν
1826 1887 1874 1921 Ἰηη

1087 1941 1150 1967 σοῦν
1165 1939 1293 1975 Χριστὸν,
1306 1940 1336 1965 ἐν
1358 1938 1409 1974 μιᾷ
1424 1938 1471 1965 καὶ
1496 1938 1529 1972 τῇ
1558 1936 1626 1971 αὐτῇ
1649 1935 1798 1961 ὑποστάσει
1823 1942 1879 1959 παρ

1086 1986 1297 2022 τροπαραδότως
1322 1985 1369 2012 καὶ
1391 1983 1564 2019 ὀσιοπρεπῶς
1585 1980 1798 2017 προσκυνεῖσθαι
1831 1982 1880 2006 καὶ

1087 2032 1270 2068 κηρύττεσθαι
1292 2030 1514 2064 δογματίσαντες,
1529 2026 1683 2058 ἀκολούθως
1696 2026 1740 2052 καὶ
1752 2025 1802 2060 τὴν
1826 2033 1880 2051 πα-

1088 2080 1237 2114 νάχραντον
1255 2076 1338 2103 αὑτοῦ
1354 2076 1399 2102 καὶ
1427 2074 1618 2110 Ἀειπαρθένον
1649 2072 1755 2108 μητέρα
1774 2071 1880 2106 κυρίως

1088 2126 1136 2152 καὶ
1151 2124 1259 2160 ἀληθῶς
1279 2122 1420 2150 καλεῖσθαι
1440 2122 1487 2149 καὶ
1502 2119 1719 2156 ἀνευφημείσθαι
1747 2117 1882 2144 Θεοτὸκον

1087 2171 1320 2207 παραδεδώκασιν.
1355 2167 1404 2201 Οἷς
1430 2169 1486 2204 γὰρ
1507 2168 1554 2194 τὸν
1584 2167 1650 2193 Θεὸν
1672 2166 1769 2198 Λόγον,
1797 2163 1882 2198 σαρκὶ

1088 2218 1250 2253 γεννηθῆναι
1265 2216 1494 2251 καταδεξάμενον,
1512 2215 1634 2246 τέτοκεν,
1648 2212 1780 2242 Θεοτόκος
1808 2210 1882 2236 ἐνδί-

1088 2271 1144 2294 κως
1155 2261 1353 2296 δοξολογεῖσθαι
1368 2261 1415 2288 καὶ
1427 2259 1608 2296 ὀνομάζεσθαι
1628 2257 1789 2291 ἐξωσίωται.
1806 2255 1881 2282 ’Λλλ¹

1088 2309 1135 2334 ἐπὶ
1151 2308 1257 2340 τούτοις
1275 2308 1324 2343 μὲν
1348 2307 1395 2334 καὶ
1411 2307 1480 2342 αὓτη
1500 2307 1530 2332 τὸ
1546 2305 1622 2336 τέλος
1651 2304 1777 2339 ἔσχηκεν,
1794 2302 1882 2337 ἡνίκα

242 2358 316 2393 cepit
344 2362 372 2385 et
396 2359 447 2385 ista
471 2358 592 2393 synodus
614 2366 668 2392 quo
693 2362 816 2392 tempore
849 2356 1026 2384 Theodosium

1089 2354 1135 2381 τὸν
1155 2354 1215 2382 νέον
1233 2353 1370 2381 Θεοδόσιον
1392 2354 1409 2389 ἡ
1435 2352 1576 2388 Ῥωμαῖκὴ
1604 2351 1728 2377 πολιτεία
1749 2348 1884 2384 γαληνοῖς

885 2427 1003 2456 VARIA‘]
1023 2425 1223 2456 LECTIONES.

1015 2497 1134 2526 NOTAE.

282 2464 295 2484 Ιπ
308 2464 352 2492 ἵσ.
369 2463 406 2496 ὼς
420 2463 479 2490 καί.

245 2545 465 2581 Mopsuestenum
492 2551 519 2574 et
549 2546 712 2574 Tarsensem
746 2547 898 2581 episcopos,
930 2546 976 2581 qui
1003 2551 1032 2574 et

246 2583 394 2609 doctissimi
407 2586 434 2609 et
446 2582 590 2609 orthodoxi
605 2587 693 2613 erant,
705 2587 752 2608 aut
767 2582 946 2614 habebantur,
962 2589 1033 2616 pra:-

245 2617 326 2652 cipue
350 2618 483 2645 Diodorus
494 2638 500 2648 ,
517 2622 543 2644 ct
560 2626 575 2644 a
593 2617 701 2649 Basilio,
718 2617 912 2651 Chrysostomo
923 2623 955 2643 ac
977 2616 1037 2643 aliis

246 2652 399 2682 laudantur.
417 2661 467 2679 nec
482 2653 533 2679 nisi
549 2652 648 2679 mortui
660 2652 685 2678 in
700 2652 902 2686 ususpiciouem
917 2652 1038 2678 hateseos

247 2696 360 2719 venere,
380 2693 409 2715 et
429 2688 584 2722 sequiorum
602 2688 744 2715 sweulorm
763 2687 890 2714 calarmis
907 2695 1035 2722 pungun-

248 2728 304 2784 ευρ,
320 2723 366 2757 qui
385 2723 450 2750 mihi
466 2727 520 2750 nea
538 2723 704 2758 persuadent
723 2722 808 2749 fuisse
825 2723 962 2749 haereseos
979 2722 1039 2749 labe

250 2765 277 2784 in
291 2763 377 2784 ectos.

250 2763 377 2789 Iniectos.

287 2793 342 2827 (l7)
363 2793 491 2827 Χριστὸν
506 2793 561 2827 γὰρ
576 2793 629 2820 τὸν
641 2793 695 2820 ἕνα
709 2792 783 2820 Θεοῦ
796 2793 873 2819 Υἱόν.
892 2792 931 2819 ita
947 2792 1039 2827 legen-

251 2826 327 2854 dum.
351 2828 417 2855 Nam
441 2826 608 2858 statiin'ait,
624 2828 720 2854 τοῦτον
735 2828 764 2854 δὲ
780 2827 825 2853 τὸν
841 2828 906 2854 ἕνα·
928 2828 977 2854 sed
991 2826 1041 2853 ad-

256 2862 374 2890 dendum
397 2869 440 2891 est
461 2863 539 2896 Θεοῦ,
554 2863 605 2891 hoc
619 2863 711 2897 modo,
725 2863 842 2898 Χριστὸν
855 2863 911 2897 γὰρ
927 2862 973 2889 τὸν
992 2861 1042 2888 ἕνα

1093 2546 1162 2573 Θεοῦ
1177 2545 1252 2577 Υἰόν,
1266 2544 1398 2572 Christum
1410 2542 1516 2569 unicum
1533 2541 1581 2568 Dei
1595 2540 1703 2577 Iiilium.
1723 2539 1822 2577 Statim
1840 2547 1887 2577 re-

1091 2589 1175 2617 pono,
1197 2575 1309 2612 ὼξκαὶ
1333 2578 1402 2617 τους.
1419 2577 1575 2617 λογισμούς.
1604 2576 1638 2603 Et
1657 2583 1735 2617 mox,
1753 2576 1801 2617 τὸν.
1823 2575 1887 2615 νέον

1091 2610 1241 2647 ὒεοδόσιον,
1262 2622 1342 2649 quem
1359 2614 1404 2641 alii
1422 2610 1646 2649 μικρδννοοςιηι,
1657 2612 1708 2638 hoc
1725 2614 1777 2639 est.
1788 2610 1886 2649 junio-

1093 2661 1158 2681 rem,
1186 2651 1231 2684 qui
1256 2647 1379 2685 regnavit
1405 2647 1492 2675 annos
1518 2647 1561 2674 ΑΞ.
1577 2648 1611 2678 ,ln
1640 2647 1691 2673 hac
1715 2648 1838 2681 synodo,
1854 2653 1888 2685 ex‘

1093 2681 1266 2714 zetnulatione
1288 2681 1316 2712 Et
1337 2684 1500 2714 ambitione,
1519 2687 1653 2709 certatum
1679 2686 1722 2708 est
1745 2688 1834 2714 lisque
1853 2681 1888 2708 ad

1093 2721 1345 2751 anathematismos,
1371 2720 1441 2746 inter
1466 2718 1594 2751 Cyrillqu
1614 2716 1844 2746 Alexandrinum.
1861 2721 1890 2743 et

1094 2757 1226 2784 Joannem
1255 2755 1476 2785 Antiochenam,
1504 2761 1519 2779 a
1545 2755 1622 2788 cujus
1648 2752 1890 2788 partibusrstabat

1095 2792 1268 2819 doctissimus
1286 2790 1490 2820 Thcodoretus,
1507 2787 1560 2816 hoc
1575 2787 1617 2816 est
1644 2789 1715 2816 inter
1740 2787 1891 2822 episcopos

1096 2827 1253 2855 Orientales
1268 2830 1297 2853 et
1313 2824 1496 2861 {Egyptiacos
