  <div class='ocr_page' id='page_1' title='image "/cluster/home/n/w/nwhite01/storage/ocr_20150623/102/njp.32101010943874/342.png"; bbox 0 0 1940 3087; ppageno 0'>
   <div class='ocr_carea' id='block_1_1' title="bbox 101 116 142 149">
    <p class='ocr_par' dir='ltr' id='par_1_1' title="bbox 101 116 142 149">
     <span class='ocr_line' id='line_1_1' title="bbox 101 116 142 149; baseline -0.049 0"><span class='ocrx_word' id='word_1_1' title='bbox 101 116 142 149; x_wconf 75' lang='grc'><strong>641</strong></span> 
     </span>
    </p>
   </div>
   <div class='ocr_carea' id='block_1_2' title="bbox 660 115 1110 146">
    <p class='ocr_par' dir='ltr' id='par_1_2' title="bbox 660 115 1110 146">
     <span class='ocr_line' id='line_1_2' title="bbox 660 115 1110 146; baseline -0.002 0"><span class='ocrx_word' id='word_1_2' title='bbox 660 115 930 146; x_wconf 83' lang='lat' dir='ltr'><strong>EPISTOLARUM</strong></span> <span class='ocrx_word' id='word_1_3' title='bbox 945 115 1064 145; x_wconf 80' lang='lat' dir='ltr'><strong>LIBER</strong></span> <span class='ocrx_word' id='word_1_4' title='bbox 1085 116 1110 145; x_wconf 91' lang='grc' dir='ltr'><strong>Ι.</strong></span> 
     </span>
    </p>
   </div>
   <div class='ocr_carea' id='block_1_3' title="bbox 1659 120 1713 153">
    <p class='ocr_par' dir='ltr' id='par_1_3' title="bbox 1659 120 1713 153">
     <span class='ocr_line' id='line_1_3' title="bbox 1659 120 1713 153; baseline 0.037 -2"><span class='ocrx_word' id='word_1_5' title='bbox 1659 120 1713 153; x_wconf 77' lang='lat'><strong>642</strong></span> 
     </span>
    </p>
   </div>
   <div class='ocr_carea' id='block_1_4' title="bbox 101 171 873 210">
    <p class='ocr_par' dir='ltr' id='par_1_4' title="bbox 101 172 873 210">
     <span class='ocr_line' id='line_1_4' title="bbox 101 172 873 210; baseline -0.003 -10"><span class='ocrx_word' id='word_1_6' title='bbox 101 174 162 210; x_wconf 76' lang='grc' dir='ltr'>ἑώρα</span> <span class='ocrx_word' id='word_1_7' title='bbox 176 173 323 210; x_wconf 77' lang='grc' dir='ltr'><strong>ὀφθαλμοῖς</strong></span> <span class='ocrx_word' id='word_1_8' title='bbox 345 174 395 210; x_wconf 82' lang='grc' dir='ltr'>τὴν</span> <span class='ocrx_word' id='word_1_9' title='bbox 414 172 542 209; x_wconf 80' lang='grc' dir='ltr'><strong>πατρῴαν</strong></span> <span class='ocrx_word' id='word_1_10' title='bbox 558 173 606 200; x_wconf 80' lang='grc' dir='ltr'>καὶ</span> <span class='ocrx_word' id='word_1_11' title='bbox 635 172 769 208; x_wconf 70' lang='grc' dir='ltr'>βασίλειον</span> <span class='ocrx_word' id='word_1_12' title='bbox 785 172 873 207; x_wconf 80' lang='grc' dir='ltr'>ἀρχὴν</span> 
     </span>
    </p>
   </div>
   <div class='ocr_carea' id='block_1_5' title="bbox 927 171 1714 210">
    <p class='ocr_par' dir='ltr' id='par_1_5' title="bbox 928 171 1714 206">
     <span class='ocr_line' id='line_1_5' title="bbox 928 171 1714 206; baseline 0.009 -9"><span class='ocrx_word' id='word_1_13' title='bbox 928 171 1065 206; x_wconf 86' lang='lat' dir='ltr'><strong>juniorem</strong></span> <span class='ocrx_word' id='word_1_14' title='bbox 1091 171 1211 198; x_wconf 77' lang='lat' dir='ltr'><strong>Romana</strong></span> <span class='ocrx_word' id='word_1_15' title='bbox 1241 171 1393 206; x_wconf 82' lang='lat' dir='ltr'><strong>respublica</strong></span> <span class='ocrx_word' id='word_1_16' title='bbox 1426 173 1514 201; x_wconf 86' lang='lat' dir='ltr'><strong>oculis</strong></span> <span class='ocrx_word' id='word_1_17' title='bbox 1543 176 1648 203; x_wconf 78' lang='lat' dir='ltr'><strong>serenis</strong></span> <span class='ocrx_word' id='word_1_18' title='bbox 1671 177 1714 204; x_wconf 92' lang='lat' dir='ltr'><strong>in-</strong></span> 
     </span>
    </p>
   </div>
   <div class='ocr_carea' id='block_1_6' title="bbox 101 219 433 256">
    <p class='ocr_par' dir='ltr' id='par_1_6' title="bbox 101 219 433 256">
     <span class='ocr_line' id='line_1_6' title="bbox 101 219 433 256; baseline -0.006 -9"><span class='ocrx_word' id='word_1_19' title='bbox 101 223 128 247; x_wconf 80' lang='grc' dir='ltr'><strong>εκ</strong></span> <span class='ocrx_word' id='word_1_20' title='bbox 138 219 271 256; x_wconf 76' lang='grc' dir='ltr'><strong>τριγονίας</strong></span> <span class='ocrx_word' id='word_1_21' title='bbox 280 219 433 246; x_wconf 83' lang='grc' dir='ltr'>διανύοντα.</span> 
     </span>
    </p>
   </div>
   <div class='ocr_carea' id='block_1_7' title="bbox 132 296 872 334">
    <p class='ocr_par' dir='ltr' id='par_1_7' title="bbox 132 296 872 334">
     <span class='ocr_line' id='line_1_7' title="bbox 132 296 872 334; baseline -0.007 -7"><span class='ocrx_word' id='word_1_22' title='bbox 132 303 169 334; x_wconf 84' lang='grc' dir='ltr'><strong>ιγ’.</strong></span> <span class='ocrx_word' id='word_1_23' title='bbox 189 299 257 326; x_wconf 83' lang='grc' dir='ltr'><strong>Ἡδὲ</strong></span> <span class='ocrx_word' id='word_1_24' title='bbox 280 299 345 333; x_wconf 83' lang='grc' dir='ltr'>ἁγία</span> <span class='ocrx_word' id='word_1_25' title='bbox 356 299 402 326; x_wconf 74' lang='grc' dir='ltr'><strong>καὶ</strong></span> <span class='ocrx_word' id='word_1_26' title='bbox 416 297 592 333; x_wconf 81' lang='grc' dir='ltr'>οἱκουμενικὴ</span> <span class='ocrx_word' id='word_1_27' title='bbox 607 297 725 333; x_wconf 63' lang='grc' dir='ltr'>τετάρτη</span> <span class='ocrx_word' id='word_1_28' title='bbox 753 296 872 329; x_wconf 76' lang='grc' dir='ltr'>σύνοδος,</span> 
     </span>
    </p>
   </div>
   <div class='ocr_carea' id='block_1_8' title="bbox 100 343 869 379">
    <p class='ocr_par' dir='ltr' id='par_1_8' title="bbox 100 343 869 379">
     <span class='ocr_line' id='line_1_8' title="bbox 100 343 869 379; baseline -0.004 -7"><span class='ocrx_word' id='word_1_29' title='bbox 100 345 138 372; x_wconf 72' lang='grc' dir='ltr'><strong>τὸν</strong></span> <span class='ocrx_word' id='word_1_30' title='bbox 152 347 179 372; x_wconf 86' lang='grc' dir='ltr'>ὲν</span> <span class='ocrx_word' id='word_1_31' title='bbox 193 345 350 379; x_wconf 85' lang='grc' dir='ltr'>βασιλεῦσιν</span> <span class='ocrx_word' id='word_1_32' title='bbox 364 345 559 372; x_wconf 79' lang='grc' dir='ltr'>εὐσεϐέστατον</span> <span class='ocrx_word' id='word_1_33' title='bbox 568 343 725 379; x_wconf 77' lang='grc' dir='ltr'>Μαρκιανὸν</span> <span class='ocrx_word' id='word_1_34' title='bbox 737 352 869 378; x_wconf 85' lang='grc' dir='ltr'>συμπαρ-</span> 
     </span>
    </p>
   </div>
   <div class='ocr_carea' id='block_1_9' title="bbox 104 389 873 427">
    <p class='ocr_par' dir='ltr' id='par_1_9' title="bbox 104 389 873 427">
     <span class='ocr_line' id='line_1_9' title="bbox 104 389 873 427; baseline -0.004 -9"><span class='ocrx_word' id='word_1_35' title='bbox 104 393 159 418; x_wconf 81' lang='grc' dir='ltr'>όντα</span> <span class='ocrx_word' id='word_1_36' title='bbox 186 394 232 419; x_wconf 78' lang='grc' dir='ltr'>καὶ</span> <span class='ocrx_word' id='word_1_37' title='bbox 264 391 434 427; x_wconf 84' lang='grc' dir='ltr'><strong>συμπνέοντα</strong></span> <span class='ocrx_word' id='word_1_38' title='bbox 457 391 566 426; x_wconf 78' lang='grc' dir='ltr'>ἔχουσα,</span> <span class='ocrx_word' id='word_1_39' title='bbox 586 390 641 417; x_wconf 85' lang='grc' dir='ltr'>τῶν</span> <span class='ocrx_word' id='word_1_40' title='bbox 665 389 797 424; x_wconf 77' lang='grc' dir='ltr'><strong>ἀληθινῶν</strong></span> <span class='ocrx_word' id='word_1_41' title='bbox 824 390 873 424; x_wconf 80' lang='grc' dir='ltr'>μὲν</span> 
     </span>
    </p>
   </div>
   <div class='ocr_carea' id='block_1_10' title="bbox 99 435 872 473">
    <p class='ocr_par' dir='ltr' id='par_1_10' title="bbox 99 435 872 473">
     <span class='ocr_line' id='line_1_10' title="bbox 99 435 872 473; baseline -0.005 -8"><span class='ocrx_word' id='word_1_42' title='bbox 99 438 229 473; x_wconf 78' lang='grc' dir='ltr'><strong>δογμάτων</strong></span> <span class='ocrx_word' id='word_1_43' title='bbox 246 438 428 473; x_wconf 78' lang='grc' dir='ltr'><strong>ἀκροατήριον</strong></span> <span class='ocrx_word' id='word_1_44' title='bbox 447 436 501 472; x_wconf 82' lang='grc'><strong>(18)</strong></span> <span class='ocrx_word' id='word_1_45' title='bbox 520 437 628 471; x_wconf 82' lang='grc' dir='ltr'><strong>ἀνιέρου</strong></span> <span class='ocrx_word' id='word_1_46' title='bbox 639 436 688 471; x_wconf 84' lang='grc' dir='ltr'>τὴν</span> <span class='ocrx_word' id='word_1_47' title='bbox 703 435 872 470; x_wconf 80' lang='grc' dir='ltr'><strong>Χαλκηδόνα,</strong></span> 
     </span>
    </p>
   </div>
   <div class='ocr_carea' id='block_1_11' title="bbox 99 482 874 518">
    <p class='ocr_par' dir='ltr' id='par_1_11' title="bbox 99 482 874 518">
     <span class='ocr_line' id='line_1_11' title="bbox 99 482 874 518; baseline -0.003 -8"><span class='ocrx_word' id='word_1_48' title='bbox 99 484 165 510; x_wconf 82' lang='grc' dir='ltr'>πόλιν</span> <span class='ocrx_word' id='word_1_49' title='bbox 178 484 303 516; x_wconf 83' lang='grc' dir='ltr'><strong>Βιθυνίας</strong></span> <span class='ocrx_word' id='word_1_50' title='bbox 312 482 395 511; x_wconf 74' lang='grc' dir='ltr'>οὖσαν</span> <span class='ocrx_word' id='word_1_51' title='bbox 409 484 555 518; x_wconf 79' lang='grc' dir='ltr'>ἐπίσημον.</span> <span class='ocrx_word' id='word_1_52' title='bbox 573 483 616 509; x_wconf 84' lang='grc' dir='ltr'>Ἐν</span> <span class='ocrx_word' id='word_1_53' title='bbox 630 483 776 518; x_wconf 78' lang='grc' dir='ltr'>τριάκοντα</span> <span class='ocrx_word' id='word_1_54' title='bbox 786 482 814 508; x_wconf 80' lang='grc' dir='ltr'>δὲ</span> <span class='ocrx_word' id='word_1_55' title='bbox 827 483 874 509; x_wconf 75' lang='grc' dir='ltr'><strong>καὶ</strong></span> 
     </span>
    </p>
   </div>
   <div class='ocr_carea' id='block_1_12' title="bbox 99 529 873 566">
    <p class='ocr_par' dir='ltr' id='par_1_12' title="bbox 99 529 873 566">
     <span class='ocr_line' id='line_1_12' title="bbox 99 529 873 566; baseline -0.001 -9"><span class='ocrx_word' id='word_1_56' title='bbox 99 531 239 564; x_wconf 76' lang='grc' dir='ltr'>ἑξακοσίοις</span> <span class='ocrx_word' id='word_1_57' title='bbox 269 531 315 558; x_wconf 82' lang='grc' dir='ltr'><strong>τὸν</strong></span> <span class='ocrx_word' id='word_1_58' title='bbox 337 531 453 566; x_wconf 82' lang='grc' dir='ltr'>ἀριθμὸν</span> <span class='ocrx_word' id='word_1_59' title='bbox 491 530 650 563; x_wconf 82' lang='grc' dir='ltr'>έξετείνετο.</span> <span class='ocrx_word' id='word_1_60' title='bbox 672 529 727 562; x_wconf 66' lang='grc' dir='ltr'><strong>*Ης</strong></span> <span class='ocrx_word' id='word_1_61' title='bbox 763 530 873 565; x_wconf 83' lang='grc' dir='ltr'><strong>λογάδες</strong></span> 
     </span>
    </p>
   </div>
   <div class='ocr_carea' id='block_1_13' title="bbox 99 575 874 611">
    <p class='ocr_par' dir='ltr' id='par_1_13' title="bbox 99 575 874 611">
     <span class='ocr_line' id='line_1_13' title="bbox 99 575 874 611; baseline -0.001 -9"><span class='ocrx_word' id='word_1_62' title='bbox 99 576 273 611; x_wconf 74' lang='grc' dir='ltr'><strong>ἐχρημάτιζον</strong></span> <span class='ocrx_word' id='word_1_63' title='bbox 303 576 457 608; x_wconf 83' lang='grc' dir='ltr'>Ἀνατόλιός</span> <span class='ocrx_word' id='word_1_64' title='bbox 480 585 510 602; x_wconf 84' lang='grc' dir='ltr'><strong>τε</strong></span> <span class='ocrx_word' id='word_1_65' title='bbox 523 578 537 603; x_wconf 80' lang='grc' dir='ltr'><strong>ό</strong></span> <span class='ocrx_word' id='word_1_66' title='bbox 553 577 601 611; x_wconf 82' lang='grc' dir='ltr'>τῆς</span> <span class='ocrx_word' id='word_1_67' title='bbox 614 576 750 611; x_wconf 76' lang='grc' dir='ltr'><strong>βασιλίδος</strong></span> <span class='ocrx_word' id='word_1_68' title='bbox 771 575 874 606; x_wconf 78' lang='grc' dir='ltr'>πόλεως</span> 
     </span>
    </p>
   </div>
   <div class='ocr_carea' id='block_1_14' title="bbox 97 620 875 657">
    <p class='ocr_par' dir='ltr' id='par_1_14' title="bbox 97 620 875 657">
     <span class='ocr_line' id='line_1_14' title="bbox 97 620 875 657; baseline -0.001 -9"><span class='ocrx_word' id='word_1_69' title='bbox 97 623 152 653; x_wconf 76' lang='grc' dir='ltr'>τοὺς</span> <span class='ocrx_word' id='word_1_70' title='bbox 165 621 338 657; x_wconf 82' lang='grc' dir='ltr'>ίεραρχικοὺς</span> <span class='ocrx_word' id='word_1_71' title='bbox 353 622 470 657; x_wconf 84' lang='grc' dir='ltr'><strong>θεσμοὺς</strong></span> <span class='ocrx_word' id='word_1_72' title='bbox 484 622 695 657; x_wconf 80' lang='grc' dir='ltr'>ὲγκεχρισμένος</span> <span class='ocrx_word' id='word_1_73' title='bbox 712 621 766 656; x_wconf 85' lang='lat' dir='ltr'><strong>(l9)</strong></span> <span class='ocrx_word' id='word_1_74' title='bbox 783 620 792 640; x_wconf 78' lang='lat'><strong>1</strong></span> <span class='ocrx_word' id='word_1_75' title='bbox 812 621 875 647; x_wconf 74' lang='grc' dir='ltr'>’καὶ</span> 
     </span>
    </p>
   </div>
   <div class='ocr_carea' id='block_1_15' title="bbox 97 666 875 702">
    <p class='ocr_par' dir='ltr' id='par_1_15' title="bbox 97 666 875 702">
     <span class='ocr_line' id='line_1_15' title="bbox 97 666 875 702; baseline -0.003 -8"><span class='ocrx_word' id='word_1_76' title='bbox 97 668 126 702; x_wconf 88' lang='grc' dir='ltr'>δὴ</span> <span class='ocrx_word' id='word_1_77' title='bbox 141 668 305 702; x_wconf 80' lang='grc' dir='ltr'>Πασχασῖνός</span> <span class='ocrx_word' id='word_1_78' title='bbox 317 676 346 694; x_wconf 89' lang='grc' dir='ltr'>τε</span> <span class='ocrx_word' id='word_1_79' title='bbox 355 668 402 694; x_wconf 78' lang='grc' dir='ltr'>καὶ</span> <span class='ocrx_word' id='word_1_80' title='bbox 412 667 579 699; x_wconf 80' lang='grc' dir='ltr'>Λουκίνσιος,</span> <span class='ocrx_word' id='word_1_81' title='bbox 586 666 757 701; x_wconf 81' lang='grc' dir='ltr'>ὲπισκοπικῷ</span> <span class='ocrx_word' id='word_1_82' title='bbox 765 666 875 701; x_wconf 84' lang='grc' dir='ltr'>διαπρέ-</span> 
     </span>
    </p>
   </div>
   <div class='ocr_carea' id='block_1_16' title="bbox 97 712 874 749">
    <p class='ocr_par' dir='ltr' id='par_1_16' title="bbox 97 712 874 749">
     <span class='ocr_line' id='line_1_16' title="bbox 97 712 874 749; baseline -0.003 -9"><span class='ocrx_word' id='word_1_83' title='bbox 97 723 186 746; x_wconf 80' lang='grc' dir='ltr'>ποντες</span> <span class='ocrx_word' id='word_1_84' title='bbox 203 713 349 749; x_wconf 77' lang='grc' dir='ltr'>ἀξιώματι,</span> <span class='ocrx_word' id='word_1_85' title='bbox 368 714 417 740; x_wconf 83' lang='grc' dir='ltr'>σὺν</span> <span class='ocrx_word' id='word_1_86' title='bbox 439 713 591 748; x_wconf 80' lang='grc' dir='ltr'>Βονιφατίῳ</span> <span class='ocrx_word' id='word_1_87' title='bbox 620 712 809 748; x_wconf 76' lang='grc' dir='ltr'>πρεσϐυτέρῳ,</span> <span class='ocrx_word' id='word_1_88' title='bbox 829 712 874 738; x_wconf 74' lang='grc' dir='ltr'>τὸν</span> 
     </span>
    </p>
   </div>
   <div class='ocr_carea' id='block_1_17' title="bbox 96 757 876 794">
    <p class='ocr_par' dir='ltr' id='par_1_17' title="bbox 96 757 876 794">
     <span class='ocr_line' id='line_1_17' title="bbox 96 757 876 794; baseline -0.004 -8"><span class='ocrx_word' id='word_1_89' title='bbox 96 760 169 786; x_wconf 85' lang='grc' dir='ltr'>τόπον</span> <span class='ocrx_word' id='word_1_90' title='bbox 186 760 329 794; x_wconf 79' lang='grc' dir='ltr'><strong>ἐπέχοντες</strong></span> <span class='ocrx_word' id='word_1_91' title='bbox 341 759 455 791; x_wconf 84' lang='grc' dir='ltr'>Λέοντος</span> <span class='ocrx_word' id='word_1_92' title='bbox 470 759 517 786; x_wconf 80' lang='grc' dir='ltr'>τοῦ</span> <span class='ocrx_word' id='word_1_93' title='bbox 530 759 682 792; x_wconf 82' lang='grc' dir='ltr'>ἁγιωτάτου</span> <span class='ocrx_word' id='word_1_94' title='bbox 706 757 785 784; x_wconf 77' lang='grc' dir='ltr'>πάπα</span> <span class='ocrx_word' id='word_1_95' title='bbox 808 757 876 784; x_wconf 84' lang='grc' dir='ltr'><strong>Ῥώ-</strong></span> 
     </span>
    </p>
   </div>
   <div class='ocr_carea' id='block_1_18' title="bbox 98 802 874 840">
    <p class='ocr_par' dir='ltr' id='par_1_18' title="bbox 98 802 874 840">
     <span class='ocr_line' id='line_1_18' title="bbox 98 802 874 840; baseline -0.005 -8"><span class='ocrx_word' id='word_1_96' title='bbox 98 814 155 840; x_wconf 81' lang='grc' dir='ltr'>μης.</span> <span class='ocrx_word' id='word_1_97' title='bbox 165 802 202 831; x_wconf 81' lang='grc' dir='ltr'>υῦ</span> <span class='ocrx_word' id='word_1_98' title='bbox 214 804 291 836; x_wconf 79' lang='grc' dir='ltr'>κλέος</span> <span class='ocrx_word' id='word_1_99' title='bbox 308 804 389 839; x_wconf 82' lang='grc' dir='ltr'>μέγα,</span> <span class='ocrx_word' id='word_1_100' title='bbox 406 804 453 831; x_wconf 76' lang='grc' dir='ltr'>καὶ</span> <span class='ocrx_word' id='word_1_101' title='bbox 468 804 550 835; x_wconf 79' lang='grc' dir='ltr'>πολὺς</span> <span class='ocrx_word' id='word_1_102' title='bbox 561 804 574 829; x_wconf 86' lang='grc' dir='ltr'>ὁ</span> <span class='ocrx_word' id='word_1_103' title='bbox 587 804 656 837; x_wconf 74' lang='grc' dir='ltr'>ὑπὲρ</span> <span class='ocrx_word' id='word_1_104' title='bbox 671 803 720 838; x_wconf 77' lang='grc' dir='ltr'>τῆς</span> <span class='ocrx_word' id='word_1_105' title='bbox 733 802 874 833; x_wconf 75' lang='grc' dir='ltr'>εὐσεϐείας</span> 
     </span>
    </p>
   </div>
   <div class='ocr_carea' id='block_1_19' title="bbox 927 217 1714 257">
    <p class='ocr_par' dir='ltr' id='par_1_19' title="bbox 927 217 1714 257">
     <span class='ocr_line' id='line_1_19' title="bbox 927 217 1714 257; baseline 0.008 -13"><span class='ocrx_word' id='word_1_106' title='bbox 927 217 1063 250; x_wconf 74' lang='lat' dir='ltr'><strong>luebatur,</strong></span> <span class='ocrx_word' id='word_1_107' title='bbox 1085 224 1198 252; x_wconf 82' lang='lat' dir='ltr'><strong>regnum</strong></span> <span class='ocrx_word' id='word_1_108' title='bbox 1210 225 1225 243; x_wconf 92' lang='lat' dir='ltr'><strong>a</strong></span> <span class='ocrx_word' id='word_1_109' title='bbox 1241 217 1320 244; x_wconf 90' lang='lat' dir='ltr'><strong>Patre</strong></span> <span class='ocrx_word' id='word_1_110' title='bbox 1333 223 1475 253; x_wconf 84' lang='lat' dir='ltr'><strong>acceptum</strong></span> <span class='ocrx_word' id='word_1_111' title='bbox 1485 227 1545 253; x_wconf 90' lang='lat' dir='ltr'><strong>suo,</strong></span> <span class='ocrx_word' id='word_1_112' title='bbox 1556 222 1638 250; x_wconf 86' lang='lat' dir='ltr'><strong>tertio</strong></span> <span class='ocrx_word' id='word_1_113' title='bbox 1658 223 1714 257; x_wconf 84' lang='lat' dir='ltr'><strong>jam</strong></span> 
     </span>
    </p>
   </div>
   <div class='ocr_carea' id='block_1_20' title="bbox 925 261 1384 296">
    <p class='ocr_par' dir='ltr' id='par_1_20' title="bbox 925 261 1384 296">
     <span class='ocr_line' id='line_1_20' title="bbox 925 261 1384 296; baseline 0.004 -9"><span class='ocrx_word' id='word_1_114' title='bbox 925 261 1021 288; x_wconf 82' lang='lat' dir='ltr'><strong>ordine</strong></span> <span class='ocrx_word' id='word_1_115' title='bbox 1039 261 1157 296; x_wconf 83' lang='lat' dir='ltr'><strong>generis,</strong></span> <span class='ocrx_word' id='word_1_116' title='bbox 1176 261 1384 296; x_wconf 76' lang='lat' dir='ltr'><strong>gubernantem.</strong></span> 
     </span>
    </p>
   </div>
   <div class='ocr_carea' id='block_1_21' title="bbox 961 307 1727 354">
    <p class='ocr_par' dir='ltr' id='par_1_21' title="bbox 961 307 1727 354">
     <span class='ocr_line' id='line_1_21' title="bbox 961 307 1727 354; baseline 0.009 -20"><span class='ocrx_word' id='word_1_117' title='bbox 961 308 1005 335; x_wconf 82' lang='grc'><strong>15.</strong></span> <span class='ocrx_word' id='word_1_118' title='bbox 1022 307 1122 335; x_wconf 88' lang='lat' dir='ltr'><strong>Sancta</strong></span> <span class='ocrx_word' id='word_1_119' title='bbox 1140 313 1167 335; x_wconf 84' lang='lat' dir='ltr'><strong>et</strong></span> <span class='ocrx_word' id='word_1_120' title='bbox 1180 309 1348 336; x_wconf 88' lang='lat' dir='ltr'><strong>oecumcniea</strong></span> <span class='ocrx_word' id='word_1_121' title='bbox 1361 314 1459 344; x_wconf 85' lang='lat' dir='ltr'><strong>quarta</strong></span> <span class='ocrx_word' id='word_1_122' title='bbox 1478 311 1598 347; x_wconf 81' lang='lat' dir='ltr'><strong>synodus</strong></span> <span class='ocrx_word' id='word_1_123' title='bbox 1608 313 1727 354; x_wconf 43' lang='lat' dir='ltr'><strong>religio-l</strong></span> 
     </span>
    </p>
   </div>
   <div class='ocr_carea' id='block_1_22' title="bbox 924 353 1712 391">
    <p class='ocr_par' dir='ltr' id='par_1_22' title="bbox 924 353 1712 391">
     <span class='ocr_line' id='line_1_22' title="bbox 924 353 1712 391; baseline 0.006 -10"><span class='ocrx_word' id='word_1_124' title='bbox 924 354 1062 381; x_wconf 84' lang='lat' dir='ltr'><strong>sissimum</strong></span> <span class='ocrx_word' id='word_1_125' title='bbox 1084 354 1236 389; x_wconf 79' lang='lat' dir='ltr'><strong>principem</strong></span> <span class='ocrx_word' id='word_1_126' title='bbox 1249 353 1416 382; x_wconf 81' lang='lat' dir='ltr'><strong>Marcianum</strong></span> <span class='ocrx_word' id='word_1_127' title='bbox 1429 362 1593 391; x_wconf 64' lang='lat' dir='ltr'><strong>praesentem</strong></span> <span class='ocrx_word' id='word_1_128' title='bbox 1603 359 1670 386; x_wconf 92' lang='lat' dir='ltr'><strong>vidit</strong></span> <span class='ocrx_word' id='word_1_129' title='bbox 1689 365 1712 386; x_wconf 88' lang='lat' dir='ltr'><strong>et</strong></span> 
     </span>
    </p>
   </div>
   <div class='ocr_carea' id='block_1_23' title="bbox 924 400 1713 436">
    <p class='ocr_par' dir='ltr' id='par_1_23' title="bbox 924 400 1713 436">
     <span class='ocr_line' id='line_1_23' title="bbox 924 400 1713 436; baseline 0.006 -10"><span class='ocrx_word' id='word_1_130' title='bbox 924 400 1137 434; x_wconf 76' lang='lat' dir='ltr'><strong>conspirantem,</strong></span> <span class='ocrx_word' id='word_1_131' title='bbox 1155 408 1216 434; x_wconf 69' lang='lat' dir='ltr'><strong>qua:</strong></span> <span class='ocrx_word' id='word_1_132' title='bbox 1225 400 1347 428; x_wconf 74' lang='lat' dir='ltr'><strong>veritatis</strong></span> <span class='ocrx_word' id='word_1_133' title='bbox 1366 401 1522 436; x_wconf 74' lang='lat' dir='ltr'><strong>dogmatum</strong></span> <span class='ocrx_word' id='word_1_134' title='bbox 1547 404 1713 431; x_wconf 71' lang='lat' dir='ltr'><strong>auditorium</strong></span> 
     </span>
    </p>
   </div>
   <div class='ocr_carea' id='block_1_24' title="bbox 924 445 1714 482">
    <p class='ocr_par' dir='ltr' id='par_1_24' title="bbox 924 445 1714 482">
     <span class='ocr_line' id='line_1_24' title="bbox 924 445 1714 482; baseline 0.005 -9"><span class='ocrx_word' id='word_1_135' title='bbox 924 445 1125 474; x_wconf 90' lang='lat' dir='ltr'><strong>Chalcedonem</strong></span> <span class='ocrx_word' id='word_1_136' title='bbox 1136 446 1270 482; x_wconf 61' lang='lat' dir='ltr'><strong>Bithyniae</strong></span> <span class='ocrx_word' id='word_1_137' title='bbox 1282 447 1376 474; x_wconf 83' lang='lat' dir='ltr'><strong>urbem</strong></span> <span class='ocrx_word' id='word_1_138' title='bbox 1386 447 1521 475; x_wconf 92' lang='lat' dir='ltr'><strong>celebrem</strong></span> <span class='ocrx_word' id='word_1_139' title='bbox 1533 450 1714 477; x_wconf 75' lang='lat' dir='ltr'><strong>consecravit.</strong></span> 
     </span>
    </p>
   </div>
   <div class='ocr_carea' id='block_1_25' title="bbox 924 490 1715 529">
    <p class='ocr_par' dir='ltr' id='par_1_25' title="bbox 924 490 1715 529">
     <span class='ocr_line' id='line_1_25' title="bbox 924 490 1715 529; baseline 0.006 -12"><span class='ocrx_word' id='word_1_140' title='bbox 924 490 965 518; x_wconf 84' lang='lat' dir='ltr'><strong>Ad</strong></span> <span class='ocrx_word' id='word_1_141' title='bbox 979 496 1123 519; x_wconf 73' lang='lat' dir='ltr'><strong>sexcentos</strong></span> <span class='ocrx_word' id='word_1_142' title='bbox 1141 495 1167 518; x_wconf 89' lang='lat' dir='ltr'><strong>et</strong></span> <span class='ocrx_word' id='word_1_143' title='bbox 1183 491 1295 527; x_wconf 79' lang='lat' dir='ltr'><strong>triginta</strong></span> <span class='ocrx_word' id='word_1_144' title='bbox 1310 500 1443 520; x_wconf 89' lang='lat' dir='ltr'><strong>numerus</strong></span> <span class='ocrx_word' id='word_1_145' title='bbox 1461 494 1632 529; x_wconf 76' lang='lat' dir='ltr'><strong>pcrlingebat</strong></span> <span class='ocrx_word' id='word_1_146' title='bbox 1648 503 1715 522; x_wconf 93' lang='lat' dir='ltr'><strong>con-</strong></span> 
     </span>
    </p>
   </div>
   <div class='ocr_carea' id='block_1_26' title="bbox 925 537 1713 572">
    <p class='ocr_par' dir='ltr' id='par_1_26' title="bbox 925 537 1713 572">
     <span class='ocr_line' id='line_1_26' title="bbox 925 537 1713 572; baseline 0.004 -9"><span class='ocrx_word' id='word_1_147' title='bbox 925 544 1067 564; x_wconf 83' lang='lat' dir='ltr'><strong>venarum.</strong></span> <span class='ocrx_word' id='word_1_148' title='bbox 1091 537 1214 570; x_wconf 82' lang='lat' dir='ltr'><strong>Quorum</strong></span> <span class='ocrx_word' id='word_1_149' title='bbox 1229 537 1360 572; x_wconf 63' lang='lat' dir='ltr'><strong>praecipui</strong></span> <span class='ocrx_word' id='word_1_150' title='bbox 1376 537 1539 565; x_wconf 75' lang='lat' dir='ltr'><strong>dicebantur</strong></span> <span class='ocrx_word' id='word_1_151' title='bbox 1561 539 1713 571; x_wconf 80' lang='lat' dir='ltr'><strong>Anatolius,</strong></span> 
     </span>
    </p>
   </div>
   <div class='ocr_carea' id='block_1_27' title="bbox 925 582 1716 618">
    <p class='ocr_par' dir='ltr' id='par_1_27' title="bbox 925 582 1716 618">
     <span class='ocr_line' id='line_1_27' title="bbox 925 582 1716 618; baseline 0.005 -9"><span class='ocrx_word' id='word_1_152' title='bbox 925 583 971 616; x_wconf 88' lang='lat' dir='ltr'><strong>qui</strong></span> <span class='ocrx_word' id='word_1_153' title='bbox 983 582 1011 609; x_wconf 93' lang='lat' dir='ltr'><strong>in</strong></span> <span class='ocrx_word' id='word_1_154' title='bbox 1028 583 1197 610; x_wconf 85' lang='lat' dir='ltr'><strong>sacerdotale</strong></span> <span class='ocrx_word' id='word_1_155' title='bbox 1213 583 1296 618; x_wconf 70' lang='lat' dir='ltr'><strong>regia:</strong></span> <span class='ocrx_word' id='word_1_156' title='bbox 1309 583 1383 610; x_wconf 88' lang='lat' dir='ltr'><strong>urbis</strong></span> <span class='ocrx_word' id='word_1_157' title='bbox 1396 584 1493 611; x_wconf 85' lang='lat' dir='ltr'><strong>solium</strong></span> <span class='ocrx_word' id='word_1_158' title='bbox 1521 584 1610 612; x_wconf 84' lang='lat' dir='ltr'><strong>fuerat</strong></span> <span class='ocrx_word' id='word_1_159' title='bbox 1635 586 1716 612; x_wconf 88' lang='lat' dir='ltr'><strong>inun—</strong></span> 
     </span>
    </p>
   </div>
   <div class='ocr_carea' id='block_1_28' title="bbox 925 627 1717 665">
    <p class='ocr_par' dir='ltr' id='par_1_28' title="bbox 925 627 1717 665">
     <span class='ocr_line' id='line_1_28' title="bbox 925 627 1717 665; baseline 0.004 -12"><span class='ocrx_word' id='word_1_160' title='bbox 925 631 986 654; x_wconf 92' lang='lat' dir='ltr'><strong>ctus</strong></span> <span class='ocrx_word' id='word_1_161' title='bbox 1004 635 1011 654; x_wconf 89' lang='lat'><strong>:</strong></span> <span class='ocrx_word' id='word_1_162' title='bbox 1025 627 1207 655; x_wconf 86' lang='lat' dir='ltr'><strong>Paschasinus</strong></span> <span class='ocrx_word' id='word_1_163' title='bbox 1222 636 1332 663; x_wconf 88' lang='lat' dir='ltr'><strong>quoque</strong></span> <span class='ocrx_word' id='word_1_164' title='bbox 1345 634 1374 655; x_wconf 88' lang='lat' dir='ltr'><strong>et</strong></span> <span class='ocrx_word' id='word_1_165' title='bbox 1402 629 1552 657; x_wconf 89' lang='lat' dir='ltr'><strong>Lueentius</strong></span> <span class='ocrx_word' id='word_1_166' title='bbox 1569 630 1717 665; x_wconf 76' lang='lat' dir='ltr'><strong>episcopali</strong></span> 
     </span>
    </p>
   </div>
   <div class='ocr_carea' id='block_1_29' title="bbox 924 672 1716 710">
    <p class='ocr_par' dir='ltr' id='par_1_29' title="bbox 924 672 1716 710">
     <span class='ocr_line' id='line_1_29' title="bbox 924 672 1716 710; baseline 0.004 -11"><span class='ocrx_word' id='word_1_167' title='bbox 924 672 1055 707; x_wconf 82' lang='lat' dir='ltr'><strong>dignitate</strong></span> <span class='ocrx_word' id='word_1_168' title='bbox 1071 673 1218 707; x_wconf 81' lang='lat' dir='ltr'><strong>fulgentes,</strong></span> <span class='ocrx_word' id='word_1_169' title='bbox 1237 681 1291 700; x_wconf 89' lang='lat' dir='ltr'><strong>una</strong></span> <span class='ocrx_word' id='word_1_170' title='bbox 1303 681 1365 701; x_wconf 93' lang='lat' dir='ltr'><strong>cum</strong></span> <span class='ocrx_word' id='word_1_171' title='bbox 1390 675 1547 710; x_wconf 76' lang='lat' dir='ltr'><strong>presbytero</strong></span> <span class='ocrx_word' id='word_1_172' title='bbox 1568 674 1716 706; x_wconf 81' lang='lat' dir='ltr'><strong>Bonifacio,</strong></span> 
     </span>
    </p>
   </div>
   <div class='ocr_carea' id='block_1_30' title="bbox 925 718 1717 754">
    <p class='ocr_par' dir='ltr' id='par_1_30' title="bbox 925 718 1717 754">
     <span class='ocr_line' id='line_1_30' title="bbox 925 718 1717 754; baseline 0.005 -10"><span class='ocrx_word' id='word_1_173' title='bbox 925 718 1015 745; x_wconf 88' lang='lat' dir='ltr'><strong>locum</strong></span> <span class='ocrx_word' id='word_1_174' title='bbox 1032 718 1132 746; x_wconf 84' lang='lat' dir='ltr'><strong>Leonis</strong></span> <span class='ocrx_word' id='word_1_175' title='bbox 1142 718 1306 746; x_wconf 86' lang='lat' dir='ltr'><strong>sanctissimi</strong></span> <span class='ocrx_word' id='word_1_176' title='bbox 1322 727 1399 754; x_wconf 65' lang='lat' dir='ltr'><strong>papa:</strong></span> <span class='ocrx_word' id='word_1_177' title='bbox 1414 719 1530 746; x_wconf 82' lang='lat' dir='ltr'><strong>Romani</strong></span> <span class='ocrx_word' id='word_1_178' title='bbox 1546 720 1717 751; x_wconf 85' lang='lat' dir='ltr'><strong>obtinebant,</strong></span> 
     </span>
    </p>
   </div>
   <div class='ocr_carea' id='block_1_31' title="bbox 926 764 1719 802">
    <p class='ocr_par' dir='ltr' id='par_1_31' title="bbox 926 764 1719 802">
     <span class='ocr_line' id='line_1_31' title="bbox 926 764 1719 802; baseline 0.004 -11"><span class='ocrx_word' id='word_1_179' title='bbox 926 765 1004 799; x_wconf 83' lang='lat' dir='ltr'><strong>cujus</strong></span> <span class='ocrx_word' id='word_1_180' title='bbox 1032 764 1130 792; x_wconf 89' lang='lat' dir='ltr'><strong>Leonis</strong></span> <span class='ocrx_word' id='word_1_181' title='bbox 1146 765 1241 799; x_wconf 81' lang='lat' dir='ltr'><strong>ingens</strong></span> <span class='ocrx_word' id='word_1_182' title='bbox 1267 765 1351 801; x_wconf 75' lang='lat' dir='ltr'><strong>gloria</strong></span> <span class='ocrx_word' id='word_1_183' title='bbox 1373 770 1400 792; x_wconf 87' lang='lat' dir='ltr'><strong>et</strong></span> <span class='ocrx_word' id='word_1_184' title='bbox 1419 766 1521 794; x_wconf 92' lang='lat' dir='ltr'><strong>multus</strong></span> <span class='ocrx_word' id='word_1_185' title='bbox 1553 774 1603 801; x_wconf 92' lang='lat' dir='ltr'><strong>pro</strong></span> <span class='ocrx_word' id='word_1_186' title='bbox 1619 767 1719 802; x_wconf 86' lang='lat' dir='ltr'><strong>pietate</strong></span> 
     </span>
    </p>
   </div>
   <div class='ocr_carea' id='block_1_32' title="bbox 929 811 1719 846">
    <p class='ocr_par' dir='ltr' id='par_1_32' title="bbox 929 811 1719 846">
     <span class='ocr_line' id='line_1_32' title="bbox 929 811 1719 846; baseline 0.004 -9"><span class='ocrx_word' id='word_1_187' title='bbox 929 812 1014 838; x_wconf 81' lang='lat' dir='ltr'><strong>zelus.</strong></span> <span class='ocrx_word' id='word_1_188' title='bbox 1031 811 1155 838; x_wconf 84' lang='lat' dir='ltr'><strong>Aderant</strong></span> <span class='ocrx_word' id='word_1_189' title='bbox 1168 815 1298 846; x_wconf 69' lang='lat' dir='ltr'><strong>prmterea</strong></span> <span class='ocrx_word' id='word_1_190' title='bbox 1313 811 1445 838; x_wconf 75' lang='lat' dir='ltr'><strong>Maximus</strong></span> <span class='ocrx_word' id='word_1_191' title='bbox 1454 813 1616 844; x_wconf 80' lang='lat' dir='ltr'><strong>Antiochiae,</strong></span> <span class='ocrx_word' id='word_1_192' title='bbox 1632 817 1659 840; x_wconf 90' lang='lat' dir='ltr'><strong>et</strong></span> <span class='ocrx_word' id='word_1_193' title='bbox 1669 813 1719 841; x_wconf 81' lang='lat' dir='ltr'><strong>Ju-</strong></span> 
     </span>
    </p>
   </div>
   <div class='ocr_carea' id='block_1_33' title="bbox 96 844 873 893">
    <p class='ocr_par' dir='ltr' id='par_1_33' title="bbox 96 849 873 888">
     <span class='ocr_line' id='line_1_33' title="bbox 96 849 873 888; baseline -0.004 -9"><span class='ocrx_word' id='word_1_194' title='bbox 96 853 178 888; x_wconf 82' lang='grc' dir='ltr'>ζῆλος.</span> <span class='ocrx_word' id='word_1_195' title='bbox 193 853 261 879; x_wconf 84' lang='grc' dir='ltr'>Μεθ’</span> <span class='ocrx_word' id='word_1_196' title='bbox 281 849 317 879; x_wconf 83' lang='grc' dir='ltr'><strong>ὧν</strong></span> <span class='ocrx_word' id='word_1_197' title='bbox 333 851 457 886; x_wconf 79' lang='grc' dir='ltr'>Μάξιμός</span> <span class='ocrx_word' id='word_1_198' title='bbox 473 860 502 877; x_wconf 83' lang='grc' dir='ltr'><strong>τε</strong></span> <span class='ocrx_word' id='word_1_199' title='bbox 514 851 528 876; x_wconf 84' lang='grc' dir='ltr'>ὀ</span> <span class='ocrx_word' id='word_1_200' title='bbox 553 851 729 886; x_wconf 79' lang='grc' dir='ltr'><strong>Ἀντιοχείας,</strong></span> <span class='ocrx_word' id='word_1_201' title='bbox 742 851 789 878; x_wconf 77' lang='grc' dir='ltr'><strong>καὶ</strong></span> <span class='ocrx_word' id='word_1_202' title='bbox 802 852 815 877; x_wconf 83' lang='grc' dir='ltr'>ὁ</span> <span class='ocrx_word' id='word_1_203' title='bbox 830 850 873 876; x_wconf 83' lang='grc' dir='ltr'><strong>Ἱε-</strong></span> 
     </span>
    </p>
   </div>
   <div class='ocr_carea' id='block_1_34' title="bbox 927 844 1718 893">
    <p class='ocr_par' dir='ltr' id='par_1_34' title="bbox 929 844 1718 893">
     <span class='ocr_line' id='line_1_34' title="bbox 929 844 1718 893; baseline 0.005 -11"><span class='ocrx_word' id='word_1_204' title='bbox 929 856 1053 883; x_wconf 78' lang='lat' dir='ltr'><strong>venalius</strong></span> <span class='ocrx_word' id='word_1_205' title='bbox 1074 844 1337 892; x_wconf 84' lang='lat' dir='ltr'><strong>Hierosolymorum.</strong></span> <span class='ocrx_word' id='word_1_206' title='bbox 1351 857 1399 884; x_wconf 82' lang='lat' dir='ltr'><strong>isti</strong></span> <span class='ocrx_word' id='word_1_207' title='bbox 1413 858 1554 893; x_wconf 85' lang='lat' dir='ltr'><strong>Eutychen</strong></span> <span class='ocrx_word' id='word_1_208' title='bbox 1581 859 1718 886; x_wconf 87' lang='lat' dir='ltr'><strong>iulelicem</strong></span> 
     </span>
    </p>
   </div>
   <div class='ocr_carea' id='block_1_35' title="bbox 97 897 875 935">
    <p class='ocr_par' dir='ltr' id='par_1_35' title="bbox 97 897 875 935">
     <span class='ocr_line' id='line_1_35' title="bbox 97 897 875 935; baseline -0.004 -9"><span class='ocrx_word' id='word_1_209' title='bbox 97 899 248 935; x_wconf 86' lang='grc' dir='ltr'>ροσολύμων</span> <span class='ocrx_word' id='word_1_210' title='bbox 273 898 459 930; x_wconf 81' lang='grc' dir='ltr'>’1ου6ενάλιος.</span> <span class='ocrx_word' id='word_1_211' title='bbox 486 898 590 929; x_wconf 77' lang='grc' dir='ltr'>Οῖτινες</span> <span class='ocrx_word' id='word_1_212' title='bbox 622 898 729 933; x_wconf 80' lang='grc' dir='ltr'><strong>Εὐτυχῆ</strong></span> <span class='ocrx_word' id='word_1_213' title='bbox 767 906 797 924; x_wconf 79' lang='grc' dir='ltr'><strong>τε</strong></span> <span class='ocrx_word' id='word_1_214' title='bbox 828 897 875 923; x_wconf 70' lang='grc' dir='ltr'><strong>τὸν</strong></span> 
     </span>
    </p>
   </div>
   <div class='ocr_carea' id='block_1_36' title="bbox 95 942 875 980">
    <p class='ocr_par' dir='ltr' id='par_1_36' title="bbox 95 942 875 980">
     <span class='ocr_line' id='line_1_36' title="bbox 95 942 875 980; baseline -0.004 -9"><span class='ocrx_word' id='word_1_215' title='bbox 95 945 207 980; x_wconf 77' lang='grc' dir='ltr'>δυστυχῆ</span> <span class='ocrx_word' id='word_1_216' title='bbox 228 945 275 971; x_wconf 80' lang='grc' dir='ltr'><strong>καὶ</strong></span> <span class='ocrx_word' id='word_1_217' title='bbox 299 944 344 970; x_wconf 66' lang='grc' dir='ltr'>τὸν</span> <span class='ocrx_word' id='word_1_218' title='bbox 367 944 557 979; x_wconf 79' lang='grc' dir='ltr'>προασπιστὴν</span> <span class='ocrx_word' id='word_1_219' title='bbox 571 942 654 969; x_wconf 80' lang='grc' dir='ltr'>αὐτοῦ</span> <span class='ocrx_word' id='word_1_220' title='bbox 683 942 728 969; x_wconf 75' lang='grc' dir='ltr'>τὸν</span> <span class='ocrx_word' id='word_1_221' title='bbox 757 942 875 974; x_wconf 77' lang='grc' dir='ltr'>ἀλαζόνα</span> 
     </span>
    </p>
   </div>
   <div class='ocr_carea' id='block_1_37' title="bbox 96 989 873 1025">
    <p class='ocr_par' dir='ltr' id='par_1_37' title="bbox 96 989 873 1025">
     <span class='ocr_line' id='line_1_37' title="bbox 96 989 873 1025; baseline -0.001 -8"><span class='ocrx_word' id='word_1_222' title='bbox 96 991 235 1025; x_wconf 79' lang='grc' dir='ltr'>Διόσκορον</span> <span class='ocrx_word' id='word_1_223' title='bbox 263 990 476 1025; x_wconf 77' lang='grc' dir='ltr'>δυσσεὸημάτων</span> <span class='ocrx_word' id='word_1_224' title='bbox 510 990 550 1021; x_wconf 83' lang='grc' dir='ltr'><strong>είς</strong></span> <span class='ocrx_word' id='word_1_225' title='bbox 576 989 692 1024; x_wconf 74' lang='grc' dir='ltr'>πράξεις</span> <span class='ocrx_word' id='word_1_226' title='bbox 720 989 873 1024; x_wconf 81' lang='grc' dir='ltr'>ἀπῄτησαν.</span> 
     </span>
    </p>
   </div>
   <div class='ocr_carea' id='block_1_38' title="bbox 94 1034 875 1072">
    <p class='ocr_par' dir='ltr' id='par_1_38' title="bbox 94 1034 875 1072">
     <span class='ocr_line' id='line_1_38' title="bbox 94 1034 875 1072; baseline -0.004 -8"><span class='ocrx_word' id='word_1_227' title='bbox 94 1037 145 1063; x_wconf 76' lang='grc' dir='ltr'><strong>Καὶ</strong></span> <span class='ocrx_word' id='word_1_228' title='bbox 162 1037 216 1072; x_wconf 83' lang='grc' dir='ltr'><strong>γὰρ</strong></span> <span class='ocrx_word' id='word_1_229' title='bbox 243 1037 290 1063; x_wconf 79' lang='grc' dir='ltr'>καὶ</span> <span class='ocrx_word' id='word_1_230' title='bbox 316 1034 401 1069; x_wconf 70' lang='grc' dir='ltr'>οὗτοι,</span> <span class='ocrx_word' id='word_1_231' title='bbox 419 1035 468 1070; x_wconf 88' lang='grc' dir='ltr'>τὴν</span> <span class='ocrx_word' id='word_1_232' title='bbox 499 1036 530 1061; x_wconf 82' lang='grc' dir='ltr'>ὲκ</span> <span class='ocrx_word' id='word_1_233' title='bbox 557 1035 704 1070; x_wconf 78' lang='grc' dir='ltr'>διαμέτρου</span> <span class='ocrx_word' id='word_1_234' title='bbox 735 1035 875 1070; x_wconf 81' lang='grc' dir='ltr'>Νεστορίῳ</span> 
     </span>
    </p>
   </div>
   <div class='ocr_carea' id='block_1_39' title="bbox 95 1081 874 1118">
    <p class='ocr_par' dir='ltr' id='par_1_39' title="bbox 95 1081 874 1118">
     <span class='ocr_line' id='line_1_39' title="bbox 95 1081 874 1118; baseline -0.004 -8"><span class='ocrx_word' id='word_1_235' title='bbox 95 1084 196 1118; x_wconf 74' lang='grc' dir='ltr'>πλάνην</span> <span class='ocrx_word' id='word_1_236' title='bbox 204 1083 423 1118; x_wconf 81' lang='grc' dir='ltr'>οῑκειωσάμενοι,</span> <span class='ocrx_word' id='word_1_237' title='bbox 438 1083 478 1115; x_wconf 75' lang='grc' dir='ltr'>εἰς</span> <span class='ocrx_word' id='word_1_238' title='bbox 496 1082 546 1118; x_wconf 85' lang='grc' dir='ltr'>τὴν</span> <span class='ocrx_word' id='word_1_239' title='bbox 559 1083 656 1118; x_wconf 77' lang='grc' dir='ltr'>ὁμοίαν</span> <span class='ocrx_word' id='word_1_240' title='bbox 669 1083 766 1116; x_wconf 80' lang='grc' dir='ltr'>ἐκείνῳ</span> <span class='ocrx_word' id='word_1_241' title='bbox 780 1081 874 1113; x_wconf 74' lang='grc' dir='ltr'>ἐξέπε-</span> 
     </span>
    </p>
   </div>
   <div class='ocr_carea' id='block_1_40' title="bbox 93 1128 875 1165">
    <p class='ocr_par' dir='ltr' id='par_1_40' title="bbox 93 1128 875 1165">
     <span class='ocr_line' id='line_1_40' title="bbox 93 1128 875 1165; baseline -0.004 -8"><span class='ocrx_word' id='word_1_242' title='bbox 93 1139 136 1157; x_wconf 90' lang='grc' dir='ltr'><strong>σον</strong></span> <span class='ocrx_word' id='word_1_243' title='bbox 161 1130 316 1165; x_wconf 78' lang='grc' dir='ltr'>ἁθλιότητα.</span> <span class='ocrx_word' id='word_1_244' title='bbox 335 1130 386 1156; x_wconf 87' lang='grc' dir='ltr'>Τὺν</span> <span class='ocrx_word' id='word_1_245' title='bbox 397 1129 451 1165; x_wconf 84' lang='grc' dir='ltr'><strong>γὰρ</strong></span> <span class='ocrx_word' id='word_1_246' title='bbox 470 1129 518 1156; x_wconf 72' lang='grc' dir='ltr'>ἕνα</span> <span class='ocrx_word' id='word_1_247' title='bbox 534 1129 635 1164; x_wconf 82' lang='grc' dir='ltr'>Κύριον</span> <span class='ocrx_word' id='word_1_248' title='bbox 661 1128 738 1164; x_wconf 86' lang='grc' dir='ltr'>ἡμῶν</span> <span class='ocrx_word' id='word_1_249' title='bbox 772 1128 875 1163; x_wconf 80' lang='grc' dir='ltr'><strong>Ἰησοῦν</strong></span> 
     </span>
    </p>
   </div>
   <div class='ocr_carea' id='block_1_41' title="bbox 91 1175 875 1213">
    <p class='ocr_par' dir='ltr' id='par_1_41' title="bbox 91 1175 875 1213">
     <span class='ocr_line' id='line_1_41' title="bbox 91 1175 875 1213; baseline -0.004 -9"><span class='ocrx_word' id='word_1_250' title='bbox 91 1178 216 1213; x_wconf 83' lang='grc' dir='ltr'>Χριστὸν,</span> <span class='ocrx_word' id='word_1_251' title='bbox 228 1178 259 1204; x_wconf 78' lang='grc' dir='ltr'>ἐκ</span> <span class='ocrx_word' id='word_1_252' title='bbox 273 1177 399 1212; x_wconf 81' lang='grc' dir='ltr'>θεότητος</span> <span class='ocrx_word' id='word_1_253' title='bbox 415 1176 460 1203; x_wconf 75' lang='grc' dir='ltr'>καὶ</span> <span class='ocrx_word' id='word_1_254' title='bbox 478 1176 687 1211; x_wconf 82' lang='grc' dir='ltr'>ἀνθρωπότητος</span> <span class='ocrx_word' id='word_1_255' title='bbox 706 1175 875 1210; x_wconf 81' lang='grc' dir='ltr'>γνωριζόμε-</span> 
     </span>
    </p>
   </div>
   <div class='ocr_carea' id='block_1_42' title="bbox 91 1221 874 1256">
    <p class='ocr_par' dir='ltr' id='par_1_42' title="bbox 91 1221 874 1256">
     <span class='ocr_line' id='line_1_42' title="bbox 91 1221 874 1256; baseline -0.004 -6"><span class='ocrx_word' id='word_1_256' title='bbox 91 1232 145 1256; x_wconf 81' lang='grc' dir='ltr'>νον,</span> <span class='ocrx_word' id='word_1_257' title='bbox 155 1224 200 1250; x_wconf 75' lang='grc' dir='ltr'><strong>καὶ</strong></span> <span class='ocrx_word' id='word_1_258' title='bbox 215 1224 245 1250; x_wconf 80' lang='grc' dir='ltr'>ὲν</span> <span class='ocrx_word' id='word_1_259' title='bbox 260 1223 374 1254; x_wconf 84' lang='grc' dir='ltr'>ταύταις</span> <span class='ocrx_word' id='word_1_260' title='bbox 387 1223 447 1253; x_wconf 91' lang='grc' dir='ltr'>ταῖς</span> <span class='ocrx_word' id='word_1_261' title='bbox 461 1222 522 1248; x_wconf 78' lang='grc' dir='ltr'>δυσὶ</span> <span class='ocrx_word' id='word_1_262' title='bbox 543 1221 780 1256; x_wconf 80' lang='grc' dir='ltr'>προσκυνούμενον</span> <span class='ocrx_word' id='word_1_263' title='bbox 791 1221 874 1256; x_wconf 87' lang='grc' dir='ltr'>φύσε-</span> 
     </span>
    </p>
   </div>
   <div class='ocr_carea' id='block_1_43' title="bbox 91 1265 874 1302">
    <p class='ocr_par' dir='ltr' id='par_1_43' title="bbox 91 1265 874 1302">
     <span class='ocr_line' id='line_1_43' title="bbox 91 1265 874 1302; baseline -0.004 -8"><span class='ocrx_word' id='word_1_264' title='bbox 91 1277 143 1300; x_wconf 93' lang='grc' dir='ltr'>σιν,</span> <span class='ocrx_word' id='word_1_265' title='bbox 161 1269 201 1300; x_wconf 70' lang='lat' dir='ltr'><strong>sic;</strong></span> <span class='ocrx_word' id='word_1_266' title='bbox 216 1268 280 1302; x_wconf 84' lang='grc' dir='ltr'>μίαν</span> <span class='ocrx_word' id='word_1_267' title='bbox 297 1267 379 1301; x_wconf 84' lang='grc' dir='ltr'>φύσιν</span> <span class='ocrx_word' id='word_1_268' title='bbox 392 1265 535 1302; x_wconf 74' lang='grc' dir='ltr'>τολμηρῶς</span> <span class='ocrx_word' id='word_1_269' title='bbox 547 1266 594 1292; x_wconf 77' lang='grc' dir='ltr'>καὶ</span> <span class='ocrx_word' id='word_1_270' title='bbox 620 1265 746 1299; x_wconf 78' lang='grc' dir='ltr'>ἀφρόνως</span> <span class='ocrx_word' id='word_1_271' title='bbox 763 1265 874 1300; x_wconf 66' lang='lat' dir='ltr'><strong>dvenio-</strong></span> 
     </span>
    </p>
   </div>
   <div class='ocr_carea' id='block_1_44' title="bbox 90 1307 874 1347">
    <p class='ocr_par' dir='ltr' id='par_1_44' title="bbox 90 1307 874 1347">
     <span class='ocr_line' id='line_1_44' title="bbox 90 1307 874 1347; baseline -0.005 -8"><span class='ocrx_word' id='word_1_272' title='bbox 90 1321 142 1340; x_wconf 88' lang='grc' dir='ltr'><strong>νων</strong></span> <span class='ocrx_word' id='word_1_273' title='bbox 155 1313 202 1339; x_wconf 77' lang='grc' dir='ltr'>καὶ</span> <span class='ocrx_word' id='word_1_274' title='bbox 227 1312 365 1347; x_wconf 80' lang='grc' dir='ltr'>συνέχεον.</span> <span class='ocrx_word' id='word_1_275' title='bbox 387 1311 433 1343; x_wconf 81' lang='grc' dir='ltr'>Ἐξ</span> <span class='ocrx_word' id='word_1_276' title='bbox 448 1307 496 1344; x_wconf 80' lang='grc' dir='ltr'>ὧν,</span> <span class='ocrx_word' id='word_1_277' title='bbox 511 1311 561 1345; x_wconf 86' lang='grc' dir='ltr'>τῆς</span> <span class='ocrx_word' id='word_1_278' title='bbox 575 1319 605 1336; x_wconf 79' lang='grc' dir='ltr'><strong>τε</strong></span> <span class='ocrx_word' id='word_1_279' title='bbox 624 1310 761 1345; x_wconf 79' lang='grc' dir='ltr'>πατρικῆς</span> <span class='ocrx_word' id='word_1_280' title='bbox 782 1310 874 1341; x_wconf 80' lang='grc' dir='ltr'>οὐσίας</span> 
     </span>
    </p>
   </div>
   <div class='ocr_carea' id='block_1_45' title="bbox 91 1355 876 1394">
    <p class='ocr_par' dir='ltr' id='par_1_45' title="bbox 91 1355 876 1394">
     <span class='ocr_line' id='line_1_45' title="bbox 91 1355 876 1394; baseline -0.005 -9"><span class='ocrx_word' id='word_1_281' title='bbox 91 1359 132 1385; x_wconf 81' lang='grc' dir='ltr'><strong>έτε</strong></span> <span class='ocrx_word' id='word_1_282' title='bbox 138 1358 260 1394; x_wconf 80' lang='grc' dir='ltr'>ρόφυλον,</span> <span class='ocrx_word' id='word_1_283' title='bbox 275 1358 387 1388; x_wconf 80' lang='grc' dir='ltr'>καὶτοῖς</span> <span class='ocrx_word' id='word_1_284' title='bbox 400 1356 554 1392; x_wconf 83' lang='grc' dir='ltr'>ἀνθρώποις</span> <span class='ocrx_word' id='word_1_285' title='bbox 566 1355 741 1391; x_wconf 82' lang='grc' dir='ltr'>ὲτερόφυλον,</span> <span class='ocrx_word' id='word_1_286' title='bbox 757 1356 805 1382; x_wconf 74' lang='grc' dir='ltr'>καὶ</span> <span class='ocrx_word' id='word_1_287' title='bbox 820 1357 876 1387; x_wconf 86' lang='grc' dir='ltr'>τοῖς</span> 
     </span>
    </p>
   </div>
   <div class='ocr_carea' id='block_1_46' title="bbox 90 1401 875 1440">
    <p class='ocr_par' dir='ltr' id='par_1_46' title="bbox 90 1401 875 1440">
     <span class='ocr_line' id='line_1_46' title="bbox 90 1401 875 1440; baseline -0.006 -8"><span class='ocrx_word' id='word_1_288' title='bbox 90 1404 246 1440; x_wconf 77' lang='grc' dir='ltr'>ἀνθρώποις</span> <span class='ocrx_word' id='word_1_289' title='bbox 273 1404 417 1439; x_wconf 78' lang='grc' dir='ltr'>ἐτεροφυᾶ,</span> <span class='ocrx_word' id='word_1_290' title='bbox 434 1403 465 1429; x_wconf 82' lang='grc' dir='ltr'>οὐ</span> <span class='ocrx_word' id='word_1_291' title='bbox 489 1404 613 1429; x_wconf 84' lang='grc' dir='ltr'>συνίεσαν</span> <span class='ocrx_word' id='word_1_292' title='bbox 625 1403 649 1428; x_wconf 82' lang='grc' dir='ltr'>οι</span> <span class='ocrx_word' id='word_1_293' title='bbox 665 1401 776 1428; x_wconf 87' lang='grc' dir='ltr'>δείλαιοι</span> <span class='ocrx_word' id='word_1_294' title='bbox 804 1409 875 1436; x_wconf 84' lang='grc' dir='ltr'>συμ-</span> 
     </span>
    </p>
   </div>
   <div class='ocr_carea' id='block_1_47' title="bbox 89 1446 873 1486">
    <p class='ocr_par' dir='ltr' id='par_1_47' title="bbox 89 1446 873 1486">
     <span class='ocr_line' id='line_1_47' title="bbox 89 1446 873 1486; baseline -0.006 -9"><span class='ocrx_word' id='word_1_295' title='bbox 89 1450 316 1486; x_wconf 77' lang='grc' dir='ltr'>περαίνοντες.Εῑ</span> <span class='ocrx_word' id='word_1_296' title='bbox 338 1449 393 1484; x_wconf 73' lang='grc' dir='ltr'>γὰρ</span> <span class='ocrx_word' id='word_1_297' title='bbox 415 1450 463 1483; x_wconf 83' lang='grc' dir='ltr'><strong>μία</strong></span> <span class='ocrx_word' id='word_1_298' title='bbox 486 1449 503 1483; x_wconf 83' lang='grc' dir='ltr'>ἡ</span> <span class='ocrx_word' id='word_1_299' title='bbox 533 1447 580 1474; x_wconf 76' lang='grc' dir='ltr'>τοῦ</span> <span class='ocrx_word' id='word_1_300' title='bbox 599 1447 716 1482; x_wconf 77' lang='grc' dir='ltr'>Χριστοῦ</span> <span class='ocrx_word' id='word_1_301' title='bbox 745 1447 835 1481; x_wconf 76' lang='grc' dir='ltr'>φύσις,</span> <span class='ocrx_word' id='word_1_302' title='bbox 857 1446 873 1482; x_wconf 82' lang='grc' dir='ltr'>ἢ</span> 
     </span>
    </p>
   </div>
   <div class='ocr_carea' id='block_1_48' title="bbox 90 1493 909 1538">
    <p class='ocr_par' dir='ltr' id='par_1_48' title="bbox 90 1493 909 1538">
     <span class='ocr_line' id='line_1_48' title="bbox 90 1493 909 1538; baseline -0.006 -15"><span class='ocrx_word' id='word_1_303' title='bbox 90 1497 149 1523; x_wconf 82' lang='grc' dir='ltr'>θεία</span> <span class='ocrx_word' id='word_1_304' title='bbox 166 1497 275 1527; x_wconf 81' lang='grc' dir='ltr'>πάντως</span> <span class='ocrx_word' id='word_1_305' title='bbox 290 1496 306 1530; x_wconf 82' lang='grc' dir='ltr'>ἢ</span> <span class='ocrx_word' id='word_1_306' title='bbox 328 1496 484 1530; x_wconf 80' lang='grc' dir='ltr'>ἀνθρωπίνη</span> <span class='ocrx_word' id='word_1_307' title='bbox 500 1494 586 1522; x_wconf 77' lang='grc' dir='ltr'>ἔσται.</span> <span class='ocrx_word' id='word_1_308' title='bbox 599 1494 679 1520; x_wconf 81' lang='grc' dir='ltr'>-Ἀλλ’</span> <span class='ocrx_word' id='word_1_309' title='bbox 694 1494 718 1519; x_wconf 82' lang='grc' dir='ltr'><strong>εἰ</strong></span> <span class='ocrx_word' id='word_1_310' title='bbox 731 1494 780 1529; x_wconf 85' lang='grc' dir='ltr'>μὲν</span> <span class='ocrx_word' id='word_1_311' title='bbox 806 1493 873 1528; x_wconf 70' lang='grc' dir='ltr'>μόνη</span> <span class='ocrx_word' id='word_1_312' title='bbox 888 1510 909 1538; x_wconf 75' lang='lat' dir='ltr'><strong>C</strong></span> 
     </span>
    </p>
   </div>
   <div class='ocr_carea' id='block_1_49' title="bbox 88 1538 874 1576">
    <p class='ocr_par' dir='ltr' id='par_1_49' title="bbox 88 1538 874 1576">
     <span class='ocr_line' id='line_1_49' title="bbox 88 1538 874 1576; baseline -0.008 -7"><span class='ocrx_word' id='word_1_313' title='bbox 88 1542 160 1575; x_wconf 81' lang='grc' dir='ltr'>θεία,</span> <span class='ocrx_word' id='word_1_314' title='bbox 176 1542 226 1568; x_wconf 85' lang='grc' dir='ltr'><strong>ποῦ</strong></span> <span class='ocrx_word' id='word_1_315' title='bbox 252 1543 281 1568; x_wconf 82' lang='grc' dir='ltr'>τὸ</span> <span class='ocrx_word' id='word_1_316' title='bbox 296 1541 479 1576; x_wconf 81' lang='grc' dir='ltr'>ἀνθρώπινον;</span> <span class='ocrx_word' id='word_1_317' title='bbox 491 1541 516 1566; x_wconf 84' lang='grc' dir='ltr'><strong>εὶ</strong></span> <span class='ocrx_word' id='word_1_318' title='bbox 542 1540 570 1566; x_wconf 80' lang='grc' dir='ltr'>δὲ</span> <span class='ocrx_word' id='word_1_319' title='bbox 593 1540 750 1574; x_wconf 84' lang='grc' dir='ltr'>ἀνθρωπίνη</span> <span class='ocrx_word' id='word_1_320' title='bbox 769 1544 800 1570; x_wconf 74' lang='grc' dir='ltr'>ω,</span> <span class='ocrx_word' id='word_1_321' title='bbox 816 1538 874 1569; x_wconf 81' lang='grc' dir='ltr'>πῶς</span> 
     </span>
    </p>
   </div>
   <div class='ocr_carea' id='block_1_50' title="bbox 87 1584 874 1624">
    <p class='ocr_par' dir='ltr' id='par_1_50' title="bbox 87 1584 874 1624">
     <span class='ocr_line' id='line_1_50' title="bbox 87 1584 874 1624; baseline -0.005 -10"><span class='ocrx_word' id='word_1_322' title='bbox 87 1590 140 1615; x_wconf 75' lang='grc' dir='ltr'>οὐκ</span> <span class='ocrx_word' id='word_1_323' title='bbox 167 1588 275 1624; x_wconf 70' lang='grc' dir='ltr'>ἔξαρνοι</span> <span class='ocrx_word' id='word_1_324' title='bbox 292 1588 340 1622; x_wconf 80' lang='grc' dir='ltr'>τῆς</span> <span class='ocrx_word' id='word_1_325' title='bbox 363 1587 548 1622; x_wconf 80' lang='grc' dir='ltr'>θεότητος;εί</span> <span class='ocrx_word' id='word_1_326' title='bbox 568 1585 590 1612; x_wconf 84' lang='grc' dir='ltr'>δ’</span> <span class='ocrx_word' id='word_1_327' title='bbox 621 1586 713 1620; x_wconf 73' lang='grc' dir='ltr'>ἕτερον</span> <span class='ocrx_word' id='word_1_328' title='bbox 745 1593 771 1611; x_wconf 88' lang='grc' dir='ltr'><strong>τι</strong></span> <span class='ocrx_word' id='word_1_329' title='bbox 799 1584 874 1620; x_wconf 78' lang='grc' dir='ltr'>παρὰ</span> 
     </span>
    </p>
   </div>
   <div class='ocr_carea' id='block_1_51' title="bbox 86 1631 874 1669">
    <p class='ocr_par' dir='ltr' id='par_1_51' title="bbox 86 1631 874 1669">
     <span class='ocr_line' id='line_1_51' title="bbox 86 1631 874 1669; baseline -0.005 -8"><span class='ocrx_word' id='word_1_330' title='bbox 86 1635 174 1661; x_wconf 62' lang='grc' dir='ltr'>ταῦτα</span> <span class='ocrx_word' id='word_1_331' title='bbox 195 1634 282 1669; x_wconf 82' lang='grc' dir='ltr'>(τοῦτο</span> <span class='ocrx_word' id='word_1_332' title='bbox 296 1635 349 1669; x_wconf 78' lang='grc' dir='ltr'><strong>γὰρ</strong></span> <span class='ocrx_word' id='word_1_333' title='bbox 360 1634 546 1666; x_wconf 83' lang='grc' dir='ltr'>ὑπολείπεται,</span> <span class='ocrx_word' id='word_1_334' title='bbox 562 1633 610 1660; x_wconf 73' lang='grc' dir='ltr'>καὶ</span> <span class='ocrx_word' id='word_1_335' title='bbox 626 1633 694 1667; x_wconf 78' lang='grc' dir='ltr'>πρὸς</span> <span class='ocrx_word' id='word_1_336' title='bbox 711 1631 790 1658; x_wconf 77' lang='grc' dir='ltr'>τοῦτο</span> <span class='ocrx_word' id='word_1_337' title='bbox 806 1631 874 1666; x_wconf 85' lang='grc' dir='ltr'><strong>μᾶλ-</strong></span> 
     </span>
    </p>
   </div>
   <div class='ocr_carea' id='block_1_52' title="bbox 87 1670 876 1715">
    <p class='ocr_par' dir='ltr' id='par_1_52' title="bbox 87 1670 876 1715">
     <span class='ocr_line' id='line_1_52' title="bbox 87 1670 876 1715; baseline -0.005 -8"><span class='ocrx_word' id='word_1_338' title='bbox 87 1680 133 1707; x_wconf 88' lang='grc' dir='ltr'><strong>λον</strong></span> <span class='ocrx_word' id='word_1_339' title='bbox 151 1680 242 1707; x_wconf 83' lang='grc' dir='ltr'>αὐτῶν</span> <span class='ocrx_word' id='word_1_340' title='bbox 261 1680 334 1707; x_wconf 84' lang='grc' dir='ltr'>νεύει</span> <span class='ocrx_word' id='word_1_341' title='bbox 353 1680 383 1706; x_wconf 84' lang='grc' dir='ltr'>τὸ</span> <span class='ocrx_word' id='word_1_342' title='bbox 407 1680 557 1715; x_wconf 81' lang='grc' dir='ltr'>φρόνημα),</span> <span class='ocrx_word' id='word_1_343' title='bbox 579 1679 637 1709; x_wconf 82' lang='grc' dir='ltr'>πῶς</span> <span class='ocrx_word' id='word_1_344' title='bbox 662 1679 710 1713; x_wconf 78' lang='grc' dir='ltr'><strong>οὐχ</strong></span> <span class='ocrx_word' id='word_1_345' title='bbox 729 1670 876 1713; x_wconf 72' lang='grc' dir='ltr'>ἑτεροφυὴς</span> 
     </span>
    </p>
   </div>
   <div class='ocr_carea' id='block_1_53' title="bbox 87 1724 878 1763">
    <p class='ocr_par' dir='ltr' id='par_1_53' title="bbox 87 1724 878 1763">
     <span class='ocr_line' id='line_1_53' title="bbox 87 1724 878 1763; baseline -0.001 -12"><span class='ocrx_word' id='word_1_346' title='bbox 87 1727 182 1757; x_wconf 73' lang='grc' dir='ltr'>αὐτοῖς</span> <span class='ocrx_word' id='word_1_347' title='bbox 196 1728 210 1752; x_wconf 86' lang='grc' dir='ltr'>ὁ</span> <span class='ocrx_word' id='word_1_348' title='bbox 225 1727 341 1763; x_wconf 81' lang='grc' dir='ltr'>Χριστὸς</span> <span class='ocrx_word' id='word_1_349' title='bbox 358 1727 461 1753; x_wconf 75' lang='grc' dir='ltr'>καὶτοῦ</span> <span class='ocrx_word' id='word_1_350' title='bbox 475 1726 581 1760; x_wconf 77' lang='grc' dir='ltr'>Ηατρὺς</span> <span class='ocrx_word' id='word_1_351' title='bbox 598 1725 646 1752; x_wconf 77' lang='grc' dir='ltr'>καὶ</span> <span class='ocrx_word' id='word_1_352' title='bbox 661 1725 740 1759; x_wconf 87' lang='grc' dir='ltr'>ἡμῶν</span> <span class='ocrx_word' id='word_1_353' title='bbox 755 1724 878 1750; x_wconf 79' lang='grc' dir='ltr'>ἀναπλα-</span> 
     </span>
    </p>
   </div>
   <div class='ocr_carea' id='block_1_54' title="bbox 86 1770 873 1808">
    <p class='ocr_par' dir='ltr' id='par_1_54' title="bbox 86 1770 873 1808">
     <span class='ocr_line' id='line_1_54' title="bbox 86 1770 873 1808; baseline -0.004 -10"><span class='ocrx_word' id='word_1_354' title='bbox 86 1772 237 1807; x_wconf 85' lang='grc' dir='ltr'>σοήσεται;</span> <span class='ocrx_word' id='word_1_355' title='bbox 252 1770 282 1799; x_wconf 78' lang='grc' dir='ltr'>οὗ</span> <span class='ocrx_word' id='word_1_356' title='bbox 301 1773 326 1799; x_wconf 75' lang='grc' dir='ltr'><strong>τί</strong></span> <span class='ocrx_word' id='word_1_357' title='bbox 339 1774 372 1799; x_wconf 81' lang='grc' dir='ltr'>ἂν</span> <span class='ocrx_word' id='word_1_358' title='bbox 386 1773 594 1806; x_wconf 74' lang='grc' dir='ltr'>δυσσεϐέστερον</span> <span class='ocrx_word' id='word_1_359' title='bbox 604 1791 611 1804; x_wconf 89' lang='grc'><strong>,</strong></span> <span class='ocrx_word' id='word_1_360' title='bbox 660 1771 873 1806; x_wconf 72' lang='grc' dir='ltr'>ἁφρονέστερον;</span> 
     </span>
    </p>
   </div>
   <div class='ocr_carea' id='block_1_55' title="bbox 83 1814 874 1852">
    <p class='ocr_par' dir='ltr' id='par_1_55' title="bbox 83 1814 874 1852">
     <span class='ocr_line' id='line_1_55' title="bbox 83 1814 874 1852; baseline -0.006 -8"><span class='ocrx_word' id='word_1_361' title='bbox 83 1817 232 1852; x_wconf 80' lang='grc' dir='ltr'>ἄνθρωπον</span> <span class='ocrx_word' id='word_1_362' title='bbox 259 1817 384 1851; x_wconf 85' lang='grc' dir='ltr'>γενέσθαι</span> <span class='ocrx_word' id='word_1_363' title='bbox 408 1817 523 1851; x_wconf 77' lang='grc' dir='ltr'>φάσκειν</span> <span class='ocrx_word' id='word_1_364' title='bbox 545 1815 592 1842; x_wconf 69' lang='grc' dir='ltr'>τὸν</span> <span class='ocrx_word' id='word_1_365' title='bbox 625 1814 671 1841; x_wconf 78' lang='grc' dir='ltr'>τοῦ</span> <span class='ocrx_word' id='word_1_366' title='bbox 696 1814 763 1840; x_wconf 83' lang='grc' dir='ltr'><strong>Θεοῦ</strong></span> <span class='ocrx_word' id='word_1_367' title='bbox 789 1814 874 1847; x_wconf 82' lang='grc' dir='ltr'>Λόγον</span> 
     </span>
    </p>
   </div>
   <div class='ocr_carea' id='block_1_56' title="bbox 84 1859 875 1899">
    <p class='ocr_par' dir='ltr' id='par_1_56' title="bbox 84 1859 875 1899">
     <span class='ocr_line' id='line_1_56' title="bbox 84 1859 875 1899; baseline -0.008 -8"><span class='ocrx_word' id='word_1_368' title='bbox 84 1865 134 1891; x_wconf 85' lang='grc' dir='ltr'>καὶ</span> <span class='ocrx_word' id='word_1_369' title='bbox 153 1864 230 1896; x_wconf 82' lang='grc' dir='ltr'>Θεὸν,</span> <span class='ocrx_word' id='word_1_370' title='bbox 243 1864 289 1890; x_wconf 83' lang='grc' dir='ltr'>ὲπί</span> <span class='ocrx_word' id='word_1_371' title='bbox 301 1872 331 1890; x_wconf 85' lang='grc' dir='ltr'><strong>τε</strong></span> <span class='ocrx_word' id='word_1_372' title='bbox 342 1863 430 1899; x_wconf 67' lang='grc' dir='ltr'>φθορᾷ</span> <span class='ocrx_word' id='word_1_373' title='bbox 445 1864 494 1898; x_wconf 82' lang='grc' dir='ltr'>τῆς</span> <span class='ocrx_word' id='word_1_374' title='bbox 515 1863 582 1893; x_wconf 80' lang='grc' dir='ltr'>ἰδίας</span> <span class='ocrx_word' id='word_1_375' title='bbox 607 1859 744 1896; x_wconf 73' lang='grc' dir='ltr'>θεότητος,</span> <span class='ocrx_word' id='word_1_376' title='bbox 765 1861 812 1887; x_wconf 72' lang='grc' dir='ltr'>καὶ</span> <span class='ocrx_word' id='word_1_377' title='bbox 828 1860 875 1886; x_wconf 76' lang='grc' dir='ltr'><strong>ἐπὶ</strong></span> 
     </span>
    </p>
   </div>
   <div class='ocr_carea' id='block_1_57' title="bbox 82 1906 875 1945">
    <p class='ocr_par' dir='ltr' id='par_1_57' title="bbox 82 1906 875 1945">
     <span class='ocr_line' id='line_1_57' title="bbox 82 1906 875 1945; baseline -0.008 -8"><span class='ocrx_word' id='word_1_378' title='bbox 82 1910 227 1945; x_wconf 80' lang='grc' dir='ltr'>ἀναιρέσει</span> <span class='ocrx_word' id='word_1_379' title='bbox 250 1910 297 1943; x_wconf 82' lang='grc' dir='ltr'>τῆς</span> <span class='ocrx_word' id='word_1_380' title='bbox 313 1909 534 1945; x_wconf 79' lang='grc' dir='ltr'>προσληφθείσης</span> <span class='ocrx_word' id='word_1_381' title='bbox 548 1907 756 1943; x_wconf 83' lang='grc' dir='ltr'>ἁνθρωπότητος</span> <span class='ocrx_word' id='word_1_382' title='bbox 768 1916 776 1940; x_wconf 83' lang='grc'><strong>;</strong></span> <span class='ocrx_word' id='word_1_383' title='bbox 790 1906 875 1932; x_wconf 82' lang='grc' dir='ltr'>Τοῦτο</span> 
     </span>
    </p>
   </div>
   <div class='ocr_carea' id='block_1_58' title="bbox 81 1953 876 1992">
    <p class='ocr_par' dir='ltr' id='par_1_58' title="bbox 81 1953 876 1992">
     <span class='ocr_line' id='line_1_58' title="bbox 81 1953 876 1992; baseline -0.006 -9"><span class='ocrx_word' id='word_1_384' title='bbox 81 1957 139 1992; x_wconf 82' lang='grc' dir='ltr'>γὰρ</span> <span class='ocrx_word' id='word_1_385' title='bbox 152 1956 248 1983; x_wconf 68' lang='grc' dir='ltr'>ἕπεται</span> <span class='ocrx_word' id='word_1_386' title='bbox 258 1957 366 1987; x_wconf 83' lang='grc' dir='ltr'>πάντως</span> <span class='ocrx_word' id='word_1_387' title='bbox 377 1958 432 1987; x_wconf 83' lang='grc' dir='ltr'>τοῖς</span> <span class='ocrx_word' id='word_1_388' title='bbox 446 1954 594 1990; x_wconf 82' lang='grc' dir='ltr'>μηδετέρας</span> <span class='ocrx_word' id='word_1_389' title='bbox 608 1954 725 1988; x_wconf 76' lang='grc' dir='ltr'>φύσεως,</span> <span class='ocrx_word' id='word_1_390' title='bbox 740 1953 799 1979; x_wconf 74' lang='grc' dir='ltr'>ἀλλ’</span> <span class='ocrx_word' id='word_1_391' title='bbox 816 1953 876 1988; x_wconf 69' lang='grc' dir='ltr'>ὲτέτ</span> 
     </span>
    </p>
   </div>
   <div class='ocr_carea' id='block_1_59' title="bbox 81 1999 854 2038">
    <p class='ocr_par' dir='ltr' id='par_1_59' title="bbox 81 1999 854 2038">
     <span class='ocr_line' id='line_1_59' title="bbox 81 1999 854 2038; baseline -0.006 -8"><span class='ocrx_word' id='word_1_392' title='bbox 81 2011 136 2038; x_wconf 76' lang='grc' dir='ltr'><strong>ρας</strong></span> <span class='ocrx_word' id='word_1_393' title='bbox 151 2003 227 2038; x_wconf 81' lang='grc' dir='ltr'>παρὰ</span> <span class='ocrx_word' id='word_1_394' title='bbox 236 2002 346 2034; x_wconf 86' lang='grc' dir='ltr'>ταύτας,</span> <span class='ocrx_word' id='word_1_395' title='bbox 361 2002 408 2028; x_wconf 83' lang='grc' dir='ltr'>τὸν</span> <span class='ocrx_word' id='word_1_396' title='bbox 423 2001 539 2036; x_wconf 73' lang='grc' dir='ltr'>Χριστὸν</span> <span class='ocrx_word' id='word_1_397' title='bbox 555 2001 642 2026; x_wconf 87' lang='grc' dir='ltr'>εἰπεῖν</span> <span class='ocrx_word' id='word_1_398' title='bbox 661 1999 854 2034; x_wconf 76' lang='grc' dir='ltr'>ὲκτολμήσασι.</span> 
     </span>
    </p>
   </div>
   <div class='ocr_carea' id='block_1_60' title="bbox 926 901 1719 938">
    <p class='ocr_par' dir='ltr' id='par_1_60' title="bbox 926 901 1719 938">
     <span class='ocr_line' id='line_1_60' title="bbox 926 901 1719 938; baseline 0.005 -10"><span class='ocrx_word' id='word_1_399' title='bbox 926 907 954 928; x_wconf 86' lang='lat' dir='ltr'><strong>et</strong></span> <span class='ocrx_word' id='word_1_400' title='bbox 978 901 1223 929; x_wconf 86' lang='lat' dir='ltr'><strong>insolentissimum</strong></span> <span class='ocrx_word' id='word_1_401' title='bbox 1253 901 1329 929; x_wconf 87' lang='lat' dir='ltr'><strong>illum</strong></span> <span class='ocrx_word' id='word_1_402' title='bbox 1351 902 1436 937; x_wconf 89' lang='lat' dir='ltr'><strong>ipsius</strong></span> <span class='ocrx_word' id='word_1_403' title='bbox 1457 907 1638 938; x_wconf 79' lang='lat' dir='ltr'><strong>protectorem</strong></span> <span class='ocrx_word' id='word_1_404' title='bbox 1656 904 1719 932; x_wconf 82' lang='lat' dir='ltr'><strong>Dio—</strong></span> 
     </span>
    </p>
   </div>
   <div class='ocr_carea' id='block_1_61' title="bbox 926 947 1718 984">
    <p class='ocr_par' dir='ltr' id='par_1_61' title="bbox 926 947 1718 984">
     <span class='ocr_line' id='line_1_61' title="bbox 926 947 1718 984; baseline 0.005 -11"><span class='ocrx_word' id='word_1_405' title='bbox 926 955 1034 974; x_wconf 88' lang='lat' dir='ltr'><strong>scorum</strong></span> <span class='ocrx_word' id='word_1_406' title='bbox 1044 947 1167 974; x_wconf 82' lang='lat' dir='ltr'><strong>rationes</strong></span> <span class='ocrx_word' id='word_1_407' title='bbox 1183 948 1297 975; x_wconf 85' lang='lat' dir='ltr'><strong>reddere</strong></span> <span class='ocrx_word' id='word_1_408' title='bbox 1313 948 1347 975; x_wconf 88' lang='lat' dir='ltr'><strong>de</strong></span> <span class='ocrx_word' id='word_1_409' title='bbox 1371 948 1510 983; x_wconf 84' lang='lat' dir='ltr'><strong>impietate</strong></span> <span class='ocrx_word' id='word_1_410' title='bbox 1526 955 1682 984; x_wconf 74' lang='lat' dir='ltr'><strong>coegerunt.</strong></span> <span class='ocrx_word' id='word_1_411' title='bbox 1698 951 1718 977; x_wconf 77' lang='grc' dir='ltr'>Ε</span> 
     </span>
    </p>
   </div>
   <div class='ocr_carea' id='block_1_62' title="bbox 926 993 1718 1030">
    <p class='ocr_par' dir='ltr' id='par_1_62' title="bbox 926 993 1718 1030">
     <span class='ocr_line' id='line_1_62' title="bbox 926 993 1718 1030; baseline 0.004 -11"><span class='ocrx_word' id='word_1_412' title='bbox 926 993 1111 1020; x_wconf 88' lang='lat' dir='ltr'><strong>diametroisti</strong></span> <span class='ocrx_word' id='word_1_413' title='bbox 1135 993 1304 1020; x_wconf 85' lang='lat' dir='ltr'><strong>contrarium</strong></span> <span class='ocrx_word' id='word_1_414' title='bbox 1319 993 1444 1021; x_wconf 87' lang='lat' dir='ltr'><strong>Nestorio</strong></span> <span class='ocrx_word' id='word_1_415' title='bbox 1462 1001 1582 1022; x_wconf 86' lang='lat' dir='ltr'><strong>errorem</strong></span> <span class='ocrx_word' id='word_1_416' title='bbox 1600 995 1651 1022; x_wconf 83' lang='lat' dir='ltr'><strong>sibi</strong></span> <span class='ocrx_word' id='word_1_417' title='bbox 1668 1003 1718 1030; x_wconf 90' lang='lat' dir='ltr'><strong>ap-</strong></span> 
     </span>
    </p>
   </div>
   <div class='ocr_carea' id='block_1_63' title="bbox 925 1039 1718 1074">
    <p class='ocr_par' dir='ltr' id='par_1_63' title="bbox 925 1039 1718 1074">
     <span class='ocr_line' id='line_1_63' title="bbox 925 1039 1718 1074; baseline 0.004 -10"><span class='ocrx_word' id='word_1_418' title='bbox 925 1039 1132 1074; x_wconf 85' lang='lat' dir='ltr'><strong>propriaverant</strong></span> <span class='ocrx_word' id='word_1_419' title='bbox 1146 1047 1154 1071; x_wconf 91' lang='lat'><strong>;</strong></span> <span class='ocrx_word' id='word_1_420' title='bbox 1170 1039 1241 1066; x_wconf 88' lang='lat' dir='ltr'><strong>unde</strong></span> <span class='ocrx_word' id='word_1_421' title='bbox 1256 1039 1285 1065; x_wconf 90' lang='lat' dir='ltr'><strong>in</strong></span> <span class='ocrx_word' id='word_1_422' title='bbox 1297 1046 1390 1074; x_wconf 80' lang='lat' dir='ltr'><strong>parem</strong></span> <span class='ocrx_word' id='word_1_423' title='bbox 1403 1047 1466 1066; x_wconf 90' lang='lat' dir='ltr'><strong>cum</strong></span> <span class='ocrx_word' id='word_1_424' title='bbox 1479 1039 1523 1067; x_wconf 83' lang='lat' dir='ltr'><strong>illo</strong></span> <span class='ocrx_word' id='word_1_425' title='bbox 1551 1040 1718 1074; x_wconf 85' lang='lat' dir='ltr'><strong>impietatem</strong></span> 
     </span>
    </p>
   </div>
   <div class='ocr_carea' id='block_1_64' title="bbox 925 1083 1718 1118">
    <p class='ocr_par' dir='ltr' id='par_1_64' title="bbox 925 1083 1718 1118">
     <span class='ocr_line' id='line_1_64' title="bbox 925 1083 1718 1118; baseline 0.001 -8"><span class='ocrx_word' id='word_1_426' title='bbox 925 1087 1098 1118; x_wconf 86' lang='lat' dir='ltr'><strong>proruerant.</strong></span> <span class='ocrx_word' id='word_1_427' title='bbox 1113 1083 1230 1111; x_wconf 89' lang='lat' dir='ltr'><strong>Unicum</strong></span> <span class='ocrx_word' id='word_1_428' title='bbox 1238 1083 1310 1110; x_wconf 89' lang='lat' dir='ltr'><strong>enim</strong></span> <span class='ocrx_word' id='word_1_429' title='bbox 1323 1084 1469 1110; x_wconf 86' lang='lat' dir='ltr'><strong>Dominum</strong></span> <span class='ocrx_word' id='word_1_430' title='bbox 1483 1088 1609 1111; x_wconf 87' lang='lat' dir='ltr'><strong>nostrum</strong></span> <span class='ocrx_word' id='word_1_431' title='bbox 1622 1084 1718 1111; x_wconf 89' lang='lat' dir='ltr'><strong>Jesum</strong></span> 
     </span>
    </p>
   </div>
   <div class='ocr_carea' id='block_1_65' title="bbox 926 1129 1719 1164">
    <p class='ocr_par' dir='ltr' id='par_1_65' title="bbox 926 1129 1719 1164">
     <span class='ocr_line' id='line_1_65' title="bbox 926 1129 1719 1164; baseline 0.003 -9"><span class='ocrx_word' id='word_1_432' title='bbox 926 1129 1066 1156; x_wconf 85' lang='lat' dir='ltr'><strong>Christum</strong></span> <span class='ocrx_word' id='word_1_433' title='bbox 1075 1137 1091 1156; x_wconf 89' lang='lat' dir='ltr'><strong>a</strong></span> <span class='ocrx_word' id='word_1_434' title='bbox 1106 1129 1199 1156; x_wconf 88' lang='lat' dir='ltr'><strong>divina</strong></span> <span class='ocrx_word' id='word_1_435' title='bbox 1210 1134 1306 1156; x_wconf 87' lang='lat' dir='ltr'><strong>natura</strong></span> <span class='ocrx_word' id='word_1_436' title='bbox 1326 1129 1448 1164; x_wconf 80' lang='lat' dir='ltr'><strong>agnitum</strong></span> <span class='ocrx_word' id='word_1_437' title='bbox 1459 1134 1486 1156; x_wconf 87' lang='lat' dir='ltr'><strong>et</strong></span> <span class='ocrx_word' id='word_1_438' title='bbox 1494 1130 1623 1163; x_wconf 83' lang='lat' dir='ltr'><strong>humana,</strong></span> <span class='ocrx_word' id='word_1_439' title='bbox 1637 1135 1719 1164; x_wconf 86' lang='lat' dir='ltr'><strong>atque</strong></span> 
     </span>
    </p>
   </div>
   <div class='ocr_carea' id='block_1_66' title="bbox 926 1175 1720 1210">
    <p class='ocr_par' dir='ltr' id='par_1_66' title="bbox 926 1175 1720 1210">
     <span class='ocr_line' id='line_1_66' title="bbox 926 1175 1720 1210; baseline 0.003 -9"><span class='ocrx_word' id='word_1_440' title='bbox 926 1175 954 1201; x_wconf 92' lang='lat' dir='ltr'><strong>in</strong></span> <span class='ocrx_word' id='word_1_441' title='bbox 979 1180 1093 1209; x_wconf 83' lang='lat' dir='ltr'><strong>utraque</strong></span> <span class='ocrx_word' id='word_1_442' title='bbox 1114 1179 1213 1202; x_wconf 89' lang='lat' dir='ltr'><strong>natura</strong></span> <span class='ocrx_word' id='word_1_443' title='bbox 1237 1175 1390 1207; x_wconf 87' lang='lat' dir='ltr'><strong>adoratum,</strong></span> <span class='ocrx_word' id='word_1_444' title='bbox 1412 1183 1546 1202; x_wconf 87' lang='lat' dir='ltr'><strong>summam</strong></span> <span class='ocrx_word' id='word_1_445' title='bbox 1574 1183 1623 1210; x_wconf 90' lang='lat' dir='ltr'><strong>per</strong></span> <span class='ocrx_word' id='word_1_446' title='bbox 1639 1177 1720 1204; x_wconf 89' lang='lat' dir='ltr'><strong>auda-</strong></span> 
     </span>
    </p>
   </div>
   <div class='ocr_carea' id='block_1_67' title="bbox 925 1221 1717 1255">
    <p class='ocr_par' dir='ltr' id='par_1_67' title="bbox 925 1221 1717 1255">
     <span class='ocr_line' id='line_1_67' title="bbox 925 1221 1717 1255; baseline 0.001 -7"><span class='ocrx_word' id='word_1_447' title='bbox 925 1221 994 1248; x_wconf 89' lang='lat' dir='ltr'><strong>ciam</strong></span> <span class='ocrx_word' id='word_1_448' title='bbox 1015 1226 1043 1248; x_wconf 90' lang='lat' dir='ltr'><strong>ct</strong></span> <span class='ocrx_word' id='word_1_449' title='bbox 1054 1221 1196 1248; x_wconf 85' lang='lat' dir='ltr'><strong>stultitiam</strong></span> <span class='ocrx_word' id='word_1_450' title='bbox 1213 1221 1241 1248; x_wconf 87' lang='lat' dir='ltr'><strong>in</strong></span> <span class='ocrx_word' id='word_1_451' title='bbox 1257 1229 1339 1248; x_wconf 90' lang='lat' dir='ltr'><strong>unam</strong></span> <span class='ocrx_word' id='word_1_452' title='bbox 1354 1226 1479 1248; x_wconf 87' lang='lat' dir='ltr'><strong>naturam</strong></span> <span class='ocrx_word' id='word_1_453' title='bbox 1498 1222 1717 1255; x_wconf 89' lang='lat' dir='ltr'><strong>commiscentes,</strong></span> 
     </span>
    </p>
   </div>
   <div class='ocr_carea' id='block_1_68' title="bbox 926 1265 1719 1302">
    <p class='ocr_par' dir='ltr' id='par_1_68' title="bbox 926 1265 1719 1302">
     <span class='ocr_line' id='line_1_68' title="bbox 926 1265 1719 1302; baseline 0.003 -10"><span class='ocrx_word' id='word_1_454' title='bbox 926 1265 1122 1292; x_wconf 70' lang='lat' dir='ltr'><strong>confuderunt.</strong></span> <span class='ocrx_word' id='word_1_455' title='bbox 1134 1265 1191 1293; x_wconf 86' lang='lat' dir='ltr'><strong>Nec</strong></span> <span class='ocrx_word' id='word_1_456' title='bbox 1201 1266 1295 1293; x_wconf 87' lang='lat' dir='ltr'><strong>miseri</strong></span> <span class='ocrx_word' id='word_1_457' title='bbox 1304 1270 1334 1292; x_wconf 91' lang='lat' dir='ltr'><strong>ut</strong></span> <span class='ocrx_word' id='word_1_458' title='bbox 1345 1271 1424 1293; x_wconf 87' lang='lat' dir='ltr'><strong>erant</strong></span> <span class='ocrx_word' id='word_1_459' title='bbox 1438 1266 1637 1301; x_wconf 80' lang='lat' dir='ltr'><strong>intelligebant,</strong></span> <span class='ocrx_word' id='word_1_460' title='bbox 1646 1268 1719 1302; x_wconf 88' lang='lat' dir='ltr'><strong>quod</strong></span> 
     </span>
    </p>
   </div>
   <div class='ocr_carea' id='block_1_69' title="bbox 925 1311 1718 1348">
    <p class='ocr_par' dir='ltr' id='par_1_69' title="bbox 925 1311 1718 1348">
     <span class='ocr_line' id='line_1_69' title="bbox 925 1311 1718 1348; baseline 0.003 -10"><span class='ocrx_word' id='word_1_461' title='bbox 925 1319 974 1346; x_wconf 91' lang='lat' dir='ltr'><strong>per</strong></span> <span class='ocrx_word' id='word_1_462' title='bbox 992 1312 1060 1338; x_wconf 89' lang='lat' dir='ltr'><strong>hanc</strong></span> <span class='ocrx_word' id='word_1_463' title='bbox 1073 1311 1176 1339; x_wconf 83' lang='lat' dir='ltr'><strong>irritam</strong></span> <span class='ocrx_word' id='word_1_464' title='bbox 1195 1312 1329 1339; x_wconf 87' lang='lat' dir='ltr'><strong>rationem</strong></span> <span class='ocrx_word' id='word_1_465' title='bbox 1338 1312 1414 1339; x_wconf 90' lang='lat' dir='ltr'><strong>illum</strong></span> <span class='ocrx_word' id='word_1_466' title='bbox 1428 1312 1624 1348; x_wconf 78' lang='lat' dir='ltr'><strong>alienigenam,</strong></span> <span class='ocrx_word' id='word_1_467' title='bbox 1644 1321 1718 1348; x_wconf 84' lang='lat' dir='ltr'><strong>apa-</strong></span> 
     </span>
    </p>
   </div>
   <div class='ocr_carea' id='block_1_70' title="bbox 926 1357 1719 1389">
    <p class='ocr_par' dir='ltr' id='par_1_70' title="bbox 926 1357 1719 1389">
     <span class='ocr_line' id='line_1_70' title="bbox 926 1357 1719 1389; baseline 0.004 -6"><span class='ocrx_word' id='word_1_468' title='bbox 926 1361 1002 1384; x_wconf 86' lang='lat' dir='ltr'><strong>terna</strong></span> <span class='ocrx_word' id='word_1_469' title='bbox 1016 1357 1167 1384; x_wconf 82' lang='lat' dir='ltr'><strong>substantia</strong></span> <span class='ocrx_word' id='word_1_470' title='bbox 1185 1357 1335 1389; x_wconf 86' lang='lat' dir='ltr'><strong>diversum,</strong></span> <span class='ocrx_word' id='word_1_471' title='bbox 1348 1365 1457 1385; x_wconf 89' lang='lat' dir='ltr'><strong>necnon</strong></span> <span class='ocrx_word' id='word_1_472' title='bbox 1477 1358 1612 1385; x_wconf 73' lang='lat' dir='ltr'><strong>differenti</strong></span> <span class='ocrx_word' id='word_1_473' title='bbox 1623 1359 1656 1386; x_wconf 88' lang='lat' dir='ltr'><strong>ab</strong></span> <span class='ocrx_word' id='word_1_474' title='bbox 1671 1359 1719 1386; x_wconf 85' lang='lat' dir='ltr'><strong>ho-</strong></span> 
     </span>
    </p>
   </div>
   <div class='ocr_carea' id='block_1_71' title="bbox 925 1403 1719 1435">
    <p class='ocr_par' dir='ltr' id='par_1_71' title="bbox 925 1403 1719 1435">
     <span class='ocr_line' id='line_1_71' title="bbox 925 1403 1719 1435; baseline 0.003 -5"><span class='ocrx_word' id='word_1_475' title='bbox 925 1403 1045 1430; x_wconf 86' lang='lat' dir='ltr'><strong>minibus</strong></span> <span class='ocrx_word' id='word_1_476' title='bbox 1055 1408 1152 1430; x_wconf 86' lang='lat' dir='ltr'><strong>natura</strong></span> <span class='ocrx_word' id='word_1_477' title='bbox 1166 1409 1348 1435; x_wconf 81' lang='lat' dir='ltr'><strong>constantem.</strong></span> <span class='ocrx_word' id='word_1_478' title='bbox 1358 1404 1514 1431; x_wconf 87' lang='lat' dir='ltr'><strong>delinirent.</strong></span> <span class='ocrx_word' id='word_1_479' title='bbox 1528 1405 1596 1431; x_wconf 89' lang='lat' dir='ltr'><strong>Nam</strong></span> <span class='ocrx_word' id='word_1_480' title='bbox 1607 1405 1628 1431; x_wconf 89' lang='lat' dir='ltr'><strong>si</strong></span> <span class='ocrx_word' id='word_1_481' title='bbox 1640 1406 1719 1432; x_wconf 90' lang='lat' dir='ltr'><strong>unica</strong></span> 
     </span>
    </p>
   </div>
   <div class='ocr_carea' id='block_1_72' title="bbox 927 1450 1720 1486">
    <p class='ocr_par' dir='ltr' id='par_1_72' title="bbox 927 1450 1720 1486">
     <span class='ocr_line' id='line_1_72' title="bbox 927 1450 1720 1486; baseline 0.003 -11"><span class='ocrx_word' id='word_1_482' title='bbox 927 1450 1115 1476; x_wconf 88' lang='lat' dir='ltr'><strong>tantummodo</strong></span> <span class='ocrx_word' id='word_1_483' title='bbox 1139 1450 1175 1476; x_wconf 87' lang='lat' dir='ltr'><strong>sit</strong></span> <span class='ocrx_word' id='word_1_484' title='bbox 1203 1456 1299 1477; x_wconf 87' lang='lat' dir='ltr'><strong>natura</strong></span> <span class='ocrx_word' id='word_1_485' title='bbox 1330 1450 1444 1483; x_wconf 88' lang='lat' dir='ltr'><strong>Christi,</strong></span> <span class='ocrx_word' id='word_1_486' title='bbox 1461 1451 1503 1477; x_wconf 89' lang='lat' dir='ltr'><strong>vel</strong></span> <span class='ocrx_word' id='word_1_487' title='bbox 1529 1451 1620 1478; x_wconf 89' lang='lat' dir='ltr'><strong>divina</strong></span> <span class='ocrx_word' id='word_1_488' title='bbox 1643 1459 1720 1486; x_wconf 83' lang='lat' dir='ltr'><strong>pror-</strong></span> 
     </span>
    </p>
   </div>
   <div class='ocr_carea' id='block_1_73' title="bbox 926 1495 1717 1529">
    <p class='ocr_par' dir='ltr' id='par_1_73' title="bbox 926 1495 1717 1529">
     <span class='ocr_line' id='line_1_73' title="bbox 926 1495 1717 1529; baseline 0.001 -7"><span class='ocrx_word' id='word_1_489' title='bbox 926 1504 973 1523; x_wconf 89' lang='lat' dir='ltr'><strong>sus</strong></span> <span class='ocrx_word' id='word_1_490' title='bbox 988 1504 1019 1523; x_wconf 87' lang='lat' dir='ltr'><strong>ea</strong></span> <span class='ocrx_word' id='word_1_491' title='bbox 1041 1496 1133 1529; x_wconf 78' lang='lat' dir='ltr'><strong>fuerit,</strong></span> <span class='ocrx_word' id='word_1_492' title='bbox 1147 1496 1190 1523; x_wconf 89' lang='lat' dir='ltr'><strong>vel</strong></span> <span class='ocrx_word' id='word_1_493' title='bbox 1204 1496 1333 1523; x_wconf 88' lang='lat' dir='ltr'><strong>humana.</strong></span> <span class='ocrx_word' id='word_1_494' title='bbox 1345 1495 1422 1529; x_wconf 86' lang='lat' dir='ltr'><strong>Quod</strong></span> <span class='ocrx_word' id='word_1_495' title='bbox 1441 1496 1464 1523; x_wconf 89' lang='lat' dir='ltr'><strong>si</strong></span> <span class='ocrx_word' id='word_1_496' title='bbox 1482 1503 1556 1523; x_wconf 88' lang='lat' dir='ltr'><strong>mere</strong></span> <span class='ocrx_word' id='word_1_497' title='bbox 1570 1496 1661 1523; x_wconf 84' lang='lat' dir='ltr'><strong>divina</strong></span> <span class='ocrx_word' id='word_1_498' title='bbox 1673 1497 1717 1529; x_wconf 90' lang='lat' dir='ltr'><strong>sit,</strong></span> 
     </span>
    </p>
   </div>
   <div class='ocr_carea' id='block_1_74' title="bbox 926 1542 1719 1577">
    <p class='ocr_par' dir='ltr' id='par_1_74' title="bbox 926 1542 1719 1577">
     <span class='ocr_line' id='line_1_74' title="bbox 926 1542 1719 1577; baseline -0.001 -8"><span class='ocrx_word' id='word_1_499' title='bbox 926 1543 971 1570; x_wconf 88' lang='lat' dir='ltr'><strong>ubi</strong></span> <span class='ocrx_word' id='word_1_500' title='bbox 989 1546 1054 1569; x_wconf 86' lang='lat' dir='ltr'><strong>tunc</strong></span> <span class='ocrx_word' id='word_1_501' title='bbox 1079 1543 1220 1569; x_wconf 80' lang='lat' dir='ltr'><strong>humana?</strong></span> <span class='ocrx_word' id='word_1_502' title='bbox 1235 1542 1308 1577; x_wconf 90' lang='lat' dir='ltr'><strong>quod</strong></span> <span class='ocrx_word' id='word_1_503' title='bbox 1324 1542 1345 1568; x_wconf 91' lang='lat' dir='ltr'><strong>si</strong></span> <span class='ocrx_word' id='word_1_504' title='bbox 1369 1546 1473 1569; x_wconf 89' lang='lat' dir='ltr'><strong>tantum</strong></span> <span class='ocrx_word' id='word_1_505' title='bbox 1506 1542 1633 1575; x_wconf 88' lang='lat' dir='ltr'><strong>humana,</strong></span> <span class='ocrx_word' id='word_1_506' title='bbox 1662 1542 1719 1569; x_wconf 83' lang='lat' dir='ltr'><strong>ﬁeri</strong></span> 
     </span>
    </p>
   </div>
   <div class='ocr_carea' id='block_1_75' title="bbox 925 1587 1720 1623">
    <p class='ocr_par' dir='ltr' id='par_1_75' title="bbox 925 1587 1720 1623">
     <span class='ocr_line' id='line_1_75' title="bbox 925 1587 1720 1623; baseline 0.001 -9"><span class='ocrx_word' id='word_1_507' title='bbox 925 1596 981 1615; x_wconf 88' lang='lat' dir='ltr'><strong>non</strong></span> <span class='ocrx_word' id='word_1_508' title='bbox 996 1591 1084 1622; x_wconf 88' lang='lat' dir='ltr'><strong>potest</strong></span> <span class='ocrx_word' id='word_1_509' title='bbox 1097 1588 1162 1622; x_wconf 88' lang='lat' dir='ltr'><strong>quin</strong></span> <span class='ocrx_word' id='word_1_510' title='bbox 1174 1592 1290 1623; x_wconf 76' lang='lat' dir='ltr'><strong>negetur</strong></span> <span class='ocrx_word' id='word_1_511' title='bbox 1304 1588 1406 1615; x_wconf 80' lang='lat' dir='ltr'><strong>divina.</strong></span> <span class='ocrx_word' id='word_1_512' title='bbox 1421 1587 1500 1620; x_wconf 80' lang='lat' dir='ltr'><strong>Quod</strong></span> <span class='ocrx_word' id='word_1_513' title='bbox 1512 1587 1535 1614; x_wconf 87' lang='lat' dir='ltr'><strong>si</strong></span> <span class='ocrx_word' id='word_1_514' title='bbox 1551 1589 1616 1622; x_wconf 86' lang='lat' dir='ltr'><strong>quid</strong></span> <span class='ocrx_word' id='word_1_515' title='bbox 1627 1588 1720 1616; x_wconf 82' lang='lat' dir='ltr'><strong>diver-</strong></span> 
     </span>
    </p>
   </div>
   <div class='ocr_carea' id='block_1_76' title="bbox 927 1633 1719 1668">
    <p class='ocr_par' dir='ltr' id='par_1_76' title="bbox 927 1633 1719 1668">
     <span class='ocr_line' id='line_1_76' title="bbox 927 1633 1719 1668; baseline 0.003 -8"><span class='ocrx_word' id='word_1_516' title='bbox 927 1641 986 1660; x_wconf 90' lang='lat' dir='ltr'><strong>sum</strong></span> <span class='ocrx_word' id='word_1_517' title='bbox 1002 1634 1166 1668; x_wconf 42' lang='lat' dir='ltr'><strong>ab‘utraque</strong></span> <span class='ocrx_word' id='word_1_518' title='bbox 1183 1638 1281 1660; x_wconf 83' lang='lat' dir='ltr'><strong>natura</strong></span> <span class='ocrx_word' id='word_1_519' title='bbox 1289 1633 1372 1661; x_wconf 89' lang='lat' dir='ltr'><strong>fuerit</strong></span> <span class='ocrx_word' id='word_1_520' title='bbox 1387 1636 1460 1668; x_wconf 89' lang='lat' dir='ltr'><strong>(nam</strong></span> <span class='ocrx_word' id='word_1_521' title='bbox 1470 1634 1521 1661; x_wconf 90' lang='lat' dir='ltr'><strong>hoc</strong></span> <span class='ocrx_word' id='word_1_522' title='bbox 1535 1634 1562 1660; x_wconf 90' lang='lat' dir='ltr'><strong>in</strong></span> <span class='ocrx_word' id='word_1_523' title='bbox 1575 1636 1625 1661; x_wconf 89' lang='lat' dir='ltr'><strong>hac</strong></span> <span class='ocrx_word' id='word_1_524' title='bbox 1638 1642 1719 1662; x_wconf 89' lang='lat' dir='ltr'><strong>causa</strong></span> 
     </span>
    </p>
   </div>
   <div class='ocr_carea' id='block_1_77' title="bbox 928 1679 1718 1715">
    <p class='ocr_par' dir='ltr' id='par_1_77' title="bbox 928 1679 1718 1715">
     <span class='ocr_line' id='line_1_77' title="bbox 928 1679 1718 1715; baseline 0.001 -9"><span class='ocrx_word' id='word_1_525' title='bbox 928 1680 1038 1707; x_wconf 87' lang='lat' dir='ltr'><strong>unicqu</strong></span> <span class='ocrx_word' id='word_1_526' title='bbox 1052 1680 1084 1707; x_wconf 88' lang='lat' dir='ltr'><strong>iis</strong></span> <span class='ocrx_word' id='word_1_527' title='bbox 1098 1679 1270 1715; x_wconf 87' lang='lat' dir='ltr'><strong>relinquitur,</strong></span> <span class='ocrx_word' id='word_1_528' title='bbox 1283 1684 1311 1707; x_wconf 87' lang='lat' dir='ltr'><strong>et</strong></span> <span class='ocrx_word' id='word_1_529' title='bbox 1327 1687 1361 1707; x_wconf 89' lang='lat' dir='ltr'><strong>eo</strong></span> <span class='ocrx_word' id='word_1_530' title='bbox 1384 1679 1513 1707; x_wconf 84' lang='lat' dir='ltr'><strong>videntur</strong></span> <span class='ocrx_word' id='word_1_531' title='bbox 1527 1681 1718 1715; x_wconf 82' lang='lat' dir='ltr'><strong>propendere),</strong></span> 
     </span>
    </p>
   </div>
   <div class='ocr_carea' id='block_1_78' title="bbox 927 1726 1719 1762">
    <p class='ocr_par' dir='ltr' id='par_1_78' title="bbox 927 1726 1719 1762">
     <span class='ocr_line' id='line_1_78' title="bbox 927 1726 1719 1762; baseline 0.003 -10"><span class='ocrx_word' id='word_1_532' title='bbox 927 1726 1064 1760; x_wconf 87' lang='lat' dir='ltr'><strong>quomodo</strong></span> <span class='ocrx_word' id='word_1_533' title='bbox 1078 1734 1133 1753; x_wconf 90' lang='lat' dir='ltr'><strong>non</strong></span> <span class='ocrx_word' id='word_1_534' title='bbox 1161 1726 1215 1753; x_wconf 90' lang='lat' dir='ltr'><strong>erit</strong></span> <span class='ocrx_word' id='word_1_535' title='bbox 1229 1727 1302 1761; x_wconf 85' lang='lat' dir='ltr'><strong>apud</strong></span> <span class='ocrx_word' id='word_1_536' title='bbox 1320 1727 1393 1762; x_wconf 85' lang='lat' dir='ltr'><strong>ipsos</strong></span> <span class='ocrx_word' id='word_1_537' title='bbox 1409 1726 1535 1753; x_wconf 76' lang='lat' dir='ltr'><strong>Christus</strong></span> <span class='ocrx_word' id='word_1_538' title='bbox 1547 1727 1659 1754; x_wconf 86' lang='lat' dir='ltr'><strong>alterius</strong></span> <span class='ocrx_word' id='word_1_539' title='bbox 1669 1735 1719 1754; x_wconf 85' lang='lat' dir='ltr'><strong>eu-</strong></span> 
     </span>
    </p>
   </div>
   <div class='ocr_carea' id='block_1_79' title="bbox 928 1772 1719 1808">
    <p class='ocr_par' dir='ltr' id='par_1_79' title="bbox 928 1772 1719 1808">
     <span class='ocr_line' id='line_1_79' title="bbox 928 1772 1719 1808; baseline 0.001 -9"><span class='ocrx_word' id='word_1_540' title='bbox 928 1773 1036 1808; x_wconf 85' lang='lat' dir='ltr'><strong>jusdam</strong></span> <span class='ocrx_word' id='word_1_541' title='bbox 1049 1777 1077 1800; x_wconf 84' lang='lat' dir='ltr'><strong>et</strong></span> <span class='ocrx_word' id='word_1_542' title='bbox 1087 1772 1200 1800; x_wconf 76' lang='lat' dir='ltr'><strong>diversae</strong></span> <span class='ocrx_word' id='word_1_543' title='bbox 1214 1777 1320 1800; x_wconf 77' lang='lat' dir='ltr'><strong>naturae</strong></span> <span class='ocrx_word' id='word_1_544' title='bbox 1347 1780 1408 1799; x_wconf 90' lang='lat' dir='ltr'><strong>cum</strong></span> <span class='ocrx_word' id='word_1_545' title='bbox 1422 1781 1437 1799; x_wconf 92' lang='lat' dir='ltr'><strong>a</strong></span> <span class='ocrx_word' id='word_1_546' title='bbox 1454 1781 1504 1800; x_wconf 88' lang='lat' dir='ltr'><strong>suo</strong></span> <span class='ocrx_word' id='word_1_547' title='bbox 1523 1772 1602 1800; x_wconf 86' lang='lat' dir='ltr'><strong>Patre</strong></span> <span class='ocrx_word' id='word_1_548' title='bbox 1621 1778 1678 1800; x_wconf 85' lang='lat' dir='ltr'><strong>tum</strong></span> <span class='ocrx_word' id='word_1_549' title='bbox 1703 1781 1719 1800; x_wconf 86' lang='lat' dir='ltr'><strong>a</strong></span> 
     </span>
    </p>
   </div>
   <div class='ocr_carea' id='block_1_80' title="bbox 929 1818 1719 1853">
    <p class='ocr_par' dir='ltr' id='par_1_80' title="bbox 929 1818 1719 1853">
     <span class='ocr_line' id='line_1_80' title="bbox 929 1818 1719 1853; baseline 0.004 -9"><span class='ocrx_word' id='word_1_550' title='bbox 929 1818 1007 1845; x_wconf 86' lang='lat' dir='ltr'><strong>vobis</strong></span> <span class='ocrx_word' id='word_1_551' title='bbox 1019 1818 1030 1844; x_wconf 85' lang='lat'><strong>?</strong></span> <span class='ocrx_word' id='word_1_552' title='bbox 1040 1826 1094 1852; x_wconf 90' lang='lat' dir='ltr'><strong>quo</strong></span> <span class='ocrx_word' id='word_1_553' title='bbox 1106 1818 1172 1852; x_wconf 87' lang='lat' dir='ltr'><strong>quid</strong></span> <span class='ocrx_word' id='word_1_554' title='bbox 1194 1818 1281 1853; x_wconf 78' lang='lat' dir='ltr'><strong>magis</strong></span> <span class='ocrx_word' id='word_1_555' title='bbox 1295 1818 1407 1853; x_wconf 89' lang='lat' dir='ltr'><strong>impium</strong></span> <span class='ocrx_word' id='word_1_556' title='bbox 1433 1823 1480 1845; x_wconf 90' lang='lat' dir='ltr'><strong>aut</strong></span> <span class='ocrx_word' id='word_1_557' title='bbox 1503 1818 1619 1845; x_wconf 83' lang='lat' dir='ltr'><strong>delirum</strong></span> <span class='ocrx_word' id='word_1_558' title='bbox 1634 1819 1719 1853; x_wconf 82' lang='lat' dir='ltr'><strong>magis</strong></span> 
     </span>
    </p>
   </div>
   <div class='ocr_carea' id='block_1_81' title="bbox 930 1863 1717 1899">
    <p class='ocr_par' dir='ltr' id='par_1_81' title="bbox 930 1863 1717 1899">
     <span class='ocr_line' id='line_1_81' title="bbox 930 1863 1717 1899; baseline 0.001 -8"><span class='ocrx_word' id='word_1_559' title='bbox 930 1864 993 1899; x_wconf 78' lang='lat' dir='ltr'><strong>ﬁngi</strong></span> <span class='ocrx_word' id='word_1_560' title='bbox 1008 1868 1099 1898; x_wconf 77' lang='lat' dir='ltr'><strong>potest</strong></span> <span class='ocrx_word' id='word_1_561' title='bbox 1113 1864 1124 1890; x_wconf 70' lang='grc' dir='ltr'><strong>’ἰ</strong></span> <span class='ocrx_word' id='word_1_562' title='bbox 1137 1871 1261 1890; x_wconf 86' lang='lat' dir='ltr'><strong>asserere</strong></span> <span class='ocrx_word' id='word_1_563' title='bbox 1272 1863 1401 1891; x_wconf 89' lang='lat' dir='ltr'><strong>nimirum</strong></span> <span class='ocrx_word' id='word_1_564' title='bbox 1417 1864 1534 1891; x_wconf 85' lang='lat' dir='ltr'><strong>Verbum</strong></span> <span class='ocrx_word' id='word_1_565' title='bbox 1549 1864 1607 1897; x_wconf 89' lang='lat' dir='ltr'><strong>Dei,</strong></span> <span class='ocrx_word' id='word_1_566' title='bbox 1622 1864 1717 1898; x_wconf 84' lang='lat' dir='ltr'><strong>Deum,</strong></span> 
     </span>
    </p>
   </div>
   <div class='ocr_carea' id='block_1_82' title="bbox 929 1909 1718 1942">
    <p class='ocr_par' dir='ltr' id='par_1_82' title="bbox 929 1909 1718 1942">
     <span class='ocr_line' id='line_1_82' title="bbox 929 1909 1718 1942; baseline 0.001 -5"><span class='ocrx_word' id='word_1_567' title='bbox 929 1910 1067 1937; x_wconf 88' lang='lat' dir='ltr'><strong>hominem</strong></span> <span class='ocrx_word' id='word_1_568' title='bbox 1079 1909 1179 1937; x_wconf 84' lang='lat' dir='ltr'><strong>factum</strong></span> <span class='ocrx_word' id='word_1_569' title='bbox 1191 1909 1220 1936; x_wconf 87' lang='lat' dir='ltr'><strong>in</strong></span> <span class='ocrx_word' id='word_1_570' title='bbox 1233 1917 1295 1936; x_wconf 92' lang='lat' dir='ltr'><strong>cum</strong></span> <span class='ocrx_word' id='word_1_571' title='bbox 1310 1909 1403 1942; x_wconf 82' lang='lat' dir='ltr'><strong>linem,</strong></span> <span class='ocrx_word' id='word_1_572' title='bbox 1416 1916 1445 1937; x_wconf 93' lang='lat' dir='ltr'><strong>ut</strong></span> <span class='ocrx_word' id='word_1_573' title='bbox 1455 1918 1515 1937; x_wconf 90' lang='lat' dir='ltr'><strong>cum</strong></span> <span class='ocrx_word' id='word_1_574' title='bbox 1526 1910 1655 1938; x_wconf 81' lang='lat' dir='ltr'><strong>divinitas</strong></span> <span class='ocrx_word' id='word_1_575' title='bbox 1671 1911 1718 1938; x_wconf 87' lang='lat' dir='ltr'><strong>de-</strong></span> 
     </span>
    </p>
   </div>
   <div class='ocr_carea' id='block_1_83' title="bbox 927 1945 1718 1990">
    <p class='ocr_par' dir='ltr' id='par_1_83' title="bbox 927 1945 1718 1990">
     <span class='ocr_line' id='line_1_83' title="bbox 927 1945 1718 1990; baseline 0.003 -9"><span class='ocrx_word' id='word_1_576' title='bbox 927 1945 1079 1982; x_wconf 72' lang='lat' dir='ltr'><strong>strueretur</strong></span> <span class='ocrx_word' id='word_1_577' title='bbox 1100 1956 1217 1990; x_wconf 89' lang='lat' dir='ltr'><strong>propria,</strong></span> <span class='ocrx_word' id='word_1_578' title='bbox 1240 1956 1321 1982; x_wconf 83' lang='lat' dir='ltr'><strong>etiam</strong></span> <span class='ocrx_word' id='word_1_579' title='bbox 1343 1961 1484 1990; x_wconf 84' lang='lat' dir='ltr'><strong>assumpta</strong></span> <span class='ocrx_word' id='word_1_580' title='bbox 1511 1956 1666 1984; x_wconf 87' lang='lat' dir='ltr'><strong>humanitas</strong></span> <span class='ocrx_word' id='word_1_581' title='bbox 1690 1957 1718 1984; x_wconf 93' lang='lat' dir='ltr'><strong>in</strong></span> 
     </span>
    </p>
   </div>
   <div class='ocr_carea' id='block_1_84' title="bbox 929 2001 1716 2036">
    <p class='ocr_par' dir='ltr' id='par_1_84' title="bbox 929 2001 1716 2036">
     <span class='ocr_line' id='line_1_84' title="bbox 929 2001 1716 2036; baseline 0.003 -9"><span class='ocrx_word' id='word_1_582' title='bbox 929 2001 1042 2028; x_wconf 89' lang='lat' dir='ltr'><strong>nihilum</strong></span> <span class='ocrx_word' id='word_1_583' title='bbox 1058 2001 1237 2036; x_wconf 76' lang='lat' dir='ltr'><strong>redigeretur.</strong></span> <span class='ocrx_word' id='word_1_584' title='bbox 1259 2001 1317 2028; x_wconf 85' lang='lat' dir='ltr'><strong>lloe</strong></span> <span class='ocrx_word' id='word_1_585' title='bbox 1327 2002 1400 2028; x_wconf 87' lang='lat' dir='ltr'><strong>enim</strong></span> <span class='ocrx_word' id='word_1_586' title='bbox 1416 2001 1452 2028; x_wconf 87' lang='lat' dir='ltr'><strong>ita</strong></span> <span class='ocrx_word' id='word_1_587' title='bbox 1472 2001 1551 2036; x_wconf 86' lang='lat' dir='ltr'><strong>plane</strong></span> <span class='ocrx_word' id='word_1_588' title='bbox 1567 2009 1716 2036; x_wconf 84' lang='lat' dir='ltr'><strong>conseque-</strong></span> 
     </span>
    </p>
   </div>
   <div class='ocr_carea' id='block_1_85' title="bbox 82 2048 1715 2087">
    <p class='ocr_par' dir='ltr' id='par_1_85' title="bbox 82 2048 1715 2087">
     <span class='ocr_line' id='line_1_85' title="bbox 82 2048 1715 2087; baseline -0.004 -7"><span class='ocrx_word' id='word_1_589' title='bbox 82 2059 140 2085; x_wconf 88' lang='lat' dir='ltr'><strong>tur,</strong></span> <span class='ocrx_word' id='word_1_590' title='bbox 152 2053 246 2087; x_wconf 86' lang='lat' dir='ltr'><strong>siquis</strong></span> <span class='ocrx_word' id='word_1_591' title='bbox 258 2052 327 2079; x_wconf 83' lang='lat' dir='ltr'><strong>tueri</strong></span> <span class='ocrx_word' id='word_1_592' title='bbox 338 2059 420 2079; x_wconf 86' lang='lat' dir='ltr'><strong>ausus</strong></span> <span class='ocrx_word' id='word_1_593' title='bbox 437 2050 519 2078; x_wconf 74' lang='lat' dir='ltr'><strong>fuerit</strong></span> <span class='ocrx_word' id='word_1_594' title='bbox 538 2049 676 2077; x_wconf 84' lang='lat' dir='ltr'><strong>Christum</strong></span> <span class='ocrx_word' id='word_1_595' title='bbox 690 2056 746 2075; x_wconf 88' lang='lat' dir='ltr'><strong>non</strong></span> <span class='ocrx_word' id='word_1_596' title='bbox 772 2048 884 2075; x_wconf 86' lang='lat' dir='ltr'><strong>alterius</strong></span> <span class='ocrx_word' id='word_1_597' title='bbox 911 2048 1035 2081; x_wconf 85' lang='lat' dir='ltr'><strong>istarum,</strong></span> <span class='ocrx_word' id='word_1_598' title='bbox 1049 2048 1096 2075; x_wconf 89' lang='lat' dir='ltr'><strong>sed</strong></span> <span class='ocrx_word' id='word_1_599' title='bbox 1122 2052 1220 2082; x_wconf 58' lang='lat' dir='ltr'><strong>praeter</strong></span> <span class='ocrx_word' id='word_1_600' title='bbox 1231 2048 1298 2075; x_wconf 89' lang='lat' dir='ltr'><strong>istas</strong></span> <span class='ocrx_word' id='word_1_601' title='bbox 1311 2048 1381 2075; x_wconf 84' lang='lat' dir='ltr'><strong>alius</strong></span> <span class='ocrx_word' id='word_1_602' title='bbox 1401 2054 1505 2075; x_wconf 57' lang='lat' dir='ltr'><strong>natura:</strong></span> <span class='ocrx_word' id='word_1_603' title='bbox 1527 2049 1715 2084; x_wconf 84' lang='lat' dir='ltr'><strong>participasse.</strong></span> 
     </span>
    </p>
   </div>
   <div class='ocr_carea' id='block_1_86' title="bbox 123 2095 873 2133">
    <p class='ocr_par' dir='ltr' id='par_1_86' title="bbox 123 2095 873 2133">
     <span class='ocr_line' id='line_1_86' title="bbox 123 2095 873 2133; baseline -0.007 -8"><span class='ocrx_word' id='word_1_604' title='bbox 123 2098 166 2125; x_wconf 85' lang='grc' dir='ltr'>ιδ’.</span> <span class='ocrx_word' id='word_1_605' title='bbox 185 2099 231 2125; x_wconf 90' lang='grc' dir='ltr'>Διδ</span> <span class='ocrx_word' id='word_1_606' title='bbox 249 2099 355 2133; x_wconf 78' lang='grc' dir='ltr'>καὶτῆς</span> <span class='ocrx_word' id='word_1_607' title='bbox 369 2098 504 2132; x_wconf 83' lang='grc' dir='ltr'>τοσαύτης</span> <span class='ocrx_word' id='word_1_608' title='bbox 528 2096 688 2127; x_wconf 81' lang='grc' dir='ltr'>δυσσεῦείας</span> <span class='ocrx_word' id='word_1_609' title='bbox 704 2096 728 2122; x_wconf 82' lang='grc' dir='ltr'>οἱ</span> <span class='ocrx_word' id='word_1_610' title='bbox 743 2095 797 2121; x_wconf 85' lang='grc' dir='ltr'>τῶν</span> <span class='ocrx_word' id='word_1_611' title='bbox 814 2103 873 2130; x_wconf 86' lang='grc' dir='ltr'>χρι-</span> 
     </span>
    </p>
   </div>
   <div class='ocr_carea' id='block_1_87' title="bbox 81 2140 874 2179">
    <p class='ocr_par' dir='ltr' id='par_1_87' title="bbox 81 2140 874 2179">
     <span class='ocr_line' id='line_1_87' title="bbox 81 2140 874 2179; baseline -0.008 -7"><span class='ocrx_word' id='word_1_612' title='bbox 81 2145 232 2179; x_wconf 85' lang='grc' dir='ltr'>στομάχων</span> <span class='ocrx_word' id='word_1_613' title='bbox 257 2144 360 2170; x_wconf 88' lang='grc' dir='ltr'>τούτων</span> <span class='ocrx_word' id='word_1_614' title='bbox 381 2144 523 2178; x_wconf 82' lang='grc' dir='ltr'>δογμάτων</span> <span class='ocrx_word' id='word_1_615' title='bbox 540 2142 697 2177; x_wconf 83' lang='grc' dir='ltr'>εἰσηγηταὶ,</span> <span class='ocrx_word' id='word_1_616' title='bbox 722 2140 800 2173; x_wconf 78' lang='grc' dir='ltr'>ἀξίαν</span> <span class='ocrx_word' id='word_1_617' title='bbox 825 2141 874 2176; x_wconf 84' lang='grc' dir='ltr'>τὴν</span> 
     </span>
    </p>
   </div>
   <div class='ocr_carea' id='block_1_88' title="bbox 79 2188 871 2225">
    <p class='ocr_par' dir='ltr' id='par_1_88' title="bbox 79 2188 871 2225">
     <span class='ocr_line' id='line_1_88' title="bbox 79 2188 871 2225; baseline -0.003 -9"><span class='ocrx_word' id='word_1_618' title='bbox 79 2191 166 2225; x_wconf 86' lang='grc' dir='ltr'>δίκην</span> <span class='ocrx_word' id='word_1_619' title='bbox 178 2189 335 2221; x_wconf 80' lang='grc' dir='ltr'>δεδωκότες,</span> <span class='ocrx_word' id='word_1_620' title='bbox 347 2189 523 2224; x_wconf 81' lang='grc' dir='ltr'>ἀφῃρέθησάν</span> <span class='ocrx_word' id='word_1_621' title='bbox 538 2197 568 2215; x_wconf 83' lang='grc' dir='ltr'><strong>τε</strong></span> <span class='ocrx_word' id='word_1_622' title='bbox 583 2189 631 2223; x_wconf 82' lang='grc' dir='ltr'>τῆς</span> <span class='ocrx_word' id='word_1_623' title='bbox 648 2189 810 2223; x_wconf 81' lang='grc' dir='ltr'>ἱερωσύνης,</span> <span class='ocrx_word' id='word_1_624' title='bbox 824 2188 871 2214; x_wconf 76' lang='grc' dir='ltr'>καὶ</span> 
     </span>
    </p>
   </div>
   <div class='ocr_carea' id='block_1_89' title="bbox 76 2234 872 2271">
    <p class='ocr_par' dir='ltr' id='par_1_89' title="bbox 76 2234 872 2271">
     <span class='ocr_line' id='line_1_89' title="bbox 76 2234 872 2271; baseline -0.003 -9"><span class='ocrx_word' id='word_1_625' title='bbox 76 2236 138 2263; x_wconf 77' lang='grc' dir='ltr'><strong>ἀπὸ</strong></span> <span class='ocrx_word' id='word_1_626' title='bbox 166 2236 258 2271; x_wconf 82' lang='grc' dir='ltr'>πάσης</span> <span class='ocrx_word' id='word_1_627' title='bbox 281 2235 332 2270; x_wconf 80' lang='grc' dir='ltr'>τῆς</span> <span class='ocrx_word' id='word_1_628' title='bbox 365 2235 527 2269; x_wconf 80' lang='grc' dir='ltr'>Ἐκκλησίας</span> <span class='ocrx_word' id='word_1_629' title='bbox 556 2234 698 2268; x_wconf 78' lang='grc' dir='ltr'>γεγόνασιν</span> <span class='ocrx_word' id='word_1_630' title='bbox 722 2234 846 2268; x_wconf 83' lang='grc' dir='ltr'>ἀνάθεμα</span> <span class='ocrx_word' id='word_1_631' title='bbox 864 2241 872 2249; x_wconf 88' lang='grc'>⁶</span> 
     </span>
    </p>
   </div>
   <div class='ocr_carea' id='block_1_90' title="bbox 78 2279 873 2316">
    <p class='ocr_par' dir='ltr' id='par_1_90' title="bbox 78 2279 873 2316">
     <span class='ocr_line' id='line_1_90' title="bbox 78 2279 873 2316; baseline -0.004 -7"><span class='ocrx_word' id='word_1_632' title='bbox 78 2281 320 2316; x_wconf 76' lang='grc' dir='ltr'>συναπελαθείσης</span> <span class='ocrx_word' id='word_1_633' title='bbox 339 2281 431 2311; x_wconf 85' lang='grc' dir='ltr'>αὐτοῖς</span> <span class='ocrx_word' id='word_1_634' title='bbox 451 2280 498 2306; x_wconf 65' lang='grc' dir='ltr'><strong>καὶ</strong></span> <span class='ocrx_word' id='word_1_635' title='bbox 517 2280 566 2315; x_wconf 84' lang='grc' dir='ltr'>τῆς</span> <span class='ocrx_word' id='word_1_636' title='bbox 589 2279 773 2314; x_wconf 84' lang='grc' dir='ltr'>χριστομάχου</span> <span class='ocrx_word' id='word_1_637' title='bbox 797 2280 873 2313; x_wconf 79' lang='grc' dir='ltr'>αίρέ-</span> 
     </span>
    </p>
   </div>
   <div class='ocr_carea' id='block_1_91' title="bbox 77 2325 874 2362">
    <p class='ocr_par' dir='ltr' id='par_1_91' title="bbox 77 2325 874 2362">
     <span class='ocr_line' id='line_1_91' title="bbox 77 2325 874 2362; baseline -0.004 -8"><span class='ocrx_word' id='word_1_638' title='bbox 77 2337 155 2358; x_wconf 84' lang='grc' dir='ltr'>σεως</span> <span class='ocrx_word' id='word_1_639' title='bbox 165 2348 172 2354; x_wconf 98' lang='grc'>.</span> <span class='ocrx_word' id='word_1_640' title='bbox 192 2327 230 2354; x_wconf 84' lang='grc' dir='ltr'>Τδ</span> <span class='ocrx_word' id='word_1_641' title='bbox 243 2327 271 2353; x_wconf 85' lang='grc' dir='ltr'>δὲ</span> <span class='ocrx_word' id='word_1_642' title='bbox 287 2326 366 2362; x_wconf 76' lang='grc' dir='ltr'>ὀρθὸν</span> <span class='ocrx_word' id='word_1_643' title='bbox 384 2326 431 2352; x_wconf 73' lang='grc' dir='ltr'>καὶ</span> <span class='ocrx_word' id='word_1_644' title='bbox 445 2325 641 2360; x_wconf 76' lang='grc' dir='ltr'>ὰπαράτρωτον</span> <span class='ocrx_word' id='word_1_645' title='bbox 656 2326 704 2358; x_wconf 82' lang='grc' dir='ltr'>τῆς</span> <span class='ocrx_word' id='word_1_646' title='bbox 721 2325 874 2360; x_wconf 76' lang='grc' dir='ltr'>ὀρθοδοξίας</span> 
     </span>
    </p>
   </div>
   <div class='ocr_carea' id='block_1_92' title="bbox 77 2371 873 2409">
    <p class='ocr_par' dir='ltr' id='par_1_92' title="bbox 77 2371 873 2409">
     <span class='ocr_line' id='line_1_92' title="bbox 77 2371 873 2409; baseline -0.004 -8"><span class='ocrx_word' id='word_1_647' title='bbox 77 2374 218 2409; x_wconf 77' lang='grc' dir='ltr'>φρόνημα</span> <span class='ocrx_word' id='word_1_648' title='bbox 229 2374 268 2400; x_wconf 75' lang='grc' dir='ltr'>ἔτι</span> <span class='ocrx_word' id='word_1_649' title='bbox 279 2373 379 2409; x_wconf 83' lang='grc' dir='ltr'>μᾶλλον</span> <span class='ocrx_word' id='word_1_650' title='bbox 387 2374 446 2404; x_wconf 81' lang='grc' dir='ltr'>ταῖς</span> <span class='ocrx_word' id='word_1_651' title='bbox 458 2372 607 2408; x_wconf 76' lang='grc' dir='ltr'>γραφικαῖς</span> <span class='ocrx_word' id='word_1_652' title='bbox 620 2380 650 2398; x_wconf 92' lang='grc' dir='ltr'><strong>τε</strong></span> <span class='ocrx_word' id='word_1_653' title='bbox 667 2371 715 2398; x_wconf 78' lang='grc' dir='ltr'>καὶ</span> <span class='ocrx_word' id='word_1_654' title='bbox 725 2373 873 2405; x_wconf 83' lang='grc' dir='ltr'>πατρικαῖς</span> 
     </span>
    </p>
   </div>
   <div class='ocr_carea' id='block_1_93' title="bbox 962 2095 1716 2130">
    <p class='ocr_par' dir='ltr' id='par_1_93' title="bbox 962 2095 1716 2130">
     <span class='ocr_line' id='line_1_93' title="bbox 962 2095 1716 2130; baseline 0.001 -9"><span class='ocrx_word' id='word_1_655' title='bbox 962 2095 1005 2122; x_wconf 77' lang='grc' dir='ltr'>Μ.</span> <span class='ocrx_word' id='word_1_656' title='bbox 1026 2095 1159 2128; x_wconf 84' lang='lat' dir='ltr'><strong>Quocirca</strong></span> <span class='ocrx_word' id='word_1_657' title='bbox 1181 2096 1295 2130; x_wconf 79' lang='lat' dir='ltr'><strong>dignum</strong></span> <span class='ocrx_word' id='word_1_658' title='bbox 1318 2103 1367 2122; x_wconf 88' lang='lat' dir='ltr'><strong>sua</strong></span> <span class='ocrx_word' id='word_1_659' title='bbox 1387 2095 1524 2130; x_wconf 87' lang='lat' dir='ltr'><strong>impietate</strong></span> <span class='ocrx_word' id='word_1_660' title='bbox 1552 2095 1716 2130; x_wconf 85' lang='lat' dir='ltr'><strong>supplicium</strong></span> 
     </span>
    </p>
   </div>
   <div class='ocr_carea' id='block_1_94' title="bbox 926 2141 1717 2177">
    <p class='ocr_par' dir='ltr' id='par_1_94' title="bbox 926 2141 1717 2177">
     <span class='ocr_line' id='line_1_94' title="bbox 926 2141 1717 2177; baseline -0.001 -9"><span class='ocrx_word' id='word_1_661' title='bbox 926 2142 1044 2173; x_wconf 87' lang='lat' dir='ltr'><strong>subiere,</strong></span> <span class='ocrx_word' id='word_1_662' title='bbox 1059 2141 1105 2176; x_wconf 85' lang='lat' dir='ltr'><strong>qui</strong></span> <span class='ocrx_word' id='word_1_663' title='bbox 1132 2142 1288 2177; x_wconf 77' lang='lat' dir='ltr'><strong>dogmatum</strong></span> <span class='ocrx_word' id='word_1_664' title='bbox 1312 2141 1438 2172; x_wconf 86' lang='lat' dir='ltr'><strong>istorum,</strong></span> <span class='ocrx_word' id='word_1_665' title='bbox 1456 2149 1505 2176; x_wconf 88' lang='lat' dir='ltr'><strong>per</strong></span> <span class='ocrx_word' id='word_1_666' title='bbox 1534 2149 1594 2175; x_wconf 72' lang='lat' dir='ltr'><strong>quae</strong></span> <span class='ocrx_word' id='word_1_667' title='bbox 1609 2141 1717 2168; x_wconf 89' lang='lat' dir='ltr'><strong>Christo</strong></span> 
     </span>
    </p>
   </div>
   <div class='ocr_carea' id='block_1_95' title="bbox 926 2186 1716 2221">
    <p class='ocr_par' dir='ltr' id='par_1_95' title="bbox 926 2186 1716 2221">
     <span class='ocr_line' id='line_1_95' title="bbox 926 2186 1716 2221; baseline -0.003 -7"><span class='ocrx_word' id='word_1_668' title='bbox 926 2187 1025 2214; x_wconf 89' lang='lat' dir='ltr'><strong>bellum</strong></span> <span class='ocrx_word' id='word_1_669' title='bbox 1040 2187 1177 2219; x_wconf 88' lang='lat' dir='ltr'><strong>indicitur,</strong></span> <span class='ocrx_word' id='word_1_670' title='bbox 1187 2192 1312 2214; x_wconf 86' lang='lat' dir='ltr'><strong>auctores</strong></span> <span class='ocrx_word' id='word_1_671' title='bbox 1324 2188 1443 2218; x_wconf 75' lang='lat' dir='ltr'><strong>fuerant,</strong></span> <span class='ocrx_word' id='word_1_672' title='bbox 1453 2186 1604 2214; x_wconf 88' lang='lat' dir='ltr'><strong>sacerdotio</strong></span> <span class='ocrx_word' id='word_1_673' title='bbox 1617 2194 1716 2221; x_wconf 88' lang='lat' dir='ltr'><strong>nempe</strong></span> 
     </span>
    </p>
   </div>
   <div class='ocr_carea' id='block_1_96' title="bbox 925 2232 1716 2269">
    <p class='ocr_par' dir='ltr' id='par_1_96' title="bbox 925 2232 1716 2269">
     <span class='ocr_line' id='line_1_96' title="bbox 925 2232 1716 2269; baseline -0.004 -7"><span class='ocrx_word' id='word_1_674' title='bbox 925 2235 1033 2268; x_wconf 77' lang='lat' dir='ltr'><strong>dejecti,</strong></span> <span class='ocrx_word' id='word_1_675' title='bbox 1065 2239 1092 2261; x_wconf 90' lang='lat' dir='ltr'><strong>et</strong></span> <span class='ocrx_word' id='word_1_676' title='bbox 1109 2242 1157 2269; x_wconf 89' lang='lat' dir='ltr'><strong>per</strong></span> <span class='ocrx_word' id='word_1_677' title='bbox 1169 2242 1264 2261; x_wconf 88' lang='lat' dir='ltr'><strong>omnes</strong></span> <span class='ocrx_word' id='word_1_678' title='bbox 1278 2234 1413 2261; x_wconf 76' lang='lat' dir='ltr'><strong>Ecclesiae</strong></span> <span class='ocrx_word' id='word_1_679' title='bbox 1435 2232 1600 2260; x_wconf 85' lang='lat' dir='ltr'><strong>anathemati</strong></span> <span class='ocrx_word' id='word_1_680' title='bbox 1622 2233 1716 2267; x_wconf 88' lang='lat' dir='ltr'><strong>subje-</strong></span> 
     </span>
    </p>
   </div>
   <div class='ocr_carea' id='block_1_97' title="bbox 927 2276 1715 2315">
    <p class='ocr_par' dir='ltr' id='par_1_97' title="bbox 927 2276 1715 2315">
     <span class='ocr_line' id='line_1_97' title="bbox 927 2276 1715 2315; baseline -0.005 -8"><span class='ocrx_word' id='word_1_681' title='bbox 927 2280 974 2312; x_wconf 91' lang='lat' dir='ltr'><strong>cti,</strong></span> <span class='ocrx_word' id='word_1_682' title='bbox 991 2288 1052 2307; x_wconf 89' lang='lat' dir='ltr'><strong>cum</strong></span> <span class='ocrx_word' id='word_1_683' title='bbox 1068 2280 1167 2315; x_wconf 83' lang='lat' dir='ltr'><strong>quibus</strong></span> <span class='ocrx_word' id='word_1_684' title='bbox 1179 2286 1205 2307; x_wconf 91' lang='lat' dir='ltr'><strong>et</strong></span> <span class='ocrx_word' id='word_1_685' title='bbox 1214 2280 1271 2314; x_wconf 86' lang='lat' dir='ltr'><strong>ipsa</strong></span> <span class='ocrx_word' id='word_1_686' title='bbox 1287 2279 1398 2306; x_wconf 74' lang='lat' dir='ltr'><strong>lnmresis</strong></span> <span class='ocrx_word' id='word_1_687' title='bbox 1424 2277 1618 2312; x_wconf 79' lang='lat' dir='ltr'><strong>expellebatur.</strong></span> <span class='ocrx_word' id='word_1_688' title='bbox 1632 2276 1715 2304; x_wconf 77' lang='lat' dir='ltr'><strong>Recta</strong></span> 
     </span>
    </p>
   </div>
   <div class='ocr_carea' id='block_1_98' title="bbox 927 2323 1715 2353">
    <p class='ocr_par' dir='ltr' id='par_1_98' title="bbox 927 2323 1715 2353">
     <span class='ocr_line' id='line_1_98' title="bbox 927 2323 1715 2353; baseline -0.005 0"><span class='ocrx_word' id='word_1_689' title='bbox 927 2330 1016 2353; x_wconf 86' lang='lat' dir='ltr'><strong>autem</strong></span> <span class='ocrx_word' id='word_1_690' title='bbox 1027 2330 1054 2352; x_wconf 89' lang='lat' dir='ltr'><strong>et</strong></span> <span class='ocrx_word' id='word_1_691' title='bbox 1064 2325 1214 2353; x_wconf 80' lang='lat' dir='ltr'><strong>orthodoxa</strong></span> <span class='ocrx_word' id='word_1_692' title='bbox 1229 2325 1374 2353; x_wconf 88' lang='lat' dir='ltr'><strong>sententia.</strong></span> <span class='ocrx_word' id='word_1_693' title='bbox 1388 2324 1468 2351; x_wconf 88' lang='lat' dir='ltr'><strong>nullis</strong></span> <span class='ocrx_word' id='word_1_694' title='bbox 1476 2323 1633 2351; x_wconf 88' lang='lat' dir='ltr'><strong>vulneribus</strong></span> <span class='ocrx_word' id='word_1_695' title='bbox 1648 2331 1715 2350; x_wconf 71' lang='lat' dir='ltr'><strong>con~</strong></span> 
     </span>
    </p>
   </div>
   <div class='ocr_carea' id='block_1_99' title="bbox 927 2369 1715 2404">
    <p class='ocr_par' dir='ltr' id='par_1_99' title="bbox 927 2369 1715 2404">
     <span class='ocr_line' id='line_1_99' title="bbox 927 2369 1715 2404; baseline -0.003 -6"><span class='ocrx_word' id='word_1_696' title='bbox 927 2371 1009 2403; x_wconf 78' lang='lat' dir='ltr'><strong>fossa,</strong></span> <span class='ocrx_word' id='word_1_697' title='bbox 1022 2371 1153 2399; x_wconf 86' lang='lat' dir='ltr'><strong>maiorem</strong></span> <span class='ocrx_word' id='word_1_698' title='bbox 1164 2371 1190 2397; x_wconf 93' lang='lat' dir='ltr'><strong>in</strong></span> <span class='ocrx_word' id='word_1_699' title='bbox 1207 2371 1318 2398; x_wconf 92' lang='lat' dir='ltr'><strong>modum</strong></span> <span class='ocrx_word' id='word_1_700' title='bbox 1328 2369 1491 2397; x_wconf 85' lang='lat' dir='ltr'><strong>testimoniis</strong></span> <span class='ocrx_word' id='word_1_701' title='bbox 1505 2373 1532 2396; x_wconf 87' lang='lat' dir='ltr'><strong>et</strong></span> <span class='ocrx_word' id='word_1_702' title='bbox 1544 2377 1560 2396; x_wconf 89' lang='lat' dir='ltr'><strong>c</strong></span> <span class='ocrx_word' id='word_1_703' title='bbox 1574 2369 1715 2404; x_wconf 87' lang='lat' dir='ltr'><strong>Scriptura</strong></span> 
     </span>
    </p>
   </div>
   <div class='ocr_carea' id='block_1_100' title="bbox 723 2452 1059 2480">
    <p class='ocr_par' dir='ltr' id='par_1_100' title="bbox 723 2452 1059 2480">
     <span class='ocr_line' id='line_1_100' title="bbox 723 2452 1059 2480; baseline 0 0"><span class='ocrx_word' id='word_1_704' title='bbox 723 2452 840 2480; x_wconf 65' lang='lat' dir='ltr'><strong>VARIAS</strong></span> <span class='ocrx_word' id='word_1_705' title='bbox 857 2452 1059 2480; x_wconf 75' lang='lat' dir='ltr'><strong>LECTIONES.</strong></span> 
     </span>
    </p>
   </div>
   <div class='ocr_carea' id='block_1_101' title="bbox 123 2511 705 2550">
    <p class='ocr_par' dir='ltr' id='par_1_101' title="bbox 123 2511 705 2550">
     <span class='ocr_line' id='line_1_101' title="bbox 123 2511 705 2550; baseline -0.007 -8"><span class='ocrx_word' id='word_1_706' title='bbox 123 2513 133 2533; x_wconf 74' lang='grc' dir='ltr'><strong><em>ι</em></strong></span> <span class='ocrx_word' id='word_1_707' title='bbox 158 2514 215 2550; x_wconf 81' lang='lat' dir='ltr'><strong>Leg</strong></span> <span class='ocrx_word' id='word_1_708' title='bbox 242 2513 491 2550; x_wconf 76' lang='grc' dir='ltr'>ἐγκεχειρισμένος.</span> <span class='ocrx_word' id='word_1_709' title='bbox 529 2516 550 2530; x_wconf 73' lang='grc' dir='ltr'><strong>ιη</strong></span> <span class='ocrx_word' id='word_1_710' title='bbox 565 2511 607 2540; x_wconf 83' lang='grc' dir='ltr'><strong>ῖσ.</strong></span> <span class='ocrx_word' id='word_1_711' title='bbox 626 2512 705 2547; x_wconf 79' lang='grc' dir='ltr'>μόνη.</span> 
     </span>
    </p>
   </div>
   <div class='ocr_carea' id='block_1_102' title="bbox 847 2564 961 2593">
    <p class='ocr_par' dir='ltr' id='par_1_102' title="bbox 847 2564 961 2593">
     <span class='ocr_line' id='line_1_102' title="bbox 847 2564 961 2593; baseline 0 -1"><span class='ocrx_word' id='word_1_712' title='bbox 847 2564 961 2593; x_wconf 69' lang='lat' dir='ltr'><strong>NOTAE.</strong></span> 
     </span>
    </p>
   </div>
   <div class='ocr_carea' id='block_1_103' title="bbox 119 2626 873 2669">
    <p class='ocr_par' dir='ltr' id='par_1_103' title="bbox 119 2626 873 2669">
     <span class='ocr_line' id='line_1_103' title="bbox 119 2626 873 2669; baseline -0.011 -8"><span class='ocrx_word' id='word_1_713' title='bbox 119 2634 180 2669; x_wconf 79' lang='grc'><strong>(18)</strong></span> <span class='ocrx_word' id='word_1_714' title='bbox 206 2631 421 2669; x_wconf 76' lang='grc' dir='ltr'>Ἀκροατήριρν.</span> <span class='ocrx_word' id='word_1_715' title='bbox 432 2629 470 2669; x_wconf 68' lang='lat' dir='ltr'><strong>ita</strong></span> <span class='ocrx_word' id='word_1_716' title='bbox 483 2629 559 2664; x_wconf 89' lang='lat' dir='ltr'><strong>prius</strong></span> <span class='ocrx_word' id='word_1_717' title='bbox 568 2627 685 2669; x_wconf 75' lang='lat' dir='ltr'><strong>vocavit,</strong></span> <span class='ocrx_word' id='word_1_718' title='bbox 703 2627 737 2654; x_wconf 90' lang='lat' dir='ltr'><strong>ob</strong></span> <span class='ocrx_word' id='word_1_719' title='bbox 750 2626 873 2669; x_wconf 82' lang='lat' dir='ltr'><strong>eamdem</strong></span> 
     </span>
    </p>
   </div>
   <div class='ocr_carea' id='block_1_104' title="bbox 71 2664 875 2700">
    <p class='ocr_par' dir='ltr' id='par_1_104' title="bbox 71 2664 875 2700">
     <span class='ocr_line' id='line_1_104' title="bbox 71 2664 875 2700; baseline -0.014 -2"><span class='ocrx_word' id='word_1_720' title='bbox 71 2664 212 2699; x_wconf 76' lang='lat' dir='ltr'><strong>causam.</strong></span> <span class='ocrx_word' id='word_1_721' title='bbox 238 2664 491 2700; x_wconf 81' lang='lat' dir='ltr'><strong>Constantinopolin</strong></span> <span class='ocrx_word' id='word_1_722' title='bbox 519 2664 736 2700; x_wconf 71' lang='grc' dir='ltr'>φροντιστήριον.</span> <span class='ocrx_word' id='word_1_723' title='bbox 751 2667 875 2700; x_wconf 86' lang='lat' dir='ltr'><strong>_propter</strong></span> 
     </span>
    </p>
   </div>
   <div class='ocr_carea' id='block_1_105' title="bbox 74 2697 874 2735">
    <p class='ocr_par' dir='ltr' id='par_1_105' title="bbox 74 2697 874 2735">
     <span class='ocr_line' id='line_1_105' title="bbox 74 2697 874 2735; baseline -0.011 -3"><span class='ocrx_word' id='word_1_724' title='bbox 74 2697 136 2732; x_wconf 75' lang='lat' dir='ltr'><strong>loci</strong></span> <span class='ocrx_word' id='word_1_725' title='bbox 159 2697 340 2735; x_wconf 85' lang='lat' dir='ltr'><strong>nobilitatem,</strong></span> <span class='ocrx_word' id='word_1_726' title='bbox 358 2709 373 2727; x_wconf 89' lang='lat' dir='ltr'><strong>a</strong></span> <span class='ocrx_word' id='word_1_727' title='bbox 396 2697 460 2727; x_wconf 79' lang='lat' dir='ltr'><strong>viris</strong></span> <span class='ocrx_word' id='word_1_728' title='bbox 484 2697 636 2726; x_wconf 84' lang='lat' dir='ltr'><strong>eruditione</strong></span> <span class='ocrx_word' id='word_1_729' title='bbox 658 2697 812 2725; x_wconf 85' lang='lat' dir='ltr'><strong>celebribus</strong></span> <span class='ocrx_word' id='word_1_730' title='bbox 828 2704 874 2723; x_wconf 86' lang='lat' dir='ltr'><strong>ce-</strong></span> 
     </span>
    </p>
   </div>
   <div class='ocr_carea' id='block_1_106' title="bbox 71 2740 874 2808">
    <p class='ocr_par' dir='ltr' id='par_1_106' title="bbox 71 2740 874 2808">
     <span class='ocr_line' id='line_1_106' title="bbox 71 2740 843 2772; baseline -0.008 -5"><span class='ocrx_word' id='word_1_731' title='bbox 71 2740 230 2767; x_wconf 80' lang='lat' dir='ltr'><strong>lebratam.</strong></span> <span class='ocrx_word' id='word_1_732' title='bbox 837 2766 843 2772; x_wconf 44' lang='lat'>.</span> 
     </span>
     <span class='ocr_line' id='line_1_107' title="bbox 116 2766 874 2808; baseline -0.013 -6"><span class='ocrx_word' id='word_1_733' title='bbox 116 2775 181 2808; x_wconf 68' lang='lat'><strong>(19)</strong></span> <span class='ocrx_word' id='word_1_734' title='bbox 197 2773 331 2807; x_wconf 83' lang='grc' dir='ltr'>Θεσμοὺς</span> <span class='ocrx_word' id='word_1_735' title='bbox 351 2769 592 2808; x_wconf 67' lang='grc' dir='ltr'>ἐγκεχρισμέγος.</span> <span class='ocrx_word' id='word_1_736' title='bbox 609 2768 763 2808; x_wconf 74' lang='lat' dir='ltr'><strong>_Annotarat</strong></span> <span class='ocrx_word' id='word_1_737' title='bbox 772 2766 874 2808; x_wconf 76' lang='lat' dir='ltr'><strong>doctis—</strong></span> 
     </span>
    </p>
   </div>
   <div class='ocr_carea' id='block_1_107' title="bbox 72 2802 876 2840">
    <p class='ocr_par' dir='ltr' id='par_1_107' title="bbox 72 2802 876 2840">
     <span class='ocr_line' id='line_1_108' title="bbox 72 2802 876 2840; baseline -0.01 -3"><span class='ocrx_word' id='word_1_738' title='bbox 72 2802 178 2837; x_wconf 72' lang='lat' dir='ltr'><strong>siinus</strong></span> <span class='ocrx_word' id='word_1_739' title='bbox 192 2809 222 2835; x_wconf 78' lang='grc' dir='ltr'><strong>Ι).</strong></span> <span class='ocrx_word' id='word_1_740' title='bbox 248 2802 376 2840; x_wconf 70' lang='lat' dir='ltr'><strong>Lindsell,</strong></span> <span class='ocrx_word' id='word_1_741' title='bbox 393 2807 407 2833; x_wconf 83' lang='grc' dir='ltr'><strong><em>ὑ</em></strong></span> <span class='ocrx_word' id='word_1_742' title='bbox 421 2802 594 2840; x_wconf 43' lang='lat' dir='ltr'><strong>Imago“,</strong></span> <span class='ocrx_word' id='word_1_743' title='bbox 609 2803 752 2840; x_wconf 79' lang='lat' dir='ltr'><strong>legendum</strong></span> <span class='ocrx_word' id='word_1_744' title='bbox 766 2802 818 2831; x_wconf 87' lang='lat' dir='ltr'><strong>sibi</strong></span> <span class='ocrx_word' id='word_1_745' title='bbox 833 2802 876 2830; x_wconf 62' lang='grc' dir='ltr'>νίς</span> 
     </span>
    </p>
   </div>
   <div class='ocr_carea' id='block_1_108' title="bbox 927 2622 1712 2658">
    <p class='ocr_par' dir='ltr' id='par_1_108' title="bbox 927 2622 1712 2658">
     <span class='ocr_line' id='line_1_109' title="bbox 927 2622 1712 2658; baseline -0.004 -6"><span class='ocrx_word' id='word_1_746' title='bbox 927 2624 984 2652; x_wconf 86' lang='lat' dir='ltr'><strong>deri</strong></span> <span class='ocrx_word' id='word_1_747' title='bbox 1023 2622 1294 2658; x_wconf 74' lang='grc' dir='ltr'>ἐγκεχειρισμένους,</span> <span class='ocrx_word' id='word_1_748' title='bbox 1310 2622 1432 2658; x_wconf 87' lang='lat' dir='ltr'><strong>apposite</strong></span> <span class='ocrx_word' id='word_1_749' title='bbox 1445 2622 1566 2657; x_wconf 87' lang='lat' dir='ltr'><strong>quidem,</strong></span> <span class='ocrx_word' id='word_1_750' title='bbox 1583 2626 1611 2649; x_wconf 86' lang='lat' dir='ltr'><strong>et</strong></span> <span class='ocrx_word' id='word_1_751' title='bbox 1626 2630 1712 2656; x_wconf 70' lang='lat' dir='ltr'><strong>magis</strong></span> 
     </span>
    </p>
   </div>
   <div class='ocr_carea' id='block_1_109' title="bbox 928 2658 1712 2693">
    <p class='ocr_par' dir='ltr' id='par_1_109' title="bbox 928 2658 1712 2693">
     <span class='ocr_line' id='line_1_110' title="bbox 928 2658 1712 2693; baseline -0.005 -6"><span class='ocrx_word' id='word_1_752' title='bbox 928 2668 960 2688; x_wconf 86' lang='lat' dir='ltr'><strong>ex</strong></span> <span class='ocrx_word' id='word_1_753' title='bbox 978 2668 1026 2687; x_wconf 87' lang='lat' dir='ltr'><strong>usu</strong></span> <span class='ocrx_word' id='word_1_754' title='bbox 1038 2658 1216 2693; x_wconf 55' lang='lat' dir='ltr'><strong>linguam-Sed</strong></span> <span class='ocrx_word' id='word_1_755' title='bbox 1229 2658 1341 2685; x_wconf 84' lang='lat' dir='ltr'><strong>Photius</strong></span> <span class='ocrx_word' id='word_1_756' title='bbox 1352 2658 1421 2685; x_wconf 87' lang='lat' dir='ltr'><strong>solet</strong></span> <span class='ocrx_word' id='word_1_757' title='bbox 1434 2658 1570 2685; x_wconf 86' lang='lat' dir='ltr'><strong>interdum</strong></span> <span class='ocrx_word' id='word_1_758' title='bbox 1586 2665 1712 2684; x_wconf 81' lang='grc' dir='ltr'>καινοτο-</span> 
     </span>
    </p>
   </div>
   <div class='ocr_carea' id='block_1_110' title="bbox 929 2693 1711 2730">
    <p class='ocr_par' dir='ltr' id='par_1_110' title="bbox 929 2693 1711 2730">
     <span class='ocr_line' id='line_1_111' title="bbox 929 2693 1711 2730; baseline -0.001 -9"><span class='ocrx_word' id='word_1_759' title='bbox 929 2696 989 2730; x_wconf 85' lang='grc' dir='ltr'>μεῖν</span> <span class='ocrx_word' id='word_1_760' title='bbox 1008 2698 1037 2721; x_wconf 87' lang='lat' dir='ltr'><strong>et</strong></span> <span class='ocrx_word' id='word_1_761' title='bbox 1055 2694 1243 2730; x_wconf 58' lang='grc' dir='ltr'>καινοςρωνεῖν.</span> <span class='ocrx_word' id='word_1_762' title='bbox 1268 2694 1399 2730; x_wconf 78' lang='lat' dir='ltr'><strong>Quocirca</strong></span> <span class='ocrx_word' id='word_1_763' title='bbox 1424 2693 1524 2730; x_wconf 81' lang='lat' dir='ltr'><strong>codicis</strong></span> <span class='ocrx_word' id='word_1_764' title='bbox 1550 2693 1711 2730; x_wconf 77' lang='lat' dir='ltr'><strong>scripturam</strong></span> 
     </span>
    </p>
   </div>
   <div class='ocr_carea' id='block_1_111' title="bbox 928 2727 1710 2764">
    <p class='ocr_par' dir='ltr' id='par_1_111' title="bbox 928 2727 1710 2764">
     <span class='ocr_line' id='line_1_112' title="bbox 928 2727 1710 2764; baseline -0.004 -7"><span class='ocrx_word' id='word_1_765' title='bbox 928 2727 1052 2761; x_wconf 64' lang='lat' dir='ltr'><strong>admitto,</strong></span> <span class='ocrx_word' id='word_1_766' title='bbox 1071 2733 1100 2755; x_wconf 87' lang='lat' dir='ltr'><strong>ut</strong></span> <span class='ocrx_word' id='word_1_767' title='bbox 1117 2728 1152 2755; x_wconf 84' lang='lat' dir='ltr'><strong>sit</strong></span> <span class='ocrx_word' id='word_1_768' title='bbox 1168 2729 1398 2764; x_wconf 76' lang='grc' dir='ltr'>ἑγκεχρισμένος,</span> <span class='ocrx_word' id='word_1_769' title='bbox 1423 2729 1554 2764; x_wconf 62' lang='lat' dir='ltr'><strong>inuitatus.</strong></span> <span class='ocrx_word' id='word_1_770' title='bbox 1571 2727 1611 2754; x_wconf 81' lang='lat' dir='ltr'><strong>Ad</strong></span> <span class='ocrx_word' id='word_1_771' title='bbox 1628 2727 1710 2764; x_wconf 64' lang='lat' dir='ltr'><strong>finem</strong></span> 
     </span>
    </p>
   </div>
   <div class='ocr_carea' id='block_1_112' title="bbox 928 2762 1709 2799">
    <p class='ocr_par' dir='ltr' id='par_1_112' title="bbox 928 2762 1709 2799">
     <span class='ocr_line' id='line_1_113' title="bbox 928 2762 1709 2799; baseline -0.003 -7"><span class='ocrx_word' id='word_1_772' title='bbox 928 2764 1058 2793; x_wconf 83' lang='lat' dir='ltr'><strong>sectionis</strong></span> <span class='ocrx_word' id='word_1_773' title='bbox 1073 2764 1142 2791; x_wconf 85' lang='lat' dir='ltr'><strong>forte</strong></span> <span class='ocrx_word' id='word_1_774' title='bbox 1160 2762 1309 2799; x_wconf 82' lang='lat' dir='ltr'><strong>legendum</strong></span> <span class='ocrx_word' id='word_1_775' title='bbox 1321 2768 1348 2791; x_wconf 88' lang='lat' dir='ltr'><strong>ct</strong></span> <span class='ocrx_word' id='word_1_776' title='bbox 1362 2763 1596 2799; x_wconf 75' lang='lat' dir='ltr'><strong>distinguendum,</strong></span> <span class='ocrx_word' id='word_1_777' title='bbox 1615 2762 1709 2797; x_wconf 82' lang='grc' dir='ltr'>σαφῶς</span> 
     </span>
    </p>
   </div>
   <div class='ocr_carea' id='block_1_113' title="bbox 927 2799 1390 2834">
    <p class='ocr_par' dir='ltr' id='par_1_113' title="bbox 927 2799 1390 2834">
     <span class='ocr_line' id='line_1_114' title="bbox 927 2799 1390 2834; baseline 0 -7"><span class='ocrx_word' id='word_1_778' title='bbox 927 2808 957 2827; x_wconf 84' lang='grc' dir='ltr'><strong>τε</strong></span> <span class='ocrx_word' id='word_1_779' title='bbox 966 2800 1013 2828; x_wconf 70' lang='grc' dir='ltr'>καὶ</span> <span class='ocrx_word' id='word_1_780' title='bbox 1026 2799 1229 2834; x_wconf 76' lang='grc' dir='ltr'>ἁναντιρρἠως</span> <span class='ocrx_word' id='word_1_781' title='bbox 1244 2799 1326 2833; x_wconf 79' lang='grc' dir='ltr'>λέγω,</span> <span class='ocrx_word' id='word_1_782' title='bbox 1337 2803 1390 2827; x_wconf 88' lang='lat' dir='ltr'><strong>etc.</strong></span> 
     </span>
    </p>
   </div>
  </div>
