1940 3087
791 68 805 85 ϐ

224 157 277 189 M3

227 261 401 288 celeberrima
425 260 601 288 clarescebat.
627 259 718 288 Unum
729 259 802 286 enim
818 258 968 290 Christum,
989 256 1016 284 id

227 313 278 339 cst,
294 307 398 334 unicam
405 307 464 342 ejus
476 307 644 342 hyposlasin,
660 311 783 333 naturam
797 305 1015 339 vcrodupliccm,

228 353 348 380 divinam
360 351 503 388 ncmpc‘et
515 353 673 384 humanam,
698 352 864 379 inconfusim
875 356 902 379 et
918 350 1019 378 indivi-

227 399 278 426 sim
305 398 512 431 consideratam,
528 407 578 434 per
600 399 774 426 beatissimos
790 399 872 426 hosce
890 397 1018 425 sacerdo-

228 449 269 471 tes
286 449 314 471 et
339 445 487 480 theologos,
516 446 543 473 in
573 446 704 474 mundum
721 446 879 473 universum
893 450 921 472 et
938 453 1019 472 muns

227 490 254 516 di
286 495 425 518 extremos
464 493 615 525 terminos,
650 492 823 520 confessione
858 495 886 518 et
918 490 1019 526 praedi-

228 537 335 565 catione
369 539 591 574 aguosccndam,
623 538 706 570 clare,
736 537 880 573 perspicue
904 542 931 563 et
961 535 1021 563 sine

229 583 401 610 hazsitatione
434 585 630 619 propagabant.
665 583 735 610 lliuc
773 589 882 617 quoque
915 581 1020 615 liquet,

229 629 301 663 quod
315 637 377 656 cum
388 629 491 656 claudis
502 638 612 665 gressus
632 629 870 658 conﬁrmarentur.
898 631 925 654 et
942 626 1022 654 caecis

229 676 338 703 caecitas
355 677 381 702 in
406 675 633 703 elliorescentiam
664 675 805 702 oculorum
826 676 1021 703 succresceret,

230 729 293 748 cum
311 721 410 748 mortui
429 721 462 749 ab
482 721 582 748 inferni
601 721 687 756 portis
712 721 929 751 retraherentur,
944 723 972 746 et
995 718 1022 745 in

231 767 314 794 vitam
326 767 417 794 denuo
430 768 680 795 transmitterentur
691 787 697 799 ,
714 774 821 794 necnon
836 773 899 793 cum
915 769 942 792 et
964 764 1024 791 alia:

231 813 332 840 divina:
345 813 468 845 virtutes,
481 821 615 848 quasnon
630 818 671 840 est
686 813 764 840 facile
771 820 943 843 enumerare,
960 818 1024 845 pcr-

232 863 417 894 petrarentur,
433 864 460 886 et
488 859 515 886 in
536 863 684 894 conspectu
699 859 821 886 omnium
847 857 1024 893 propalaren-

234 909 288 936 tur.
301 906 400 933 divina:
412 911 519 934 natura:
534 906 652 942 dignitas
667 911 695 934 et
714 905 862 934 eminentia
883 904 1024 932 evidenter
1038 895 1062 925 Β

233 952 485 979 dcmonstrubatur.
509 953 612 979 Ilursus
633 960 683 987 per
704 952 741 983 id,
764 951 837 985 quod
853 949 1026 985 defatigatio-

234 1006 308 1029 nem,
325 999 457 1030 laborem,
479 998 564 1029 sitim,
577 998 679 1025 famem
701 997 862 1025 sustinuerit
872 1001 899 1023 et
911 1003 1027 1031 panper-

234 1048 328 1077 tatem,
344 1049 425 1079 atque
434 1045 476 1072 his
492 1044 590 1072 similia
601 1049 629 1072 et
640 1044 794 1079 congenita,
811 1042 964 1078 proprietas
976 1041 1028 1068 hu-

235 1097 322 1118 mane
342 1091 502 1118 substantiae
518 1090 755 1118 manifestabatur.
771 1089 899 1122 Quaedam
914 1088 1028 1115 istorum

233 1141 266 1163 ut
285 1136 340 1163 Deo
359 1137 471 1172 dignum
489 1140 558 1168 erat,
575 1136 626 1163 alia
657 1143 707 1170 pro
720 1134 885 1162 conditionis
900 1133 1027 1161 humana:

235 1181 326 1214 modo,
340 1181 412 1208 idem
432 1185 543 1208 etunus
565 1180 702 1212 Christus,
718 1187 798 1207 verus
823 1179 894 1205 Deus
923 1182 1026 1210 noster,

803 153 934 184 PIIOTII
952 150 1206 183 PATRIARCILE
1225 150 1280 180 (ΖΡ.

225 218 254 242 et
281 221 297 241 e
325 213 452 242 Pati-ibus
489 212 614 241 deductis
648 211 835 244 conﬁrmatur,
871 209 1032 246 praeconiis

1084 207 1234 244 μαρτυρίαις
1261 206 1435 243 ἀνεκηρύχθη
1464 207 1510 234 καὶ
1533 206 1680 241 διέλαμψεν

1806 146 1857 178 644

1699 214 1706 222 ·
1721 204 1789 232 Ἕνα
1813 205 1854 230 'th

1067 254 1195 289 Χριστὸν,
1210 253 1268 289 ἤτοι
1281 253 1344 288 μίαν
1358 253 1440 280 αὐτοῦ
1456 253 1505 287 τὴν
1516 252 1675 283 ὑπόστασιν,
1688 251 1735 278 καὶ
1749 251 1796 278 δύο
1809 250 1858 281 τὰς

1068 300 1174 334 φύσεις,
1188 299 1303 334 θεότητά
1311 307 1340 325 τε
1351 299 1397 326 καὶ
1411 299 1620 334 ἀνθρωπότητα,
1636 297 1798 332 ὰσυγχύτως
1812 297 1859 323 καὶ

1068 346 1228 380 ἀδιαιρέτως
1241 344 1471 379 ὲνοεωρουμένας,
1483 344 1537 370 τῶν
1555 343 1798 379 τρεσιιακαρὶστων
1807 343 1859 378 ἀρ-

1067 393 1183 429 χιερέων
1211 391 1369 427 περιφανῶς
1385 391 1604 426 θεολογησὰντων
1632 390 1680 417 χαὶ
1703 389 1859 425 παραδεδω-

1069 440 1156 465 κότων
1165 438 1334 469 ἁδιστὰκτως
1342 437 1483 472 ὁμολογεῖν
1495 437 1544 463 καὶ
1557 444 1706 471 κηρυσσειν
1721 436 1761 467 εἰς
1772 435 1860 462 πάντα

1069 485 1120 520 τῆς
1130 484 1294 519 οἰκουμένης
1305 484 1339 510 τὰ
1351 484 1470 519 πέρατα.
1480 483 1564 518 Δῆλον
1572 483 1599 509 δὲ
1607 482 1764 515 κάντεῦθεν,
1776 482 1814 514 ὡς
1826 482 1860 508 δι’

1069 529 1106 559 ὦν
1121 532 1170 567 μὲν
1178 532 1273 568 χωλοῖς
1282 533 1310 559 αἱ
1325 532 1417 567 βάσεις
1429 530 1577 566 ὠρθοῦντο,
1587 532 1634 558 καὶ
1644 531 1755 566 τυφλοῖς
1770 531 1801 557 τὸ
1809 531 1862 557 πά-

1071 578 1116 610 θος
1144 580 1184 610 εἰς
1200 579 1332 614 ὀμμάτων
1348 578 1466 614 βλάστην
1493 578 1640 612 ὑπεφύετο,
1652 577 1743 612 νεκροί
1754 586 1784 604 τε
1809 577 1863 603 τῶν

1072 625 1167 652 πυλῶν
1187 625 1344 652 ἀνεσπῶντο
1361 625 1408 652 τοῦ
1438 625 1513 661 ᾃδου,
1527 625 1574 652 καὶ
1591 624 1659 660 πρὸς
1672 625 1702 650 τὸ
1716 623 1766 660 ζῇν
1785 632 1865 660 μετε-

1072 672 1212 703 τάττοντο,
1231 671 1304 697 αἵτε
1318 671 1397 698 ἄλλαι
1412 671 1583 706 θεοσημεῖαι,
1600 671 1634 702 ἃς
1646 670 1677 696 οὐ
1695 670 1786 706 ῥᾴδιον
1803 670 1866 705 ἀρι-

1073 720 1087 746 Θ
1091 721 1161 755 μεῖν,
1171 720 1348 746 ἐπετελοῦντο
1354 719 1402 746 καὶ
1410 720 1608 753 ἐπεδείκνυντο,
1618 719 1668 754 τῆς
1674 719 1750 750 θείας
1757 719 1866 753 φύσεως

1074 766 1197 802 ἐναργῶς
1212 765 1399 802 παρεδηλοῦτο
1414 766 1445 792 τὸ
1460 766 1580 801 ἀξίωμα.
1597 767 1636 792 Δι’
1649 762 1686 792 ὦν
1709 766 1738 792 δὲ
1752 765 1865 795 κόπους.

1074 812 1121 839 καὶ
1130 813 1227 843 πόνους
1241 812 1288 838 καὶ
1301 811 1381 847 δίψαν
1400 812 1447 839 καὶ
1463 813 1569 844 πεῖναν.
1584 811 1633 838 καὶ
1647 812 1753 844 πενίαν,
1771 811 1819 838 καὶ
1831 811 1868 837 τὰ

1074 857 1317 892 τούτοιςὺφίστατο
1325 859 1444 894 συγγενῆ
1457 859 1503 885 καὶ
1509 858 1701 894 παραπλήσια,
1709 859 1758 894 τῆς
1765 857 1869 893 ἀνορω-

1076 904 1157 939 πινης
1169 903 1264 935 οὐσίας
1280 905 1378 939 ὲτρατο
1391 904 1452 940 (sic)
1465 904 1496 931 τὸ
1507 905 1615 940 ἰδίωμα.
1632 901 1682 930 ’Ὧν
1692 904 1726 930 τὰ
1743 903 1793 939 μὲν
1806 903 1868 930 θεο-

1076 949 1200 985 πρεπῶς,
1210 949 1245 976 τά
1253 949 1282 976 δὲ
1292 950 1539 986 ἀνθρωποπρεπῶς
1547 950 1561 976 ὁ
1570 950 1651 982 αὐτὸς
1659 949 1776 985 Χριστὸς
1782 949 1870 983 ὸὰλησ

1077 995 1148 1027 Θινὺς
1158 995 1225 1027 Θεὸς
1236 996 1314 1031 ἡμῶν
1323 996 1481 1028 ἐπιτελέσας
1493 997 1541 1023 καὶ
1558 995 1789 1032 διαπραξάμενος,
1803 996 1871 1031 μίαν

1079 1040 1128 1076 μὲν
1147 1041 1230 1068 αὑτοῦ
1247 1043 1293 1068 καὶ
1306 1043 1410 1070 ἑνιαίαν
1418 1042 1468 1078 τὴν
1479 1043 1639 1074 ὑπόστασιν,
1652 1042 1699 1069 δύο
1710 1042 1740 1069 δὲ
1751 1042 1799 1069 καὶ
1810 1041 1871 1069 δια-

1079 1088 1216 1123 φερούσας
1226 1089 1276 1121 τὰς
1291 1089 1397 1124 φύσεις,
1412 1090 1443 1116 ὲν
1456 1089 1601 1125 ἀσυγχύτῳ
1617 1089 1723 1122 ἑνώσει,
1735 1088 1829 1124 σαφῶς
1841 1097 1871 1115 τε

1081 1136 1128 1161 καί
1142 1136 1334 1171 ἀναντιρρήτῳ
1353 1135 1425 1171 λόγῳ
1442 1137 1598 1172 παρέστησε
1619 1137 1663 1163 καὶ
1686 1135 1870 1163 ἐπιστώσατο.

1089 1179 1158 1206 Ἀλλ’
1173 1180 1203 1205 ὲν
1222 1179 1327 1208 τούτοις
1345 1181 1438 1208 καὶτὰ
1454 1181 1503 1215 τῆς
1517 1181 1653 1217 τετάρτης
1668 1181 1788 1208 συνόδου.

235 1233 298 1253 cum
314 1231 474 1262 operaretur
503 1231 530 1254 et
546 1226 699 1261 perﬁCeret,
718 1229 792 1253 certe
816 1232 898 1252 uuam
914 1229 941 1251 et
969 1224 1074 1251 unitate
1105 1226 1304 1254 consistentem
1337 1227 1495 1263 hypostasin
1520 1235 1610 1260 suam,
1637 1227 1706 1255 duas
1727 1233 1820 1254 autem
1846 1231 1873 1252 ct

236 1273 357 1302 diversas
370 1278 481 1301 naturas
500 1273 527 1300 in
542 1273 642 1300 unione
653 1272 697 1299 illa
712 1270 866 1302 inconfusa,
883 1269 1027 1305 perspicue
1047 1270 1118 1297 clara
1133 1279 1184 1299 nec
1199 1271 1253 1299 ullo
1274 1277 1354 1308 pacto
1385 1273 1598 1301 contradicenda
1627 1274 1733 1301 ratione
1751 1279 1807 1301 tum
1824 1283 1873 1301 ελ-

237 1321 327 1349 hibuit
339 1326 394 1348 tum
412 1320 594 1348 conﬁrmavit.
609 1320 697 1354 Atque
723 1319 857 1346 hactenus
882 1317 916 1345 de
930 1322 1029 1352 quarta
1049 1319 1163 1354 synodo.

274 1368 318 1395 15.
338 1367 439 1394 Sancta
461 1366 625 1393 universalis
641 1366 736 1400 quinta
757 1365 877 1401 synodus
898 1364 1030 1398 sequitur.

238 1415 290 1442 Cui
313 1413 510 1441 convenionda:
527 1413 695 1442 sacrabatur,
711 1416 839 1446 tanquam
859 1415 967 1445 septum
989 1417 1033 1436 sa-

239 1468 327 1492 crum,
353 1467 449 1493 magna
474 1458 645 1485 Constantini
665 1457 772 1484 civitas.
798 1456 921 1483 Obtinuit
942 1460 1033 1482 autem

240 1507 296 1533 vim
312 1504 564 1532 etconhrmabatur
579 1511 626 1539 per
643 1503 814 1538 praesentiain
826 1507 854 1530 et
870 1509 1034 1529 concursum

241 1551 361 1586 quinque
375 1550 514 1585 sexaginta
530 1554 640 1577 centum
655 1549 855 1584 episcoporum.
871 1547 973 1575 llorum
985 1548 1034 1575 du-

242 1606 288 1626 ces
306 1602 333 1624 et
347 1601 476 1631 tanquam
492 1596 593 1623 lumina
614 1595 734 1628 fuerunt,
753 1596 863 1623 lllennas
876 1595 986 1630 quidem
1001 1595 1035 1622 ab

243 1644 333 1676 initio,
352 1647 409 1670 tum
429 1642 578 1678 Eutychius
597 1650 748 1674 successor,
774 1641 820 1676 qui
836 1641 941 1668 clavum
956 1640 1037 1676 regia:

244 1690 323 1718 istius
346 1694 374 1717 et
389 1689 628 1724 arehiepiscopalis
640 1689 713 1716 sedis
724 1688 945 1716 moderabantur.
963 1687 1038 1722 Vigi-

244 1737 298 1764 lius
321 1737 418 1764 aderat
434 1736 492 1771 (qui
506 1740 534 1763 et
548 1736 606 1771 ipse
627 1735 740 1763 llomam
756 1739 916 1769 susceperat
937 1741 1038 1769 procu-

244 1782 368 1816 randam)
391 1781 462 1817 apud
486 1781 580 1808 urbem
602 1781 723 1816 quidem,
747 1781 850 1817 synodo
869 1785 960 1808 tamen
983 1788 1037 1807 non

245 1830 381 1862 interfuit,
404 1837 438 1857 co
453 1829 526 1864 quod
547 1829 658 1856 nolebat
675 1834 774 1863 sponte
793 1836 822 1856 se
836 1828 870 1856 ad
891 1828 966 1855 illum
990 1836 1038 1863 ag-

245 1883 360 1912 gregare
383 1879 560 1902 conventum.
589 1874 634 1902 Ille
651 1880 741 1901 autem
760 1874 948 1906 nihilominus,
966 1873 1038 1908 quod

245 1922 360 1948 minime
374 1921 480 1948 volebat
489 1922 558 1948 sacri
569 1921 641 1948 illius
654 1928 800 1948 consessus
813 1920 938 1948 sodalitio
951 1920 1039 1947 inter-

247 1975 324 1998 esse,
357 1967 436 1994 fidem
468 1968 606 1994 communi
631 1967 740 1994 Patrum
767 1966 896 2002 suffragio
919 1967 1038 2000 editam,

247 2013 338 2040 libello
357 2020 407 2040 suo
422 2013 495 2046 dato,
511 2013 692 2040 conﬁrmavit.
713 2013 794 2041 Ilisce
816 2014 930 2040 aderant
958 2013 1039 2048 Apol-

247 2058 361 2086 linarius
379 2060 562 2093 Alexandriae,
588 2065 616 2087 ct
643 2060 763 2087 Domnus
788 2060 918 2095 dignitate
943 2060 1040 2087 Antio-

248 2106 343 2134 chenzc
372 2106 498 2133 Ecclesia:
529 2106 750 2140 archiepiscopali
781 2105 896 2140 praediti.
922 2105 1042 2133 Aderant

253 2151 381 2186 Didymus
397 2156 424 2178 et
437 2150 578 2186 Evagrius,
594 2151 682 2177 locum
695 2155 819 2177 tenentes
830 2150 968 2178 Eustochii
979 2150 1042 2178 llic-

249 2198 435 2232 rosolymitani
456 2197 663 2232 archiepiscopi.
691 2197 742 2223 l’er
765 2197 790 2223 id
810 2197 940 2232 temporis
957 2197 1042 2224 Justi-

1118 1369 1160 1392 ιε’.
1184 1366 1216 1392 Ἡ
1231 1366 1258 1393 δὲ
1275 1367 1340 1401 ἁγία
1356 1368 1404 1394 καὶ
1417 1369 1594 1404 οἱκουμενικὴ
1614 1369 1727 1404 πέμπτη
1744 1368 1853 1399 σύνοδος
1866 1389 1874 1401 ,

1082 1413 1196 1447 τέμενος
1210 1413 1260 1447 μὲν
1276 1414 1348 1449 ἱερὸν
1359 1414 1427 1450 αὐτῇ
1443 1414 1526 1450 ή(20)
1540 1416 1744 1443 Κωνσταντὶνου
1758 1417 1876 1451 μεταλό.

1084 1458 1160 1490 πολις
1177 1459 1325 1494 ἀφιέρωτο.
1344 1460 1426 1486 Πέντε
1445 1461 1533 1488 δὲκαὶ
1553 1462 1686 1497 ἐξήκοντα
1710 1463 1758 1488 καὶ
1777 1463 1876 1489 ἐκατόν

1084 1503 1222 1540 θεοφόρων
1229 1506 1355 1541 πατέρων
1363 1507 1499 1542 παρουσίᾳ
1504 1507 1550 1534 καὶ
1557 1508 1693 1543 συνδρομῇ
1700 1509 1876 1543 ἐκρατύνετηι.

1048 1567 1070 1596 c
1100 1552 1137 1596 tlv
1150 1552 1264 1586 ἡγοῦντο
1279 1553 1325 1579 καὶ
1340 1554 1525 1588 προέλαμπον,
1541 1555 1638 1589 Μηνᾶς
1651 1555 1701 1590 μὲν
1713 1555 1762 1590 τὴν
1777 1556 1878 1590 ἀρχὴν,

1087 1595 1147 1624 εἶτα
1160 1598 1189 1624 δὲ
1205 1599 1253 1624 καὶ
1269 1598 1418 1634 Εὐτύχιος,
1434 1601 1484 1635 τῆς
1499 1601 1583 1635 αὐτῆς
1605 1601 1739 1635 βασιλίδος
1749 1622 1757 1633 ,
1773 1602 1805 1628 ὲκ
1820 1602 1879 1628 δια-

1087 1643 1184 1678 δοχῆς,
1198 1645 1261 1676 τοὺς
1289 1646 1500 1681 ἀρχιερατικοὺς
1525 1647 1796 1683 πηδαλιουχήσαντες
1819 1649 1878 1674 οἵα-

1087 1697 1154 1721 κας·
1175 1691 1223 1718 καὶ
1240 1691 1359 1726 Βιγιλιος
1374 1692 1430 1729 (21)
1443 1694 1457 1719 ὁ
1476 1693 1526 1728 τῆς
1545 1692 1656 1728 Ῥώμης
1676 1695 1725 1730 τὴν
1740 1694 1818 1729 ἱερὰν
1831 1694 1881 1721 λα-

1088 1736 1144 1771 χὼν
1162 1737 1285 1772 ἐφορίαν,
1301 1737 1396 1772 παρὼν
1418 1738 1468 1774 μὲν
1484 1740 1518 1774 τῇ
1535 1739 1626 1771 πόλει,
1642 1739 1672 1766 οὑ
1688 1739 1784 1775 παρὼν
1803 1740 1834 1767 δὲ
1848 1743 1880 1775 τῇ

1089 1783 1202 1818 συνόδῳ·
1220 1784 1249 1815 ὃς
1267 1785 1291 1810 εἰ
1308 1785 1355 1811 καὶ
1383 1786 1420 1821 μὴ
1439 1786 1578 1821 πρόθυμος
1596 1787 1637 1818 εἰς
1651 1787 1701 1823 τὴν
1726 1787 1882 1822 συνδρομὴν

1088 1830 1140 1865 τῆς
1161 1830 1237 1865 ἱερᾶς
1257 1831 1422 1867 ὁμηγύρεως
1437 1833 1575 1868 κατέστη,
1597 1833 1655 1860 ἀλλ’
1675 1833 1752 1860 οὐδὲν
1770 1834 1882 1860 ἔλαττον

1089 1877 1164 1912 ὅμως
1185 1879 1234 1914 τὴν
1251 1879 1344 1914 κοινὴν
1358 1879 1413 1906 τῶν
1434 1881 1561 1914 πατέρων
1583 1882 1675 1908 πίστιν
1690 1883 1830 1918 ἐπεκύρου
1845 1882 1885 1908 2r—

1090 1924 1186 1960 ὅέλλῳ.
1201 1925 1255 1951 Σὺν
1268 1922 1308 1957 οἷς
1329 1925 1516 1961 ’Δπολινάριός
1528 1935 1558 1953 τε
1572 1927 1586 1953 ὀ
1605 1927 1820 1963 Ἀλεξανδρείας,
1837 1929 1886 1956 καὶ

1091 1970 1192 2005 Δόμνος
1209 1971 1223 1997 ὁ
1247 1971 1422 2006 Ἀντιοχείας,
1439 1971 1479 2007 τῷ
1490 1972 1675 2008 ἀρχιερατικῷ
1692 1973 1831 2008 ἀξιώματι
1843 1983 1886 2001 κε-

1091 2018 1273 2053 κοσμημένοι.
1298 2019 1353 2045 Καὶ
1380 2018 1413 2053 δὴ
1439 2020 1486 2045 καὶ
1511 2019 1628 2053 Δίδυμος
1655 2020 1702 2046 καὶ
1731 2021 1886 2056 Εὺάγριος,

1092 2064 1238 2098 Eia-toxico
1263 2065 1311 2091 τοῦ
1342 2064 1536 2100 Ἰεροσολύμων
1558 2067 1710 2101 ἀρχιερέως
1730 2066 1776 2094 τὸν
1800 2068 1886 2095 τόπον

1092 2109 1324 2144 ἀναπληροῦντες.
1352 2111 1511 2146 Τηνικαῦτα
1533 2112 1561 2139 δὲ
1588 2113 1636 2139 καὶ
1666 2114 1856 2146 Ἰουστινιανὺς
1874 2117 1888 2141 ὁ

1093 2154 1240 2188 κράτιστος
1255 2156 1283 2182 ὲν
1298 2156 1454 2190 βασιλεῦσι,
1471 2157 1521 2192 τῆς
1552 2158 1710 2193 Ῥωμαῖκῆς
1724 2159 1815 2194 ἀρχῆς
1837 2162 1887 2191 τὰς

1094 2201 1236 2235 φροντίδας
1253 2203 1397 2238 ἐχείριζεν,
1412 2204 1460 2231 καὶ
1476 2204 1515 2238 τῷ
1528 2205 1748 2240 ἐκκλησιαστικῷ
1761 2206 1889 2240 συνεφώ-

249 2244 348 2271 nianus
364 2245 499 2270 maximus
511 2243 669 2278 imperator,
684 2242 798 2269 Romani
818 2243 984 2278 principatus
995 2251 1032 2270 cui

1097 2254 1136 2272 νει
1153 2247 1320 2282 φρονήματι.
1337 2247 1411 2283 Δῦτη
1426 2249 1572 2284 τοιγαροῦν
1586 2250 1602 2284 ὴ
1617 2250 1682 2283 ἁγία
1698 2250 1746 2275 καὶ
1755 2250 1890 2284 οἰκουμε-

249 2299 307 2318 rant
327 2291 452 2318 manibus
469 2290 645 2326 gubernabat,
661 2293 688 2316 et
704 2297 764 2315 cum
780 2290 973 2317 ecclesiasticis
991 2290 1042 2318 do-

250 2337 386 2372 gmatibus
399 2336 580 2371 conspirabat.
603 2335 666 2362 llicc
682 2335 772 2369 itaque
784 2339 876 2363 sancta
889 2341 916 2363 ct
931 2336 1042 2362 univer-

250 2384 315 2410 salis
336 2383 455 2419 synodus
468 2383 573 2418 impura
595 2382 714 2409 Nestorii
730 2382 855 2418 dogmata
881 2383 1043 2418 repullulas-

251 2429 340 2456 centia
359 2430 467 2464 penitus
483 2429 582 2456 iterum
597 2428 757 2459 dcmessuit,
774 2436 828 2455 una
848 2436 909 2455 cum
925 2429 1044 2455 zizanio-

253 2483 313 2502 rum
330 2476 388 2510 ipso
401 2475 585 2502 scmiuatore:
602 2473 636 2501 Et
646 2478 707 2508 post
721 2481 795 2506 eum,
813 2473 987 2502 Theodorum
1001 2479 1044 2502 at-

1095 2292 1158 2327 νικὴ
1175 2292 1283 2324 σύνοδος
1307 2293 1455 2328 Νεστορίου
1480 2294 1561 2321 πάλιν
1578 2294 1612 2320 τὰ
1637 2293 1723 2329 μιαρὰ
1744 2296 1892 2328 παραφυό-

1097 2345 1165 2370 μενοι
1179 2337 1302 2372 δόγματα
1319 2339 1358 2369 εἰς
1373 2338 1402 2364 τὸ
1418 2338 1549 2369 παντελὲς
1564 2337 1728 2372 ἑξεοέρισεν,
1741 2338 1799 2373 ἅμα
1811 2338 1891 2373 αὺτῴ

1097 2384 1207 2410 ἐκείνων
1224 2384 1262 2418 τῷ
1277 2385 1373 2420 σπορεῖ
1386 2384 1439 2411 τῶν
1455 2385 1592 2417 ζιζανίων.
1610 2385 1679 2412 Μεθ’
1692 2385 1732 2415 ὃν,
1748 2384 1890 2420 θεόδωρον

1098 2430 1145 2456 καὶ
1163 2430 1312 2465 Διόδωρον·
1333 2428 1370 2456 ὧν
1382 2431 1396 2456 ὁ
1413 2435 1459 2465 μὲν
1484 2430 1592 2464 Ταρσοῦ
1615 2431 1735 2463 πόλεως,
1752 2432 1766 2457 ὁ
1789 2430 1818 2457 δὲ
1836 2431 1891 2457 Μο-

1098 2475 1244 2507 ύουεστίας
1267 2476 1468 2511 ἐπεσκόπησεν.
1491 2477 1542 2509 οι,
1565 2476 1713 2512 Νεστορίου
1742 2477 1892 2512 πρότερον,

1027 2575 1143 2604 NOTAE.

291 2669 346 2704 (‘20)
367 2668 525 2704 Legendum
550 2670 631 2703 αὐτῇ,
648 2676 701 2696 non
720 2669 802 2703 αὐτή.
821 2669 868 2697 Est
885 2674 975 2696 autem
998 2668 1044 2694 τέ-

260 2713 352 2741 μενος,
363 2704 439 2741 quod
452 2704 490 2731 ait
507 2703 665 2741 Hesychius,
684 2705 738 2741 πᾶς
751 2705 776 2741 ὁᾉ
783 2705 987 2741 μεμερισμένος
999 2703 1044 2730 τό-

257 2739 307 2771 ἧτος
321 2739 374 2766 τινὶ
392 2740 432 2770 εἰς
456 2741 549 2775 τιμήν.
576 2739 649 2767 Idem
667 2740 738 2773 quod
767 2739 870 2767 Latinis
898 2739 1045 2773 Templum,

255 2775 331 2802 locus
342 2783 394 2801 non
407 2775 494 2810 solum
510 2779 620 2802 sanctus
632 2776 679 2802 sed
695 2779 722 2802 et
733 2782 820 2807 sacer,
836 2781 865 2803 ut
877 2775 1044 2810 sepulcrum.

258 2810 434 2837 Recentiorcs
457 2809 543 2837 Grazci
574 2811 613 2837 sic
638 2810 781 2838 ecclesiam
811 2809 965 2842 nominant,
999 2810 1047 2837 scil

258 2853 396 2878 nunquam
414 2846 587 2872 \'(‘lllSli0l’CS.

294 2879 349 2913 (2|)
371 2881 501 2914 Βιγίλιος
518 2879 573 2913 τῆς
603 2879 726 2915 Ῥώμης.
748 2879 862 2916 Vigilius
883 2890 952 2916 papa
978 2880 1049 2909 Coll-

1094 2669 1290 2706 stantirnopolin
1305 2669 1397 2706 adiit.
1417 2675 1531 2697 vocante
1556 2669 1726 2702 Iustiniano,
1743 2675 1771 2698 et
1786 2673 1896 2706 synodo

1094 2705 1228 2732 interfuit.
1258 2705 1312 2731 Sed
1341 2713 1403 2731 cum
1433 2711 1492 2732 acta
1520 2714 1574 2733 non
1604 2707 1746 2740 probaret.
1777 2705 1897 2735 seceSsit

1095 2740 1306 2777 Chalcedoneln,
1325 2740 1372 2766 sed
1389 2739 1421 2766 ab
1436 2739 1746 2775 imperatore’luerelico
1761 2747 1790 2768 et
1803 2741 1896 2777 impu-

1096 2775 1170 2802 rioso
1189 2775 1353 2810 exagitatus,
1370 2780 1451 2809 atque
1467 2777 1493 2802 in
1508 2776 1634 2803 exsilium
1648 2777 1762 2808 missus,
1780 2775 1897 2806 tandem

1097 2811 1219 2847 elanguit
1234 2815 1261 2847 et
1277 2811 1448 2845 subScripsit.
1463 2811 1560 2837 Statim
1576 2812 1635 2846 lego
1651 2820 1704 2838 non
1719 2812 1829 2847 ἐκείνῳ,
1849 2815 1899 2841 sed

1097 2845 1221 2882 ἐκείνων,
1239 2845 1291 2882 hoc
1310 2850 1361 2882 est,
1378 2846 1530 2882 ζιζανίων,
1550 2845 1726 2882 νιυίληοοῦσι
1738 2869 1745 2879 ,
1768 2845 1900 2882 reposuit

1100 2881 1233 2909 Dominus
1249 2880 1460 2909 llcrel'ordcusis
1477 2881 1603 2917 ληροῦσι,
1619 2880 1691 2918 quod
1717 2880 1824 2910 rectum
1842 2891 1898 2912 est.
