1940 3087
104 130 144 162 645

653 124 919 158 EPISTOLARUM
943 124 1059 154 LIBER
1080 124 1103 153 ῐ.

1654 121 1707 153 646

105 187 142 223 τὴν
154 185 262 221 τοιαύτην
277 185 418 217 ὼδίνοντες
437 185 554 219 αἵρεσιν,
574 183 622 210 καὶ
639 176 778 218 ἔγγραφον
793 183 862 209 ἀπο-

924 188 968 216 ιιιο
983 179 1133 207 Diodorum
1147 189 1153 206 :
1171 187 1287 215 quorum
1302 178 1353 207 iste
1368 178 1444 206 Tarsi
1457 178 1584 212 civitatis,
1599 178 1643 206 ille
1658 187 1707 206 au-

104 231 231 264 λελοίπασι,
247 232 296 267 τῆς
310 230 389 258 νόθου
412 230 531 261 διανοίας
548 230 583 256 τὰ
599 228 664 255 νόθα
688 229 735 254 καὶ
757 227 863 262 ἔκφυλα

104 279 213 314 κυήματα.
229 278 289 304 Ἔτι
301 277 330 304 δὲ
342 276 503 304 κατεδίκασε
520 275 567 302 καὶ
577 275 775 310 ἁνεθεμάτισεν
787 274 862 308 Ὠρι-

103 325 174 360 γένην,
185 324 305 359 Δίδυμον,
319 324 465 360 Εὺάγριον,
478 321 581 349 παλαιὰ
591 321 646 348 τῶν
659 321 763 348 πιστῶν
777 321 863 356 appo-

104 370 220 404 στήματα,
238 369 338 405 ἄνδρας
356 368 406 403 τὴν
426 367 587 402 Ἑλληνικὴν
604 366 769 402 μυθολογίαν
786 367 815 392 ὲν
829 367 862 401 τῇ

102 412 140 439 τοῦ
147 412 200 439 Θεοῦ
214 412 361 448 Ἐκκλησία
373 412 598 448 παρεισενεγκεῖν
606 411 862 446 φιλονεικήσαντας.

102 458 265 494 Προῡπάρχειν
290 467 320 485 τε
346 459 401 493 γὰρ
429 455 502 485 οὗτοι
531 457 581 489 τὰς
596 457 685 492 ψυχὰς
701 458 755 484 τῶν
772 457 865 493 σωμά-

101 514 144 532 των
155 504 305 541 ὲληρῴδουν,
324 505 372 532 καὶ
384 504 470 531 πολλὰ
482 504 598 538 σώματα
606 503 655 538 τὴν
669 503 754 539 αὐτὴν
768 511 864 538 μετεν-

101 551 197 578 δΰεσθαι·
210 551 300 586 δόγμα
315 550 413 587 μιαρὸν
426 550 474 577 καὶ
487 549 679 577 κατάπτυστον
694 550 742 576 καὶ
761 550 860 584 μόνων,

100 597 131 629 ὡς
143 598 245 633 ἀληθῶς,
263 598 374 624 ἐκείνων
389 597 443 624 τῶν
458 597 551 632 ψυχῶν
568 596 652 628 ἄξιον.
675 596 731 622 Καὶ
747 592 821 627 τέλος
837 595 865 622 δὲ

99 644 140 679 τῆς
148 644 312 680 ἀτελευτήτου
325 644 463 676 κολάσεως
475 643 650 679 ἐψηφίζοντο.
667 643 763 677 Ἀλλη,
775 642 864 673 τοῦτο,

99 691 249 726 παράκλησις
274 690 342 726 πρὸς
358 690 498 725 ἁμαρτίαν
525 690 616 716 πᾶσαν
642 689 690 716 καὶ
716 688 864 715 ἀπώλειαν.

98 736 144 762 Καὶ
155 737 201 767 τοῖς
222 736 351 770 πονηροῖς
364 734 475 769 δαίμοσι
491 734 522 760 τὸ
537 735 653 770 ἀρχαῖον
673 732 783 768 ἀξίωμα
800 734 866 768 ἐχα-

98 781 196 817 ρίζοντο,
215 781 418 817 ὲπαναδραμεῖν
434 781 534 812 αὐτοὺς
552 782 591 812 εἱς
605 781 655 816 τὴν
667 781 771 808 ἄνωθεν
787 780 866 813 δόξαν

97 826 123 860 ἐξ
134 824 163 863 ἦς
179 827 315 859 ἐξέπεσον,
335 826 564 858 ἀναπλάττοντες.
586 826 647 854 Ἐτι
672 826 720 859 δὲ,
746 826 805 853 οὐδὲ
832 828 866 855 τὰ

915 229 969 252 tem
984 223 1159 260 Mopsuestia:
1182 225 1329 260 episc0pus
1341 229 1410 252 erat.
1428 223 1471 251 lsti
1486 224 1561 251 enim
1585 223 1709 252 Nestorio

913 271 1019 306 priores
1040 271 1113 298 illam
1132 271 1220 306 ipsam
1243 270 1369 298 haeresim
1386 271 1585 306 parturicbant,
1605 276 1633 298 et
1649 275 1711 306 post

914 323 944 343 se
957 316 1111 348 defunctos,
1132 315 1242 350 scriptis
1258 315 1371 342 traditos
1385 316 1520 350 reliquere
1536 316 1634 350 spuriaa
1648 323 1709 343 sen-

915 362 1009 390 tentiae
1020 362 1128 397 spurios
1143 365 1250 397 partus.
1266 361 1465 389 Condemnavit
1478 362 1590 396 insuper
1604 366 1630 390 et
1646 369 1712 389 ana-

915 408 1037 436 themate
1057 408 1131 436 feriit
1155 407 1311 443 Origenem,
1330 407 1483 443 Didymum,
1508 407 1710 443 Evagrium,ab

916 455 1038 489 antiquis
1065 454 1235 489 temporibus
1251 455 1278 481 in
1294 454 1347 481 fide
1364 454 1518 490 languidos,
1539 455 1638 490 quippe
1659 453 1706 488 qui

915 502 943 528 in
959 501 1109 528 Ecclesiam
1123 501 1169 527 Dei
1181 500 1412 528 subintroducere
1423 500 1592 536 Paganorum
1606 499 1710 527 fabulas

917 552 1099 575 tentaverant.
1114 547 1274 575 Delirabant
1288 547 1373 579 enim,
1397 547 1504 574 animas
1516 552 1580 574 ante
1596 553 1711 580 corpora

916 594 1119 629 prazexstitisse,
1142 602 1194 622 nec
1211 602 1275 624 non.
1307 602 1389 621 unam
1403 598 1431 621 et
1448 594 1572 620 eamdem
1594 592 1711 619 animam

916 641 1001 668 multa
1009 649 1122 676 corpora
1131 641 1298 677 subingredi.
1308 641 1423 675 lmpium
1432 640 1529 676 dogma
1536 645 1563 667 et
1570 647 1710 674 conSpuen

916 687 993 719 dum,
1009 687 1091 714 nullis
1103 688 1214 723 dignum
1232 692 1334 722 praeter
1349 687 1422 722 ipsos
1436 687 1599 714 fautoribus.
1617 685 1713 713 Finem

918 741 1028 768 quoque
1044 739 1071 760 et
1084 734 1233 760 terminum
1246 733 1373 768 supplicii
1388 732 1597 760 interminabilis
1612 731 1715 759 consti-

918 780 1031 807 tuebant
1046 789 1052 806 :
1076 787 1137 814 quae
1159 785 1201 807 est
1218 779 1335 806 maxima
1347 778 1470 805 omnium
1493 778 1528 805 ad
1546 777 1714 813 peccandum

918 826 1045 853 illecebra
1070 831 1098 853 et
1121 825 1304 861 praecipitium
1325 825 1352 851 in
1369 825 1474 851 ruinam
1487 825 1602 851 ducens.
1621 823 1674 851 Sed
1689 827 1716 850 et

97 873 195 909 σώματα
210 875 270 905 ταῖς
282 874 383 909 ψυχαῖς
406 873 547 900 ἐϐούλοντο
569 874 781 901 συνανίστασθαι
793 883 800 890 ·
817 883 866 909 γυ-

924 872 1010 907 impiis
1034 872 1207 900 daamonibus
1222 879 1302 898 suum
1324 871 1466 906 antiquum
1483 871 1576 898 locum
1587 875 1615 898 et
1629 870 1718 906 digni-

97 920 156 955 μνὰς
168 919 193 946 δὲ
202 920 285 951 αὑτὰς
297 919 432 955 σωμάτων
447 919 604 946 ἀνιστῶσιν·
619 920 668 946 οὑκ
683 917 732 947 οἷδ’
745 920 769 952 ὃ,
783 929 810 947 τι
823 921 870 947 καὶ

95 965 224 997 καλοῦντες
256 965 416 996 ἀνάστασιν,
445 965 526 1000 εῐπερ
549 964 597 990 τοῦ
623 965 800 996 πεπτωκότος
823 965 871 991 καὶ

95 1011 205 1043 θανόντος
223 1011 240 1046 ἡ
259 1012 409 1042 ἀνάστασις
420 1031 427 1044 ,
447 1011 508 1045 οὐχὶ
519 1010 548 1037 δὲ
566 1009 612 1037 τοῦ
630 1011 674 1037 ἀεὶ
689 1010 808 1041 ἑστῶτος
822 1010 870 1036 καὶ

93 1059 119 1085 ἐν
135 1057 266 1093 ἀφθαρσίᾳ.
280 1057 454 1091 διαμένοντος
467 1077 474 1088 ,
497 1054 552 1083 οἷόν
577 1057 629 1091 πέρ
647 1058 721 1083 ἐστιν
744 1057 760 1092 ἡ
783 1057 870 1090 ψυχὴ,

92 1101 146 1128 οὐδὲ
161 1100 235 1127 τοῦτο
249 1100 455 1136 δυσωπηθέντες
473 1101 498 1126 οἱ
512 1100 615 1132 ἄθλιοι,
634 1101 727 1136 ἡλίκον
743 1098 798 1127 οἷον
814 1100 871 1128 ἁδί-

91 1155 170 1182 κημα,
186 1146 216 1173 δι’
231 1142 268 1173 ὧν
285 1146 396 1181 ληθοῦσι
408 1151 433 1180 ιι,
454 1146 501 1172 τοῦ
515 1146 619 1173 δικαίου
636 1146 738 1181 Κριτοῦ
751 1155 871 1180 κατηγο-

92 1193 172 1228 ροῦσι.
185 1193 244 1224 Πῶς
256 1192 311 1228 γὰρ
323 1193 374 1219 οὐκ
389 1193 506 1228 ἐσχάτην
521 1193 627 1219 ἀδικίαν
638 1192 721 1219 αὑτοῦ
734 1201 872 1227 καταμαρ-

90 1239 206 1275 τυροῦσι,
223 1239 257 1266 τὰ
275 1239 324 1274 μὲν
345 1239 549 1274 συναθλήσαντα
566 1238 680 1274 σώματα
696 1240 756 1270 ταῖς
772 1239 872 1274 ψυχαῖς

89 1287 140 1318 τοῖς
155 1287 211 1313 κατ’
225 1285 326 1322 ἀρετὴν
339 1285 428 1317 πόνοις
439 1285 492 1312 τῶν
505 1285 603 1311 κοινῶν
618 1285 743 1312 ἐπάθλων
756 1286 873 1312 ἀποστε-

91 1333 143 1367 ρεῖν
158 1331 235 1358 αὑτὸν
257 1332 492 1367 βλασφημοῦντες·
510 1331 545 1358 τὰ
559 1331 581 1358 δ’
604 1329 639 1358 αὖ
659 1331 740 1358 πάλιν
759 1331 872 1365 συνεξα-

90 1377 237 1412 μαρτόντα,
262 1377 312 1413 τῆς
327 1377 424 1412 κοινῆς
441 1377 533 1409 αἰτίας
549 1377 597 1403 καὶ
612 1377 739 1414 πράξεως
752 1377 873 1404 ἀνεπιτὶ-

89 1431 161 1458 μητα
178 1423 405 1458 καταλιμπάνειν,
432 1423 514 1458 μόνας
540 1423 570 1449 δὲ
594 1423 643 1455 τὰς
666 1422 772 1459 ψυχὰς,
788 1424 873 1458 χωρὶς

86 1470 139 1496 τῶν
152 1469 426 1505 συνδιαπραξαμένων
441 1470 586 1504 σωμάτων,
603 1470 619 1505 ἢ
632 1469 730 1505 διπλῆν
744 1469 875 1505 εἰσπράτ-

85 1523 141 1541 τειν
155 1515 299 1551 τιμωρίαν,
313 1515 330 1550 ἢ
345 1515 441 1550 διπλῆς
451 1515 544 1548 ἀξιοῦν
560 1515 784 1550 μισθαποδοσίας.

922 923 1002 945 tatem
1017 918 1222 953 largiebantur:
1242 925 1306 944 nam
1331 925 1487 952 regressum
1515 917 1569 944 illis
1581 916 1614 944 ad
1634 916 1717 943 ccelc—

921 968 991 991 stem
1011 964 1123 999 gloriam
1139 963 1304 999 patefactum
1333 964 1366 990 iri
1388 963 1535 996 docebant,
1555 962 1628 989 unde
1652 962 1717 989 olim

922 1010 1091 1037 exciderant.
1122 1010 1176 1037 Sed
1203 1018 1255 1037 nec
1278 1017 1393 1044 corpora
1409 1017 1471 1037 cum
1496 1009 1553 1036 suis
1574 1008 1718 1037 animabus

921 1057 1067 1091 conjuncta
1082 1061 1268 1084 resurrectura
1288 1057 1426 1091 ﬁngebant
1436 1075 1443 1087 .
1456 1056 1504 1083 sed
1517 1055 1604 1082 nudas
1614 1055 1718 1082 animas

922 1103 982 1129 sine
999 1103 1170 1137 corporibus.
1187 1102 1287 1130 Nescio
1303 1111 1384 1137 quam
1401 1110 1458 1129 rem
1478 1102 1582 1129 interea
1606 1101 1720 1129 commi—

922 1148 1062 1175 niscentes
1081 1149 1323 1180 resurrectionem,
1348 1148 1483 1182 siquidem
1502 1147 1667 1175 resurrectio
1687 1147 1719 1173 il-

923 1193 977 1221 lius
1001 1198 1043 1220 est
1067 1194 1140 1228 quod
1162 1193 1320 1221 conciderat
1336 1198 1364 1220 et
1383 1193 1561 1226 moriebatur,
1583 1201 1638 1220 non
1660 1192 1719 1227 ejus

923 1240 995 1275 quod
1010 1241 1109 1276 iugiter
1128 1240 1297 1268 consistebat
1310 1245 1337 1267 ct
1352 1239 1560 1274 incorruptibile
1576 1246 1720 1274 permane-

923 1286 980 1319 bat,
1002 1287 1156 1322 cujusmodi
1176 1286 1274 1313 anima:
1295 1291 1383 1313 status
1397 1291 1449 1318 est,
1464 1293 1515 1313 nec
1534 1284 1721 1320 intelligebant

924 1332 1016 1359 miseri
1041 1338 1089 1360 aut
1116 1332 1325 1365 reverebantur,
1355 1340 1437 1367 quam
1466 1340 1562 1367 magna
1588 1330 1720 1366 injustitia

922 1378 1027 1413 justum
1053 1378 1160 1405 interea
1176 1377 1302 1405 Judicem
1323 1378 1484 1405 onerabant.
1499 1376 1566 1404 Nam
1585 1376 1721 1412 quomodo

924 1432 980 1451 non
1009 1429 1106 1451 contra
1126 1424 1204 1451 illum
1228 1424 1376 1459 perhibent
1403 1424 1437 1451 de
1459 1431 1565 1451 summa
1589 1423 1722 1458 injustitia

925 1470 1128 1502 testimonium,
1144 1470 1190 1504 qui
1214 1470 1375 1505 blaspheme
1391 1470 1578 1505 pronuntiant,
1606 1477 1721 1504 corpota

926 1515 970 1543 illa
981 1523 1042 1550 quae
1060 1524 1112 1543 una
1127 1524 1188 1543 cum
1206 1516 1350 1543 animabus
1364 1516 1391 1543 in
1406 1516 1495 1543 stadio
1507 1515 1616 1544 virtutis
1629 1516 1723 1543 decer-

85 1567 228 1595 tavcrant,
257 1563 375 1598 pnemiis
406 1563 512 1590 illorum
540 1563 663 1591 laborum
691 1564 882 1591 communibus
912 1564 1067 1599 privanda:
1087 1569 1134 1591 aut
1159 1569 1188 1592 ut
1210 1572 1270 1599 qua:
1295 1572 1350 1591 una
1376 1569 1569 1599 peccaverant,
1593 1564 1627 1591 ab
1647 1564 1723 1591 omni

84 1615 160 1637 reatu
174 1615 201 1638 et
231 1618 310 1644 poma
333 1618 382 1646 pro
417 1611 524 1639 actibus
547 1611 737 1643 solverentur;
765 1611 863 1639 animae
892 1617 982 1640 autem
1009 1612 1073 1639 sola:
1094 1616 1121 1639 et
1140 1612 1267 1640 solitariae
1281 1620 1312 1640 ac
1325 1617 1438 1640 semota:
1453 1620 1468 1639 a
1485 1612 1645 1646 corporibus
1669 1620 1725 1640 una

83 1657 270 1692 operantibus,
283 1658 327 1685 vel
335 1657 437 1692 duplici
458 1666 549 1694 poena,
561 1659 604 1686 vel
617 1659 752 1694 duplicata
768 1660 905 1693 mercede,
920 1660 1128 1687 retributionem
1139 1660 1274 1688 haberent
1289 1661 1301 1687 ?

120 1707 169 1736 ις’.
190 1704 227 1730 Οὺ
254 1703 334 1739 μόνον
358 1703 387 1730 δὲ
409 1704 444 1730 τὰ
463 1704 578 1731 τοιαῦτα
602 1703 656 1730 τῶν
680 1704 843 1740 δυσφημιῶν
864 1706 912 1738 ὀρ

83 1750 157 1784 ἱερὸς
175 1745 252 1780 οὗτος
273 1749 329 1776 τῶν
352 1750 479 1783 πατέρων
502 1750 582 1785 χορὸς
607 1750 793 1785 ἀπεκήρυξεν,
809 1750 877 1777 ἀλλὰ

81 1795 131 1821 καὶ
147 1795 216 1830 πρός
225 1802 257 1828 γε
275 1793 380 1825 τούτοις
392 1795 447 1830 (22)
460 1795 500 1830 (οὐ
513 1794 602 1830 πολλῴ
612 1795 767 1830 ἓμπροοθεν
779 1796 879 1831 χρόνῳ)

81 1841 194 1868 καθεῖλε
209 1840 258 1867 καὶ
277 1840 473 1875 ἀνεθεμάτισεν
493 1840 626 1875 Ἀνθιμόν
651 1849 681 1867 τε
703 1841 748 1868 τὸν
768 1841 879 1877 Τραπε-

81 1887 223 1920 ζούντιον,
241 1887 273 1913 τὸ
289 1886 427 1921 Εὐτυχοῦς
450 1887 641 1914 ὑποθάλποντα
668 1887 811 1923 φρόνημα,
833 1889 879 1914 καὶ

78 1934 219 1968 Σεόῆρον,
235 1933 339 1968 Πέτρον
354 1941 383 1959 τε
398 1933 444 1959 τὸν
462 1932 509 1959 ἀπ’
530 1933 642 1968 Ἀμείας
658 1937 681 1966 ο,
699 1934 747 1960 καὶ
758 1934 877 1968 Ζωορᾶν,

78 1981 130 2008 καὶ
155 1981 250 2007 πᾶσαν
272 1980 321 2014 τὴν
346 1979 469 2015 πονηρὰν
489 1980 599 2015 ἐκείνην
624 1980 671 2007 καὶ
693 1981 879 2015 πολυκέφαλον

76 2027 240 2062 διασπορὰν
257 2027 305 2053 καὶ
320 2027 487 2062 συμμορίαν·
510 2027 666 2062 ’Λγοιπητοῢ
684 2028 733 2063 μὲν
751 2029 879 2064 μάλιστα,

74 2073 128 2100 τοῦ
151 2073 265 2108 Ῥώμης
276 2094 282 2104 ,
298 2073 347 2108 τῆς
362 2072 477 2107 εὐαγοῦς
489 2074 727 2109 προκατάρξαντος
744 2075 879 2110 πράξεωςο

76 2118 246 2153 συμψήφων
261 2118 290 2145 δὲ
309 2119 358 2145 καὶ
373 2119 513 2154 συνεργῶν
537 2120 731 2154 ἀναφανέντων
754 2121 809 2148 τῶν
829 2131 880 2148 πε-

73 2164 239 2200 ριωνύμων
252 2164 413 2199 ἀρχιερέων·
430 2161 468 2191 ὧν
482 2166 496 2191 ὁ
511 2166 559 2200 μὲν
576 2166 746 2201 Εὑφραίμιος
764 2168 789 2201 (ὁ
807 2167 880 2193 κλει-

71 2213 124 2244 νὸς
143 2211 200 2246 τῆς
227 2211 364 2245 Ἀντιόχου
388 2211 415 2237 δὲ
436 2207 545 2245 οὗτος),
561 2211 616 2238 τῶν
636 2212 830 2248 Ἰεροσολύμων
853 2214 881 2240 δὲ

71 2258 192 2293 Πέτρος
216 2258 231 2283 ὁ
256 2257 327 2292 ἱερὸς
348 2257 541 2292 ἐπετρόπευεν.
558 2257 676 2289 Τούτους
697 2257 744 2285 οὖν
757 2260 882 2291 ἅπαντας

68 2304 106 2330 τὸ
125 2303 210 2330 θεῖον
227 2302 282 2329 τῶν
300 2303 453 2338 ἀρχιερέων
473 2303 663 2339 συνάθροισμα
681 2304 882 2339 ὲκκηρὺξαντές

67 2358 103 2375 τε
123 2349 179 2375 καὶ
199 2348 417 2383 ἀποὸαλλόμενοι
429 2368 436 2380 ,
453 2349 488 2375 τὰ
503 2348 610 2383 ἀπλανῆ
631 2350 678 2376 καὶ
695 2350 754 2376 θεῖα
767 2351 817 2385 τῆς
831 2360 881 2378 κα-

965 1705 1010 1732 16.
1031 1705 1126 1740 Neque
1146 1705 1298 1733 istiusmodi
1312 1712 1400 1732 solum
1412 1705 1600 1739 blasphemias
1614 1711 1724 1733 sanctus

929 1750 974 1777 ille
987 1751 1099 1778 Patrum
1110 1751 1219 1778 illorum
1230 1759 1377 1778 consessus
1398 1751 1570 1786 proscripsit,
1585 1751 1632 1778 scd
1644 1756 1672 1778 et
1685 1752 1727 1778 in-

929 1805 1012 1832 super
1027 1798 1094 1825 sede
1113 1805 1162 1824 sua
1179 1798 1305 1832 deposuit
1322 1802 1348 1824 et
1361 1798 1603 1824 anathematizavit
1627 1798 1727 1824 Ambi-

929 1851 1015 1876 mum,
1029 1844 1076 1878 qui
1094 1851 1149 1870 non
1164 1843 1201 1870 ita
1214 1848 1271 1870 tum
1290 1843 1394 1878 pridem
1411 1843 1655 1878 Trapezuntiorum
1671 1844 1729 1878 epi—

930 1897 1029 1924 scopus
1051 1888 1151 1921 fuerat,
1167 1889 1213 1924 qui
1230 1893 1311 1917 tacite
1321 1890 1392 1924 apud
1404 1890 1524 1916 animum
1541 1889 1651 1917 fovebat
1673 1889 1728 1916 Eu-

930 1934 1046 1969 tychetis
1061 1934 1238 1967 sententiam,
1251 1939 1279 1962 et
1293 1942 1346 1961 una
1366 1942 1427 1962 cum
1443 1934 1499 1967 illo,
1517 1934 1659 1966 Severum,
1677 1933 1729 1961 Pe—

931 1985 1003 2007 trum
1028 1981 1155 2015 Apameae
1168 1981 1347 2016 episcopum,
1371 1981 1495 2014 Zooran,
1519 1985 1548 2008 ct
1572 1981 1728 2008 universam

930 2026 1004 2053 illam
1025 2026 1148 2061 impiam,
1164 2027 1367 2062 multicipitem,
1384 2028 1535 2062 dispersam
1549 2028 1623 2055 varie
1643 2028 1730 2055 socie-

931 2078 1025 2100 tatem.
1046 2074 1187 2109 Principes
1203 2075 1229 2101 in
1246 2074 1298 2102 hoc
1313 2075 1422 2110 negotio
1436 2079 1532 2102 sancto
1554 2080 1646 2110 patres
1662 2076 1732 2110 Aga-

931 2125 1010 2155 pctus
1043 2120 1136 2148 Romae
1171 2120 1316 2155 episcopus
1350 2121 1474 2154 obibat;
1512 2121 1730 2156 conspirantibus

932 2171 1023 2193 autem
1036 2171 1064 2193 et
1077 2166 1239 2201 coniunctas
1253 2174 1350 2201 operas
1367 2166 1572 2194 conferentibus
1585 2166 1732 2193 celeberri-

933 2212 984 2239 mis
999 2212 1053 2239 illis
1082 2213 1229 2240 antedictis
1257 2212 1533 2240 archisacerdotibus.
1561 2211 1588 2238 In
1614 2219 1729 2246 quorum

933 2258 997 2285 dein
1012 2266 1128 2286 numero
1145 2259 1331 2286 censebantur
1343 2258 1535 2293 Euphraimius
1549 2257 1666 2293 inclytus
1673 2258 1731 2284 An-

933 2304 1052 2336 tiochim,
1064 2309 1091 2331 et
1106 2309 1217 2332 sanctus
1230 2304 1326 2331 Petrus
1335 2304 1585 2339 Hierosolymorum
1597 2303 1729 2338 episcopi.

935 2350 1051 2377 Sanctus
1076 2351 1190 2378 istorum
1220 2350 1471 2377 archisacerdotum
1493 2356 1643 2376 concessus
1669 2348 1730 2375 illos

69 2395 204 2430 θολικῆς
218 2395 265 2421 καὶ
288 2394 472 2430 ἁποστολικῆς
493 2395 656 2431 Ἐκκλησίας
678 2396 830 2431 ἐκράτυνάν
852 2406 871 2424 τη

936 2404 1018 2431 supra
1042 2404 1138 2425 omnes
1162 2397 1265 2432 ejectos
1284 2405 1317 2423 cx
1338 2395 1459 2423 Ecclesia
1477 2394 1625 2430 publicavit
1641 2404 1648 2421 :
1665 2394 1731 2422 dum

748 2473 866 2502 VARle
887 2474 1090 2503 LECTIONES.

112 2536 130 2550 η
149 2530 286 2566 ληροῦσι.
327 2535 339 2549 ⁰
358 2530 521 2567 Ἀπαμείας.

874 2608 992 2638 ΝΟΤΛΕ.

106 2681 182 2718 (2‘2)
209 2679 304 2707 Ἀλλὰ
317 2676 444 2718 ξιαὶξπρό
457 2688 491 2718 τε
507 2680 630 2707 τούτων.
647 2679 743 2718 Recte,
759 2680 782 2707 si
798 2680 887 2718 inclu-

55 2714 192 2746 dantur
217 2714 386 2751 parenthesi.
408 2715 492 2751 Paulo
516 2719 579 2751 post
594 2723 695 2751 repone
723 2715 886 2751 Ἀπαμείας.

54 2754 148 2781 Nam
166 2749 293 2778 divinlsio
305 2749 482 2784 exscriptoris
494 2749 524 2777 et
534 2750 581 2777 ἀπ’
601 2750 716 2784 Ἀμείας
730 2749 821 2785 inepta
833 2756 886 2778 est.

52 2789 103 2816 At
125 2787 196 2822 πρό
215 2795 247 2821 γε
267 2786 380 2817 τούτων,
397 2785 530 2822 quodait,
547 2793 602 2822 non
618 2790 658 2813 est
684 2793 778 2822 verum
794 2787 827 2813 de
842 2787 888 2814 illa

52 2819 210 2858 synodo.
222 2819 338 2858 'rnedum
363 2819 524 2858 de’Vigilio».
543 2819 715 2858 _l§am,»quod
730 2821 844 2858 habetur
859 2822 887 2849 in

50 2855 291 2894 sequentibus,
307 2856 458 2892 Agapctus.
474 2856 520 2891 qui
541 2855 686 2884 Silvcrium
704 2857 886 2892 pranicccsso—

939 2689 997 2708 rem
1016 2681 1281 2718 Vigilﬁiantecessit,
1297 2680 1459 2708 Anthimum
1476 2680 1657 2718 Trapezpntis
1671 2680 1732 2718 epi-

939 2716 1065 2751 scopum}
1084 2716 1226 2743 Theodora
1242 2716 1365 2752 Augusta
1384 2720 1559 2751 procurante,
1574 2716 1732 2752 Constanti-

939 2753 1051 2786 nopolin
1066 2752 1241 2784 translatum,
1260 2757 1287 2779 et
1304 2752 1479 2784 lizereticum,
1502 2755 1579 2778 extra
1597 2751 1729 2786 synodum

939 2785 1063 2821 quintam
1089 2787 1286 2814 (ecumenicam
1309 2787 1444 2820 deposuit,
1459 2794 1520 2813 cum
1537 2785 1571 2813 ad
1591 2785 1730 2813 Justinia-

939 2830 1005 2849 num
1023 2824 1142 2858 Augusta
1156 2831 1170 2848 a
1187 2822 1328 2850 'l‘beodato
1341 2822 1492 2851 Gothorum
1507 2829 1586 2857 rege,
1602 2826 1630 2849 et
1644 2821 1730 2850 Italia:

940 2857 1052 2886 domino
1062 2857 1075 2891 ,⁷
1087 2858 1270 2893 ablcgaretur.
