1940 3087
125 97 179 128 649

122 153 182 180 οὐδὲ
197 151 293 187 νεκρὸν
313 150 482 185 ἀναστῆσαι,
501 149 549 177 καὶ
563 147 692 184 δακρύειν
714 149 761 175 ἐπὶ
782 149 911 184 τελευτή-
927 154 950 181 Α

123 207 210 226 σαντι.
227 197 265 224 οὐ
283 196 337 232 μὴν
347 195 408 223 οὐδὲ
419 196 469 231 τῆς
480 195 565 230 αὐτῆς
578 195 636 220 ἐστι
648 193 796 229 θελήσεως,
810 195 911 230 παρελ-

124 245 178 272 θεῖν
196 243 332 271 αἰτεῖσθαι
356 242 387 269 τὺ
403 242 532 277 ποτήριον
552 239 600 267 τοῦ
621 239 738 267 θανάτου
751 259 759 272 ,
776 240 913 274 καὶδόξαν

123 288 197 323 αὑτῷ
214 293 225 307 ι’
250 287 344 314 καλεῖν
366 286 459 318 πάλιν,
480 285 529 313 καὶ
550 285 693 321 βούλεσθαι
716 285 748 311 τὸ
770 284 912 321 άθέλητον.

130 334 210 361 Ἀλλὰ
234 334 293 365 πῶς
315 333 376 368 οὐχὶ
400 332 564 368 συνῄσθοντο
588 331 632 358 διὰ
649 331 770 366 [τούτων.
792 331 841 358 καὶ
859 332 915 358 τῶν

125 381 232 415 φύσεων
248 380 297 415 τὴν
313 379 446 415 διαφορὰν
466 378 677 414 ὲξαρνούμενοι;
700 378 776 405 πᾶσα
795 377 850 413 γὰρ
863 378 914 411 φύ-

126 436 167 459 σις
188 427 265 462 πηγὴ
281 425 438 460 ἐνεργείας,
462 425 510 452 καὶ
523 425 584 456 ταῖς
600 423 740 458 διαφόροις
754 423 915 458 ιὲνεργείαις

125 473 154 500 αἱ
162 472 277 507 φυσικαὶ
285 472 409 507 Θελήσεις
420 469 663 506 συνδιασχίζονται.
673 470 730 496 Καὶ
740 470 776 501 εί,
788 469 859 496 κατὰ
867 468 916 505 τὴν

125 519 154 545 ἐν
166 518 257 550 αὐτοῖς
273 516 390 551 πλάνην,
406 516 423 549 ἡ
436 515 562 549 ἐνέργεια
576 514 623 541 καὶ
639 514 655 549 ὴ
670 513 779 548 θέλησις
793 513 853 549 μία,
870 514 917 540 καὶ

126 563 231 599 ἡφύσις
242 561 390 594 πάντωςιὲξ
401 558 436 597 ἦς
449 560 546 591 ταῦτα,
561 560 621 594 μία.
637 559 706 586 Εἰδὲ
720 559 767 586 δύο
780 560 808 586 αἱ
822 559 917 594 φύσεις

126 609 213 646 (οὔπω
231 608 286 645 γὰρ
303 610 343 640 είς
366 608 446 635 τοῦτο
469 607 569 642 μανίας
592 606 751 640 ἐξώκειλαν,
771 606 801 632 ὲν
817 606 918 641 ὀφθαλ-

127 657 187 692 μοῖς
212 655 320 690 ἔχοντες
335 654 385 690 τὴν
410 653 560 689 διασπορὰν
584 653 638 679 τῶν
654 652 848 688 ωταρξάντων
870 651 918 678 καὶ

127 702 298 736 ἀπώλειαν),
313 701 372 733 πῶς
389 701 451 736 οὐχὶ
468 700 588 736 ἑκατέρα
608 700 729 735 πηγάσει
748 700 797 734 τὴν
813 700 918 726 οἰκείαν

127 748 267 783 ἐνέργειαν
284 747 332 774 καὶ
353 748 403 782 τὴν
418 746 527 782 θέλησιν
539 754 547 779 ;
558 745 631 772 Ἀλλ’
645 742 718 772 οὗτοι
735 745 784 781 μὲν
804 745 854 780 τῆς
869 745 921 772 αὺ-

126 794 180 821 τῶν
195 795 243 821 καὶ
259 794 402 828 δυσφήμου
418 793 497 828 δόξης
518 792 596 819 οὐδὲν
616 791 847 827 προτιμήσαντες,
869 791 919 818 σὺν

127 841 195 876 αὐτῇ
210 841 312 876 ἐκείνῃ,
329 839 368 875 τῷ
381 839 484 874 αίωνίῳ
499 838 736 873 κατεδικάσθησαν
752 837 917 872 ἀναθέματι.
936 831 957 859 Β

127 881 179 913 Δύο
192 887 221 913 δὲ
236 886 362 922 θελήσεις
385 885 502 919 φυσικὰς
520 885 568 911 καὶ
582 883 628 911 δύο
644 883 785 919 ἐνεργείας
800 884 848 910 ὲπὶ
871 882 917 909 τοῦ

127 933 186 965 ἐνὸς
211 931 330 969 Χριστοῦ
350 931 398 958 τοῦ
427 930 495 957 Θεοῦ
521 930 609 966 ήμῶν,
637 929 692 956 τῶν
708 929 845 965 θεοφόρων
862 929 919 955 Πα-

127 981 214 1015 τέρων
229 978 407 1013 ίερολογήσας
421 978 436 1003 ὸ
450 977 591 1010 σύλλογος,
602 976 662 1008 ταῖς
678 974 836 1010 ἁπανταχοῦ
858 974 920 1001 Ἐκ-

128 1025 254 1062 κλησίαις
267 1025 298 1051 τὺ
311 1024 421 1051 διπλοῦν
433 1024 575 1059 ὁμολογεῖν
590 1023 638 1049 καὶ
651 1022 811 1058 κηρύσσειν,
825 1020 920 1056 ὥσπερ

128 1072 182 1100 τῶν
201 1071 320 1106 φύσεων,
335 1069 407 1096 οὕτω
420 1069 534 1096 καὶτῶν
548 1068 694 1103 ἐνεργειῶν
708 1067 756 1095 καὶ
772 1067 919 1102 θελήσεων,

130 1117 278 1154 ὀρθοδόξως
305 1114 525 1150 παραδεδώκασι.
556 1115 762 1145 Κωνσταντῖνος
787 1113 816 1140 δὲ
845 1121 921 1148 τηνι-

130 1164 220 1192 καῦτα
232 1183 239 1196 ,
255 1164 270 1190 ὁ
285 1163 418 1196 ἀπόγονος
437 1161 617 1198 Ἡρακλείου,
631 1161 677 1187 τὸν
695 1159 858 1196 προγονικὸν
871 1159 921 1194 τῆς

132 1211 271 1247 βασιλείας
303 1208 405 1243 κλῆρον
427 1207 613 1242 ἐχρημάτιζεν
634 1206 856 1242 ἀναδεδεγμένος.
881 1205 923 1232 Τά

131 1266 161 1284 τε
177 1256 246 1284 ἄλλα
260 1254 445 1290 συμπράττων
460 1254 494 1288 τῇ
512 1253 630 1288 συνόδῳ,
655 1253 703 1279 καὶ
721 1252 753 1279 τὸ
775 1251 854 1288 όρθδν
872 1253 923 1286 τῆς

137 1303 302 1338 Ἐκκλησίας
317 1300 446 1336 φρόνημα
465 1299 635 1335 πρεσὸεύων.
662 1299 738 1326 «Ἀλλ’
764 1299 792 1326 ὲν
817 1298 923 1330 τούτοις

133 1351 183 1388 μὲν
198 1350 246 1378 καὶ
263 1350 279 1385 ὴ
293 1349 371 1384 ἕκτη.

170 1401 216 1433 ιη’.
238 1397 271 1424 Ἦ
286 1397 309 1423 δ’
329 1396 395 1431 άγία
415 1396 462 1423 καὶ
477 1393 656 1430 οἱκουμενικὴ
676 1393 778 1429 ἑὸδόμη
801 1391 923 1424 σύνοδος,

133 1444 251 1472 Νικαίαν
269 1443 329 1478 μὲν.
352 1444 400 1477 τῆς
426 1440 547 1468 Βιθυνῶν
572 1438 739 1476 μητρόπολιν
761 1437 855 1470 οὖσαν,
877 1436 926 1463 καὶ

133 1489 188 1516 τῶν
202 1488 291 1524 ὀρθῶν
307 1487 472 1522 δογματικὸν
481 1486 656 1521 δικαστήριον
670 1484 754 1512 πάλαι
770 1483 924 1518 γεγονυῖαν,

136 1537 181 1562 καὶ
194 1535 263 1570 αὐτὴ
274 1534 330 1569 (24)
346 1533 395 1568 τῆς
407 1533 548 1564 εὐσεϐείας
559 1532 703 1568 κριτήριον
715 1529 815 1562 ἔδειξεν
828 1549 836 1563 ,
855 1528 926 1555 ἑπτὰ

137 1581 187 1616 μὲν
199 1581 247 1608 καὶ
260 1580 394 1615 ἐξήκοντα
418 1579 467 1606 καὶ
485 1578 650 1615 τριακοσίων
672 1575 754 1612 ἱερῶν
767 1575 874 1611 ἀνδρῶν
888 1573 927 1609 τῷ

137 1627 233 1662 πλήθει
255 1626 446 1662 πλατυνομὲνη
456 1644 466 1659 ,
480 1625 645 1661 ταξιάρχους
660 1623 689 1650 δὲ
702 1622 749 1650 καὶ
765 1621 927 1658 πρωτοστὰ-

134 1682 185 1706 τας
207 1673 257 1708 τῆς
282 1673 359 1709 ἱερᾶς
378 1672 468 1699 αὐτῶν
488 1671 536 1698 καὶ
554 1670 676 1705 μεγάλης
699 1668 841 1704 φάλαγγος
860 1675 928 1702 προ-

137 1720 289 1755 δαλλομένη
298 1738 306 1750 ,
324 1719 462 1753 Ταράσιόν
476 1727 506 1744 τε
518 1717 564 1744 τὸν
576 1718 605 1743 ὲν
617 1715 777 1752 ἀρχιερεῦσι
794 1713 862 1740 Θεοῦ
878 1721 928 1740 πε-

138 1766 264 1802 ριὸόητον
280 1765 373 1801 (θεῖος
388 1762 466 1796 οὗτος
483 1764 531 1791 καὶ
543 1763 710 1797 πανάριστος
720 1761 802 1796 ἀνὴρ,
819 1760 866 1787 καὶ
880 1759 930 1794 τῆς

138 1812 272 1848 βασιλίδος
285 1811 389 1842 πόλεως
404 1811 467 1842 τοὺς
484 1809 656 1846 ίεραρχικοὺς
674 1808 781 1840 οἴακας,
794 1807 874 1840 εἴπερ
888 1813 929 1836 τις

137 1858 229 1890 ἄλλος,
245 1857 388 1893 περιάγειν
400 1856 498 1890 ἄξιος).
510 1855 558 1882 καὶ¹
567 1855 600 1889 δὴ
613 1854 661 1881 καὶ
674 1854 778 1888 Πέτρον
792 1852 838 1879 τὸν
852 1850 932 1878 εὐλα-

138 1904 281 1935 6ἐστατον,
293 1901 573 1939 πρωτοπρεσὸὐτερον
583 1901 633 1935 τῆς
645 1898 717 1926 κατὰ.
731 1898 840 1933 Ῥώμην
850 1896 932 1931 ἁγίας

144 1948 326 1984 Ἐκκλησὶας,
353 1947 400 1973 καὶ
426 1947 529 1980 Πέτρον
556 1944 647 1977 ἄλλον,
674 1943 860 1979 πρεσὸύτερον
884 1942 932 1968 καὶ

138 1994 231 2026 αὐτὸν,
257 1993 369 2028 καὶτῆς
391 1993 482 2019 ἐκεῖσε
506 1991 590 2026 μονῆς
615 1989 767 2026 ἡγούμενον
788 1989 836 2015 τοῦ
853 1987 932 2022 ἁγίου

138 2041 242 2068 Σάϐϐα·
258 2041 284 2067 οἳ
304 2040 355 2075 τῆς
379 2038 562 2072 ὰποστολικῆς
585 2036 722 2072 καθέδρας
741 2034 935 2071 διεκληροῦντο

139 2088 184 2114 τὸν
197 2088 291 2119 τόπον,
311 2085 452 2122 Ἀδριανοῦ
466 2085 529 2112 τότε
543 2084 575 2111 τὺ
590 2082 783 2119 άρχιερατικὸν
800 2080 935 2116 κοσμοῦν-

140 2141 186 2164 τος
201 2132 321 2167 ἀξίωμα.
339 2132 414 2166 Ἅμα
427 2131 457 2157 δὲ
472 2130 590 2162 τούτοις,
613 2129 740 2166 Ἰωάννην
760 2128 807 2154 καὶ
821 2127 933 2162 Θωμᾶν,

938 1508 961 1540 C

705 92 976 124 EPISTOLARUM
994 92 1110 123 LIBER
1126 93 1151 123 Ι.

964 149 1106 185 deprecari
1135 153 1164 177 ut
1177 153 1299 177 transeat
1316 151 1412 178 mortis
1427 151 1566 186 poculum,
1590 156 1618 180 et
1632 154 1756 181 eamdem

964 203 1061 223 rursus
1079 195 1304 230 gloriﬁcationem
1326 195 1427 229 dicere,
1447 201 1528 231 atque
1544 197 1582 225 ita
1607 198 1677 225 velle
1702 207 1756 226 non

963 243 1087 270 volitum.
1102 243 1154 276 Qui
1171 243 1227 270 fieri
1241 244 1330 279 potuit
1342 248 1372 272 ut
1380 253 1435 272 non
1451 245 1622 281 perciperent
1636 254 1666 274 se
1677 252 1759 275 natu—

965 296 1057 315 rarum
1078 288 1184 320 tollere.
1201 288 1242 315 his
1258 289 1382 322 sublatis,
1399 290 1600 318 dilferentiam?
1615 292 1662 319 Est
1685 293 1760 321 enim

965 333 1133 368 operationis
1151 333 1340 368 cujuscunque
1358 334 1429 368 fons,
1450 341 1546 363 natura
1558 345 1564 363 :
1578 341 1605 364 et
1620 337 1697 372 juxta
1719 337 1760 364 di-

966 386 1060 406 versas
1082 379 1223 406 naturales
1245 380 1421 414 operationes
1439 382 1593 410 voluntates
1620 383 1760 411 naturales

968 424 1176 460 dispertiuntur.
1186 425 1264 458 Quod
1281 425 1314 457 si,
1332 427 1483 454 secundum
1506 427 1613 455 illorum
1631 428 1758 461 haeresin,

968 470 1092 505 operatio
1111 471 1192 498 unica
1208 471 1243 498 sit
1255 475 1283 498 et
1299 471 1434 513 voluntas,
1450 477 1523 500 certe
1537 477 1565 500 et
1577 478 1675 501 natura
1693 481 1761 509 quo-

967 524 1020 551 que
1036 517 1115 544 unica
1125 517 1207 545 fuerit
1215 518 1372 544 necessario
1383 518 1454 545 unde
1465 518 1516 546 illae
1527 519 1662 547 oriuntur.
1682 519 1762 553 Quod

969 561 991 588 si
1005 561 1132 589 dederint
1155 566 1268 589 naturas
1284 562 1352 590 duas
1368 565 1467 598 (neque
1483 564 1556 591 enim
1582 563 1634 591 hoc
1650 564 1763 592 insaniae

969 612 1129 642 eruperunt,
1149 612 1243 643 utpote
1264 608 1397 636 habentes
1420 614 1484 637 ante
1508 610 1601 637 oculos
1616 610 1763 645 dispersio-

968 661 1032 680 nem
1047 658 1075 680 et
1088 653 1268 688 perditionem
1293 662 1388 682 eorum
1412 655 1458 690 qui
1475 654 1509 682 ita
1527 655 1645 683 docuere
1661 656 1763 692 primi),

969 699 1106 734 quomodo
1118 707 1174 726 non
1190 704 1303 734 utraque
1314 704 1411 727 natura
1425 702 1563 735 propriam
1579 701 1685 729 emittet
1698 710 1765 736 ope-

970 746 1104 773 rationem
1130 750 1157 774 et
1168 746 1468 774 voluntatem?Verum
1500 748 1564 774 dum
1591 755 1669 775 suam
1701 756 1767 783 pro-

970 792 1057 827 priam
1069 796 1097 819 et
1111 792 1297 827 blasphemam
1315 792 1478 820 sententiam
1492 794 1566 820 omni
1575 793 1658 820 modo
1669 794 1767 828 pncl'e-

971 843 1046 869 runt,
1060 838 1343 865 anathemateteterno
1358 838 1584 866 condemnamur.
1601 838 1672 866 Duas
1687 846 1768 873 porro

969 884 1134 917 voluntates,
1147 884 1215 911 duas
1246 884 1420 918 operationes
1446 884 1475 911 in
1494 892 1549 912 uno
1572 884 1682 913 Christo
1712 885 1766 912 Deo

970 934 1076 963 nostro,
1093 930 1160 957 dum
1174 936 1285 958 sanctus
1305 930 1461 958 divinorum
1481 929 1592 958 Patrum
1607 936 1695 959 canus
1711 935 1768 959 sta-

971 976 1034 1008 tuit.
1051 976 1142 1013 ubivis
1168 979 1302 1005 terrarum
1318 977 1415 1012 positis
1432 976 1561 1005 Ecclesiis
1586 978 1766 1006 orthodoxam

970 1022 1171 1050 confessionem
1188 1027 1216 1050 et
1230 1024 1450 1058 praedicationem
1466 1024 1581 1051 duarum
1598 1032 1659 1051 cum
1673 1024 1770 1051 volun-

971 1072 1057 1095 tatum
1079 1073 1136 1096 tum
1159 1070 1349 1103 operationum
1373 1070 1518 1098 tradidere.
1536 1070 1601 1098 Erat
1626 1076 1717 1099 autem
1736 1079 1770 1099 eo

971 1117 1096 1150 tempore
1123 1114 1322 1144 Constantinus
1347 1115 1466 1143 lleraclii
1491 1117 1583 1151 proles
1607 1125 1669 1145 cum
1695 1118 1771 1153 regia

972 1160 1106 1195 majorum
1122 1165 1196 1189 sorte
1210 1162 1376 1190 constitutus
1396 1171 1402 1190 :
1421 1163 1467 1198 qui
1481 1168 1510 1190 et
1535 1171 1613 1191 suam
1628 1165 1694 1192 alias
1710 1172 1772 1200 ope-

973 1214 1030 1233 ram
1046 1207 1150 1242 synodo
1164 1208 1290 1241 contulit,
1309 1213 1336 1236 et
1359 1209 1541 1237 orthodoxam
1556 1210 1684 1238 Ecclesia:
1707 1219 1771 1238 sen-

977 1253 1091 1280 tentiam
1111 1253 1251 1284 tuebatur.
1266 1255 1355 1290 Atque
1374 1255 1411 1283 ita
1424 1259 1500 1283 sexta
1516 1256 1636 1292 synodus
1653 1256 1714 1284 fuit.

1012 1386 1056 1414 18.
1073 1386 1172 1414 Sancta
1190 1387 1351 1415 universalis
1363 1387 1478 1423 septima
1497 1388 1617 1423 synodus
1631 1392 1770 1424 metropo-

978 1435 1016 1462 lin
1034 1434 1167 1470 Bithyniae
1188 1434 1324 1468 Nicaeam,
1338 1435 1402 1462 olim
1418 1435 1484 1463 illud
1503 1435 1624 1463 tribunal
1643 1443 1772 1463 sanorum

978 1480 1146 1516 dogmatum,
1156 1484 1183 1507 et
1197 1488 1271 1508 nunc
1281 1480 1391 1508 demum
1409 1481 1504 1516 pietati
1515 1481 1669 1517 iudicandae
1682 1482 1771 1510 desti-

977 1527 1062 1554 navit.
1075 1527 1241 1561 lmplcbatur
1262 1534 1345 1561 porro
1355 1527 1474 1562 synodus
1491 1535 1606 1555 numero
1615 1532 1655 1555 ter
1662 1532 1772 1556 centum

978 1573 1119 1608 sexaginta
1140 1578 1246 1608 septem
1269 1573 1409 1606 virorum,
1427 1581 1544 1609 quorum
1563 1574 1644 1609 primi
1665 1574 1774 1602 fuerant

977 1620 1106 1647 ductores
1135 1624 1163 1647 et
1189 1624 1370 1648 sacrosancta:
1395 1628 1428 1648 ac
1454 1628 1608 1648 numerosae
1633 1621 1774 1656 phalangis

979 1667 1127 1701 principes,
1154 1666 1297 1698 Tarasius.
1315 1667 1388 1695 inter
1408 1668 1453 1695 Dei
1474 1667 1631 1695 sacerdotes
1650 1667 1772 1701 illustris,

979 1711 1089 1739 divinus
1113 1711 1193 1746 plane
1217 1716 1246 1739 et
1270 1712 1390 1747 optimus
1411 1712 1569 1739 omnimodo
1591 1712 1652 1744 vir,
1676 1712 1775 1747 dignus

980 1761 1054 1784 certe
1065 1756 1099 1791 (si
1111 1756 1173 1791 quis
1197 1756 1285 1792 alius)
1303 1756 1349 1791 qui
1367 1756 1448 1792 regiae
1463 1757 1537 1784 urbis
1553 1757 1660 1784 clavum
1675 1757 1776 1792 guber-

980 1808 1060 1831 naret
1072 1811 1080 1836 ;
1094 1803 1192 1831 Petrus
1212 1803 1342 1838 deinceps
1365 1804 1584 1839 archipresbyter
1598 1808 1700 1831 sancta:
1719 1803 1775 1830 llo-

981 1857 1069 1877 manre
1088 1849 1217 1878 Ecclesia:
1241 1849 1382 1884 piissimus
1399 1854 1449 1883 ;et
1468 1849 1565 1877 Petrus
1584 1857 1694 1884 quoque
1708 1850 1778 1877 alter

981 1895 1077 1923 aderat
1092 1895 1148 1930 ipse
1158 1903 1268 1930 quoque
1278 1896 1428 1931 presbyter,
1443 1895 1489 1930 qui
1503 1895 1685 1927 monasterii,
1702 1895 1777 1930 quod

983 1941 1019 1969 ibi
1037 1946 1080 1969 est
1091 1962 1099 1975 ,
1117 1942 1206 1970 sancti
1222 1941 1318 1970 Sabbaa
1337 1941 1482 1977 praefectus
1500 1942 1543 1970 vel
1563 1941 1778 1970 archimandrita

983 1987 1045 2015 fuit.
1074 1987 1121 2015 Isti
1139 1987 1324 2015 sortiebantur
1337 1988 1426 2015 locum
1443 1987 1580 2016 cathedrae
1604 1987 1778 2022 apostolica.

983 2034 1028 2061 cui
1047 2038 1103 2061 tum
1115 2034 1275 2068 dignissime
1289 2039 1407 2069 praeerat
1415 2034 1552 2062 Adrianus
1562 2053 1570 2065 .
1590 2034 1778 2069 archipraesul.

984 2080 1106 2107 Aderant
1125 2089 1179 2108 una
1191 2088 1255 2108 cum
1275 2080 1336 2108 istis
1363 2079 1485 2108 Joannes
1508 2085 1537 2108 et
1560 2080 1698 2112 Thomas,
1726 2079 1780 2107 viri

985 2127 1108 2154 celebres
1137 2126 1165 2154 in
1194 2126 1363 2162 professione
1391 2127 1589 2159 monachatus,
1616 2131 1644 2154 et
1675 2127 1780 2153 honore

141 2178 242 2212 ἄνδρας
259 2176 390 2212 μοναδικῇ
414 2175 539 2210 πολιτείᾳ
558 2174 764 2210 περιωνύμους,
789 2173 837 2200 καὶ
860 2172 925 2208 ίερα·

987 2172 1122 2208 fulgentes
1140 2173 1319 2204 sacerdotali.
1340 2173 1386 2208 qui
1407 2173 1517 2207 quidem
1543 2173 1631 2200 locum
1651 2173 1781 2200 tenebant

141 2225 205 2260 τιτιῇ
220 2225 288 2259 τιμῇ
300 2223 514 2257 διαλάμποντας,
527 2221 574 2248 καὶ
588 2221 638 2255 τῆς
651 2219 814 2255 ἀνατολικῆς
826 2218 936 2253 ἁπάσης

141 2271 302 2306 διοικήσεως
326 2269 380 2296 τῶν
408 2268 597 2295 άποστολικῶν
619 2267 667 2294 καὶ
692 2265 819 2301 μεγάλων
834 2264 938 2300 θρόνων

142 2317 353 2353 τοποτηρητὰς,
381 2316 431 2342 καὶ
459 2314 490 2342 τὺ
528 2314 583 2341 τῶν
614 2313 763 2349 ἀρχιερέων
790 2311 938 2346 προνόμιον

143 2363 275 2398 ἔχοντας·
302 2362 375 2397 λέγω
401 2361 434 2396 δὴ
469 2359 659 2395 Ἀπολιναρίου
683 2367 714 2384 τε
728 2378 735 2391 ,
762 2357 810 2384 καὶ
833 2357 938 2383 Θεοδω-

144 2411 248 2445 ρήτου,
268 2409 315 2436 καὶ
340 2408 428 2435 Ἡλίω
447 2403 486 2434 ὧν
511 2407 526 2433 ό
548 2406 598 2441 μὲν
625 2404 829 2439 ’Δλεξανδρείας
843 2423 850 2434 ,
874 2403 893 2436 ὁ,
910 2402 939 2429 δὲ

151 2456 330 2491 ⁹Δντιιοχείας,
356 2457 405 2482 καὶ
429 2456 444 2481 ὁ
467 2453 560 2485 λοιπὸς
586 2452 615 2479 δὲ
639 2450 845 2487 Ἱεροσολύμων,
865 2449 937 2484 ἱερο-

145 2503 260 2539 πρεπῶς
287 2511 317 2529 τε
348 2503 395 2528 καὶ
421 2500 567 2534 πανσόφως
598 2498 837 2534 προειστήκεισαν.
869 2495 937 2522 Τότε

147 2551 351 2580 Κωνσταντίνος
365 2549 411 2575 καὶ
441 2548 543 2583 Εἰρήνη
555 2567 564 2579 ,
581 2544 734 2581 ὀρθοδοξίας
750 2543 874 2578 στεφάνῳ
890 2550 936 2568 κο-

986 2221 1122 2248 universae
1134 2221 1277 2249 orientalis
1287 2241 1295 2254 ,
1309 2220 1464 2256 apostolica:
1473 2240 1481 2251 ,
1496 2224 1525 2247 et
1534 2227 1638 2255 magna:
1653 2219 1780 2247 dimcesis

986 2270 1014 2293 et
1025 2266 1294 2301 archiepiscoporum
1309 2266 1433 2301 ejusdem
1448 2265 1606 2300 dignitatem
1626 2264 1780 2295 habebant,

987 2308 1138 2344 Apolinarii
1155 2316 1264 2343 nempe,
1297 2308 1462 2336 Theodoreti
1495 2313 1523 2335 ct
1546 2306 1648 2334 Heliae:
1663 2313 1781 2342 quorum

967 2355 1093 2390 .primus
1118 2354 1308 2386 Alexandriae,
1332 2354 1470 2382 secundus
1492 2352 1659 2386 Antiochiae,
1685 2352 1782 2380 tertius

989 2401 1240 2436 Hierosolymorum
1260 2399 1395 2427 Ecclesias
1411 2399 1575 2435 prudenter,
1596 2403 1624 2426 et
1641 2403 1672 2426 ut
1690 2405 1781 2426 sacer-

990 2448 1068 2475 dotes
1080 2447 1210 2478 decebat.
1225 2446 1424 2481 gubernabant.
1447 2445 1484 2472 Eo
1509 2450 1631 2480 tempore
1651 2443 1783 2472 Constan-

992 2495 1064 2521 tinus
1080 2498 1108 2521 et
1130 2493 1222 2526 lrene,
1246 2493 1417 2520 orthodoxiae
1440 2500 1541 2520 corona
1561 2492 1681 2521 redimiti
1694 2511 1702 2525 ,
1726 2491 1784 2518 Ro-

992 2540 1065 2568 mani
1096 2539 1202 2574 imperil
1241 2546 1362 2574 purpura
1393 2539 1591 2567 vestiebantur.
1620 2539 1672 2567 Ista
1701 2545 1784 2573 porro

794 2598 912 2627 VARIE
936 2596 1138 2626 LliC'l'lONES.

186 2670 197 2684 τ
210 2673 254 2700 γρ.
273 2663 350 2690 αὐτό.

904 2715 1021 2743 ΝΟΤΛΕ.

185 2789 240 2823 (2i)
260 2788 353 2821 Αὺτή.
379 2786 485 2821 Nempe
512 2787 636 2821 synodus.
663 2786 715 2814 Sed
739 2785 842 2824 malim,
869 2783 940 2817 αὕτη

148 2822 204 2853 lucc
218 2826 274 2857 ipsa
291 2823 424 2858 synodus;
443 2823 496 2850 nisi
514 2823 607 2849 forsan
623 2826 737 2856 utraque
754 2822 869 2848 lectione
883 2827 940 2846 mc-

288 2873 423 2902 ΡΑτιιοι..
441 2870 500 2901 Gn.
520 2869 586 2901 Cll.

996 2783 1048 2810 lior
1061 2781 1150 2814 αὖθις.
1171 2781 1197 2808 id
1212 2784 1274 2812 ‘est.
1289 2783 1403 2809 secmtdu
1429 2782 1494 2808 eice.
1510 2780 1577 2807 Ibid.
1595 2779 1740 2815 legendum
1759 2779 1786 2806 in

996 2818 1104 2854 plurali,
1121 2817 1298 2849 ἐστολίζοντο.
1315 2817 1379 2844 Nam
1397 2817 1473 2844 Ireue
1489 2814 1692 2851 regnabam-.qu
1707 2814 1786 2843 ιιίιιο.

1549 2864 1586 2894 21
