1940 3087
188 116 241 150 651

762 113 878 144 ΡΗΟΤΙ
881 113 894 143 Ι
913 112 1167 144 PATRIARCHIE
1185 112 1239 143 (ΣΡ.

1762 113 1809 145 652

182 179 278 202 sancta
286 177 314 200 et
329 179 426 208 magna
437 171 559 208 synodus
569 170 712 198 barbaram
727 170 873 205 quamdam
889 170 968 197 haere-

1031 169 1180 206 σμούμενοι
1193 188 1200 202 ,
1227 167 1298 205 [καὶ]
1322 168 1372 204 τὴν
1398 167 1588 204 αὐτοκράτορα
1607 169 1657 204 τῆς
1679 169 1816 205 Ῥωμαίων

183 221 243 252 sin,
260 225 327 247 tune
346 227 434 255 nuper
460 219 494 246 ab
517 218 608 253 impiis
631 222 659 246 et
677 217 798 253 profanis
816 217 975 245 hominibus

183 267 383 298 introductam,
405 265 544 293 communi
560 272 611 292 suo
629 269 657 292 et
680 264 810 292 divinitus
826 264 976 300 gubernato

180 313 311 348 suffragio
345 311 561 344 condemnabat,
584 310 763 346 ejusdemque
797 313 924 338 auctores
948 314 977 337 et

184 362 401 394 propugnatores
416 357 512 385 iisdem
525 357 670 385 sententiis
685 357 829 384 damnatos
850 356 976 391 subiece-

183 409 259 431 runt.
277 403 367 431 Miseri
383 407 475 430 autem
496 403 540 431 isti
555 403 695 431 Christum
711 402 796 431 Deum
812 410 907 431 verum
928 410 976 430 ore

183 457 237 476 non
251 449 311 476 ausi
333 449 377 476 vel
397 449 569 477 confessione
589 457 639 476 sua
657 449 848 484 blasphemare
860 469 868 482 ,
883 448 975 484 operi-

180 495 233 523 bus
247 499 336 522 tamen
350 495 407 523 suis
416 503 524 530 quoquo
537 495 617 523 modo
628 495 799 523 contumeliis
808 494 957 527 affecerunt
965 515 973 526 ,

181 546 209 569 et
224 541 367 569 licentiose
387 541 641 576 blasphemantibus
662 542 735 569 viam
761 541 973 570 adiuvenerunt.

181 587 340 618 lmmediate
356 587 445 622 ipsum
463 587 592 615 insectari
608 587 758 619 conviciis.
777 591 805 614 et
821 586 894 614 nudo
907 594 954 613 ore
965 607 973 621 ,

181 632 241 660 sine
274 633 333 660 velo
361 641 424 660 cum
449 640 504 660 non
533 633 670 665 audeant,
699 632 870 660 voluntatem
895 638 973 659 suam

180 671 290 705 omnem
308 678 506 713 adimplerunt,
523 683 551 705 et
562 677 673 705 Christo
682 677 837 712 oppositam
850 681 975 704 mentem

179 729 209 751 et
223 724 386 751 sententiam
400 731 448 758 per
462 723 646 750 venerandam
656 723 717 758 ejus
729 717 876 758 imaginem
888 721 974 749 deho-

178 774 315 796 nestatain
331 769 564 797 demonstrarunt.
579 769 683 796 idolum
696 768 879 796 venerandam
892 767 974 795 Chri-

181 815 216 842 sti
235 815 380 850 imaginem
401 816 436 850 (o
451 815 535 842 nimis
549 815 680 843 audacem
700 814 791 850 impia:
806 815 906 850 linguae
927 822 972 841 so-

177 868 245 887 num
255 880 262 892 ,
278 865 306 888 et
321 860 410 888 cordis
428 860 564 888 atheistici
584 860 695 888 beatum
705 859 733 895 ι)
749 859 901 895 appellant,
921 866 971 893 per
984 851 1008 881 Β

178 914 260 940 quam
274 905 458 933 idololatricus
474 913 551 933 error
563 906 735 934 eliminatur:
753 905 823 933 hanc
842 904 973 932 conviciis

177 957 206 980 et
218 953 345 981 omnibus
359 953 613 981 dehonestamentis
635 953 763 981 foedatam
779 960 829 988 per
841 952 970 987 compita,

178 999 268 1026 forum
287 1003 315 1026 et
340 998 444 1034 plateas
472 999 588 1035 pedibus
612 999 788 1034 proculcant,
816 998 972 1026 distrahunt

177 1046 269 1078 varie,
285 1046 343 1081 igni
357 1045 469 1074 demum
485 1045 698 1073 comburendam
722 1045 843 1073 tradunt.
857 1044 971 1080 Specta-

176 1091 268 1118 culum
287 1090 449 1118 Christianis
470 1090 684 1126 deplorandum,
713 1090 825 1126 dignum
850 1097 970 1125 pagano-

178 1145 238 1164 rum
265 1137 292 1164 in
313 1137 454 1165 Christum
480 1137 559 1165 odio!
583 1136 731 1164 Talismodl
762 1141 791 1164 et
810 1136 838 1163 in
858 1140 972 1164 caeteras

173 1184 364 1220 jmagunculas
394 1191 486 1212 sacras
517 1183 632 1219 pedibus
662 1183 710 1211 citi
738 1183 771 1211 ad
800 1183 970 1210 fundendum

173 1222 337 1266 sanguinem
361 1230 556 1258 exstiterumt:
578 1237 647 1265 quas
664 1229 792 1257 manibus
815 1229 969 1265 sacrilegis,

177 1277 259 1304 labris
274 1276 395 1312 profanis
410 1276 558 1304 foedarunt.
573 1276 668 1311 Neque
681 1275 808 1304 exsatiari
824 1275 971 1303 voluerunt

177 1322 307 1350 alastores
326 1322 359 1349 ad
381 1322 455 1349 hunc
474 1321 586 1349 modum
612 1321 774 1349 insaniendo
787 1325 816 1348 et
832 1321 968 1349 furiendo.

176 1367 270 1403 Neque
299 1370 374 1394 certe
395 1366 487 1393 minus
512 1372 594 1400 quam
623 1372 788 1400 paganorum
803 1364 970 1391 exsecranda

173 1413 297 1441 facinora
308 1433 315 1446 ,
335 1412 358 1439 si
375 1419 431 1439 non
452 1410 523 1438 forte
539 1410 625 1446 magis
635 1431 643 1444 ,
657 1410 876 1437 Christianorum
891 1417 968 1437 sacra

174 1459 253 1494 signa
264 1463 292 1486 et
304 1457 562 1492 reprmseutationes
573 1457 638 1483 odio
649 1455 746 1491 perciti
756 1459 945 1490 conspuerunt
958 1464 965 1482 ε

174 1505 244 1532 adeo
254 1508 288 1531 ut
300 1503 399 1531 bellum
413 1502 557 1530 videantur
566 1501 768 1529 internecinum
779 1505 876 1528 contra
887 1500 968 1529 Chri-

175 1556 247 1579 stum
263 1555 291 1578 et
304 1549 389 1585 ipsius
403 1554 512 1577 sanctos
527 1552 684 1584 susceptum
699 1547 842 1575 indixisse.

212 1596 257 1623 19.
271 1595 349 1623 Patet
358 1595 459 1630 quippe
474 1594 598 1628 cunctis,
614 1594 687 1629 quod
701 1594 866 1629 imaginibus
881 1594 968 1627 honor

172 1642 295 1673 habitus,
307 1648 402 1668 eorum
419 1640 507 1668 honor
522 1640 558 1667 sit
568 1639 614 1675 qui
628 1643 856 1675 repraasentatur;
868 1647 967 1675 quem-

175 1687 321 1716 admodum
338 1691 366 1714 et
379 1685 491 1713 infamia
505 1690 588 1720 atque
603 1685 723 1713 dedecus
740 1686 839 1712 transit
849 1685 883 1712 ab
895 1685 967 1712 inia-

171 1735 238 1770 gine
252 1734 278 1761 in
291 1734 479 1769 imaginatum.
497 1732 543 1761 Isti
557 1736 661 1764 autem,
676 1739 781 1766 nupera
796 1731 966 1764 Iudaeorum,

174 1781 276 1809 Christi
292 1781 422 1813 bestiam,
439 1779 594 1814 progenies,
610 1778 638 1806 in
650 1785 683 1805 eo
694 1777 767 1813 quod
783 1778 966 1806 venerandam

175 1827 278 1855 Christi
297 1827 442 1863 imaginem
459 1825 589 1860 illiusque
604 1829 762 1853 sanctorum
783 1823 966 1857 inhonorant,

176 1875 248 1911 quod
260 1875 288 1902 in
301 1875 423 1910 ipsorum
432 1873 523 1901 atavis
532 1873 750 1911 desiderabatur,
763 1873 964 1908 adimplerunt:

176 1929 241 1949 nam
262 1928 348 1956 usque
364 1920 398 1948 ad
423 1919 536 1947 audacia
561 1918 718 1947 Judaeorum
739 1919 860 1947 facinora
883 1919 966 1947 delati

172 1969 318 1999 feruntur;
345 1967 401 1994 imo
420 1966 447 1993 id
478 1969 562 2001 agunt
590 1965 767 1993 contentione
790 1973 908 1998 summa,
936 1970 967 1993 ut

179 2013 366 2048 progenitores
380 2019 445 2039 suos
459 2012 539 2047 longe
552 2011 796 2047 supergrediantur
814 2012 966 2040 voluntate.

177 2060 273 2091 Porro,
286 2067 349 2086 cum
364 2059 390 2085 iu
407 2058 497 2085 medio
511 2058 730 2085 Christianorum
746 2057 802 2090 siti,
816 2058 894 2086 labiis
908 2065 965 2085 non
978 2051 983 2059 ’

176 2105 279 2132 audent
293 2106 429 2140 abnegare
440 2103 591 2136 Christum,
600 2103 634 2130 ah
648 2103 705 2138 ipsa
716 2103 828 2131 Judaica
838 2103 966 2138 avitaque

175 2151 277 2178 invidia
305 2150 419 2177 minime
446 2149 576 2177 recedere
610 2149 834 2176 convincuntur:
860 2148 908 2176 sed
938 2153 965 2176 et

175 2197 298 2232 Spurium
310 2203 405 2223 eorum
423 2195 607 2222 imitationem
621 2194 800 2229 expressisse,
817 2193 881 2221 licet
895 2201 965 2221 neu-
981 2197 1004 2224 ι)

173 2244 278 2278 liquam
295 2242 346 2270 sibi
363 2246 490 2269 constare
504 2245 616 2275 queant,
633 2241 682 2268 sed
700 2241 829 2268 heretico
845 2241 964 2276 quodam

174 2295 287 2324 stupore
302 2288 356 2315 huc
369 2288 434 2315 illuc
446 2288 542 2316 incerti
557 2292 675 2324 aguntur
688 2292 717 2315 et
731 2288 868 2316 feruntur.
883 2287 964 2316 Chri-

173 2334 279 2367 stianos
298 2340 328 2360 se
353 2333 507 2368 appellant;
524 2340 620 2361 verum
636 2332 756 2360 elIrenes
776 2336 871 2359 contra
884 2332 965 2359 Chri-

172 2385 247 2407 stum
268 2383 383 2415 pergunt
399 2388 405 2406 :
420 2380 576 2407 Judaeorum
593 2379 702 2406 titulum
729 2386 784 2406 non
804 2379 962 2412 admittunt,

174 2431 202 2454 et
216 2431 308 2453 tamen
333 2433 381 2461 per
410 2426 481 2454 hanc
501 2429 597 2452 contra
620 2425 753 2460 imagines
775 2433 893 2461 pugnam
909 2433 964 2453 non

173 2472 263 2500 solum
277 2472 374 2499 imitati
391 2478 467 2503 sunt,
487 2471 534 2499 sed
556 2476 583 2499 et
594 2472 761 2508 supergressi
777 2471 884 2498 illorum
899 2480 964 2499 con-

175 2525 216 2547 tra
235 2518 374 2546 Christum
386 2518 529 2545 malitiam.
542 2517 611 2545 Cum
622 2525 723 2546 nomen
731 2523 893 2545 aversentur
908 2518 966 2545 ido-

166 2564 298 2597 lolatriae,
318 2565 405 2592 nihilo
424 2570 514 2592 tamen
534 2564 705 2592 tolerabilius
721 2572 802 2599 quam
814 2564 964 2592 idololatra:

174 2612 202 2639 in
216 2611 308 2639 divina
327 2616 355 2639 et
369 2611 531 2638 intemerata
544 2611 762 2639 Christianorum
779 2611 906 2646 mysteria
920 2611 965 2638 in-

173 2658 293 2686 saniunt.
311 2658 374 2685 ldeo
394 2661 485 2684 autem
511 2662 622 2692 propter
638 2657 705 2684 istos
724 2664 821 2684 omnes
845 2657 890 2691 qui
908 2664 962 2683 non

173 2705 200 2731 id
216 2709 310 2740 agunt,
333 2709 363 2731 ut
378 2704 543 2738 degenerem
561 2704 648 2736 hanc,
664 2703 833 2736 adulteram,
860 2703 963 2730 variam

173 2755 200 2776 et
215 2750 410 2776 confusaneam
427 2750 580 2777 doctrinam
595 2754 756 2778 aversantur
770 2754 798 2777 et
811 2749 962 2780 declinent,

174 2799 267 2821 saneta
284 2795 340 2822 haec
351 2799 379 2821 et
395 2795 556 2822 universalis
569 2795 699 2831 synodus,
715 2800 843 2830 tanquam
858 2795 963 2830 prolem

175 2840 305 2872 spuriam,
321 2840 478 2875 ejectitiam,
495 2845 523 2867 et
538 2840 572 2867 ab
591 2841 665 2868 omni
683 2840 802 2868 ﬁdelium
823 2840 962 2875 nobilique

980 1525 1002 1554 C

1028 216 1117 252 ἀρχῆς
1131 216 1285 252 πορφυρίδα
1301 215 1463 248 ὲστολίζετο.
1478 215 1552 251 Αὕτη
1568 215 1711 250 τοιγαροῦν
1727 217 1744 252 ἡ
1761 216 1815 251 ίερὰ

1026 262 1074 289 καὶ
1095 262 1201 297 μεγάλη
1219 261 1339 295 σύνοδος,
1366 261 1504 297 ἀρτιφανῆ
1523 270 1554 288 τε
1570 261 1616 288 καὶ
1626 261 1763 297 βάρϐαρον
1775 261 1814 289 αί-

1027 317 1112 344 ρεσιν,
1131 308 1184 335 ὑπὸ
1197 308 1334 335 δυσσεϐὦν
1345 316 1376 334 τε
1392 308 1439 336 καὶ
1451 308 1567 344 ἀνιέρων
1584 307 1688 343 ἀνδρῶν
1704 316 1814 343 παρεισ-

1025 354 1165 389 αχθεῖσαν,
1186 354 1319 390 θεοκρίτῳ
1340 354 1389 381 καὶ
1413 354 1496 390 κοινῷ
1515 354 1673 390 ψηφίσματι
1709 354 1814 381 κατεδί-

1026 407 1104 431 κασε,
1117 400 1165 426 καὶ
1178 399 1242 431 τοὺς
1258 399 1410 435 εἰσηγητὰς
1431 399 1480 426 καὶ
1493 399 1654 435 προμάχους
1675 399 1761 435 αὐτῆς
1777 399 1814 435 τῷ

1025 445 1101 481 αὐτῷ
1122 444 1361 473 ωνυποὸάλλουσα
1384 445 1510 482 κρίματι.
1534 442 1615 472 Οὗτοι
1639 445 1693 481 γὰρ
1713 446 1737 472 οί
1762 445 1814 472 δείο-

1025 491 1096 517 λαιοι
1120 491 1239 526 Χριστὸν
1253 491 1299 518 τὸν
1313 491 1441 526 ἀληθινὸν
1463 491 1531 518 Θεὸν
1552 491 1633 527 ἡμῶν
1647 491 1813 526 βλασφημεῖν

1024 538 1074 572 οὐχ
1088 537 1286 572 ὁμολογοῦντες
1300 539 1357 570 τοῖς
1372 538 1488 574 ῥήμασι,
1502 537 1546 564 διὰ
1559 538 1614 565 τῶν
1626 538 1715 572 ἔργων
1725 539 1813 565 πᾶσαν

1024 583 1153 610 ἐπενόουν
1176 583 1254 619 ὕϐριν
1269 585 1317 611 καὶ
1332 583 1508 620 βλασφημίαν
1522 583 1570 611 καὶ
1591 584 1745 618 ἀσέλγειαν·
1768 583 1813 610 καὶ

1024 630 1106 657 αὐτὸν
1126 631 1229 658 ἐκεῖνον
1254 630 1409 667 δυσφημεῖν
1430 631 1542 666 ἀμέσως
1559 630 1608 658 καὶ
1634 630 1720 666 χωρίς
1745 638 1813 661 τινος

1024 677 1277 713 παραπετάσματος
1306 678 1336 705 οὔ
1362 677 1569 714 θαρρήσαντες,
1588 675 1633 703 διὰ
1646 676 1697 711 τῆς
1714 676 1812 712 σεπτῆς

1023 723 1126 755 εἰκόνος
1141 723 1173 750 τὸ
1186 725 1242 750 πᾶν
1263 723 1356 751 αὐτῶν
1370 723 1420 759 τῆς
1433 724 1625 759 Χριστομάχου
1641 722 1754 758 γνώμης
1769 722 1812 756 ἐξ-

1024 769 1160 804 επλήρουν
1190 768 1306 804 θέλημα.
1335 769 1451 796 Εἴδωλον
1477 768 1532 804 γὰρ
1547 767 1587 803 (ὢ
1612 767 1752 802 τολμηρᾶς
1766 765 1812 793 καὶ

1023 814 1104 841 ἀθέου
1119 814 1246 851 γλώσσης
1261 815 1309 842 καὶ
1324 815 1443 846 διανοίας
1451 815 1615 850 ὰπὴχημαί)
1629 814 1678 849 τὴν
1695 822 1813 848 προσκυ-

1022 859 1106 896 νητὴν
1121 860 1215 887 είκόνα
1229 861 1348 896 Χριστοῦ
1359 881 1366 894 ,
1382 861 1416 888 δι’
1431 857 1465 897 ἦς
1481 860 1601 888 εἰδώλων
1612 860 1701 896 πλάνη
1716 859 1812 887 διώκε-

1022 915 1077 939 ται,
1095 906 1318 942 καθυϐρίζοντες,
1335 908 1383 934 καὶ
1400 907 1503 939 πάσαις
1518 906 1604 943 αὐτὴν
1616 907 1742 942 ἀτιμίαις
1757 914 1809 933 πε-

1023 952 1211 988 ριϐάλλοντες,
1238 953 1291 981 ἀνὰ
1310 954 1360 986 τὰς
1386 954 1491 989 ἀγορὰς
1516 954 1564 981 καὶ
1586 953 1635 985 τὰς
1659 952 1812 988 λεωφόρους

1022 999 1088 1026 ποσὶ
1110 1000 1294 1032 κατεπάτουν,
1322 1000 1497 1036 περιέσυρον,
1526 1000 1593 1036 πυρὶ
1619 999 1810 1035 παρεδίδοσαν.

1021 1044 1116 1080 Θέαμα
1142 1046 1314 1082 Χριπιανοῖς
1338 1045 1471 1079 ἐλεεινὸν,
1497 1046 1544 1073 καὶ
1569 1045 1620 1081 τῆς
1652 1044 1811 1079 Ἑλληνικῆς

1021 1092 1227 1128 Χριστομαχίας
1239 1092 1324 1129 μόνης
1334 1092 1420 1125 ἀξιον,
1429 1092 1470 1120 Τὰ
1485 1092 1558 1119 αὐτὰ
1572 1091 1601 1118 δὲ
1614 1091 1660 1119 καὶ
1675 1091 1746 1118 κατὰ
1756 1091 1811 1118 τῶν

1021 1137 1109 1164 ἀλλων
1135 1137 1215 1174 ἱερῶν
1234 1138 1445 1174 εἰκονισμάτων,
1473 1138 1536 1165 ποσὶ
1561 1139 1696 1173 ταχεινοῖς
1717 1137 1810 1172 ἐκχέαι

1021 1182 1107 1219 αἷμα,
1121 1184 1200 1220 χερσί
1225 1192 1254 1211 τε
1279 1184 1466 1219 παλαμναίαις
1484 1185 1531 1211 καὶ
1546 1183 1672 1219 βεϐήλοις
1694 1183 1811 1218 χείλεσιν

1020 1230 1225 1265 ἐνησέ).γαινον.
1245 1231 1302 1257 Καὶ
1330 1230 1412 1266 κόρον
1439 1230 1536 1258 οὐδένα
1564 1230 1615 1265 τῆς
1643 1230 1811 1265 τηλικαύτης

1022 1273 1122 1309 μανίας
1138 1275 1186 1302 καὶ
1199 1275 1394 1311 παραπληξίας
1407 1275 1533 1310 οὐδαμῶς
1546 1275 1700 1310 ἐλάμϐανον
1708 1275 1732 1301 οἱ
1746 1274 1812 1301 ἁλά-

1020 1327 1125 1355 στορες.
1156 1319 1236 1347 Ἀλλὰ
1259 1320 1314 1347 τῶν
1340 1320 1503 1356 Ἑλληνικῶν
1521 1320 1714 1356 βδελυγμάτων
1734 1319 1811 1346 οὐδὲν

1019 1365 1141 1399 ἔλαττον,
1155 1367 1179 1393 εί
1196 1367 1244 1393 καὶ
1257 1367 1295 1402 μὴ
1313 1367 1413 1403 μᾶλλον
1427 1368 1462 1394 τὰ
1475 1368 1648 1404 Χριστιανῶν
1666 1367 1728 1403 ιερὰ
1740 1367 1811 1403 σύμ-

1019 1412 1086 1439 ϐολά.
1096 1421 1126 1439 τε
1141 1413 1189 1440 καὶ
1205 1413 1408 1449 ὲκτυπὼματα,
1419 1414 1464 1442 διὰ
1479 1415 1575 1450 μίσους
1588 1414 1717 1449 ἄγοντες,
1734 1413 1811 1441 ἐϐδε-

1018 1457 1157 1486 λύσσοντο·
1172 1459 1206 1486 δι’
1219 1456 1257 1486 ὧν
1269 1460 1361 1492 αὐτοῖς
1374 1460 1421 1487 καὶ
1436 1462 1450 1487 ὸ
1461 1461 1593 1493 ἄσπονδος
1607 1461 1726 1497 πόλεμος
1739 1461 1813 1489 κατὰ

1018 1505 1139 1542 Χριστοῦ
1154 1505 1201 1533 καὶ
1214 1506 1269 1533 τῶν
1279 1506 1362 1534 αὑτοῦ
1373 1507 1460 1542 ἁγίων
1470 1509 1659 1544 συνεκροτεῖτο
1670 1508 1718 1536 καὶ
1730 1508 1812 1544 ἐκραί-

1018 1560 1122 1580 τυνετο.

1054 1597 1098 1625 ιϐ’.
1118 1598 1203 1634 Δῆλον
1215 1599 1269 1635 γὰρ
1282 1599 1394 1632 ἅπασιν,
1415 1599 1455 1632 ὡς
1469 1600 1487 1635 ἠ
1502 1600 1568 1636 τιμή
1582 1599 1638 1627 τῶν
1651 1600 1813 1636 είκονισμά-

1017 1652 1071 1671 των
1087 1644 1155 1681 τιμὴ
1174 1645 1278 1679 γίνεται
1301 1645 1357 1672 τῶν
1380 1646 1600 1682 είκονιζομένων·
1617 1646 1712 1681 ὥσπερ
1725 1646 1774 1674 καὶ
1793 1647 1812 1681 ἡ

1018 1690 1115 1725 ἀτιμία
1138 1692 1179 1723 εἰς
1201 1691 1273 1719 αὐτὰ
1299 1691 1434 1719 διαὸαίνει
1450 1692 1486 1720 τὰ
1508 1692 1707 1728 είκονιζόμενα.
1738 1692 1812 1720 Ἀλλ’

1017 1732 1091 1762 οὗτοι
1104 1735 1140 1763 τὰ
1148 1736 1197 1764 νέα
1210 1736 1265 1764 τῶν
1272 1737 1474 1773 Χριστομάχων
1493 1736 1628 1765 Ἰουδαίων
1639 1738 1811 1774 γεννήματα.

1016 1781 1051 1809 δι’
1078 1778 1116 1810 ὧν
1142 1782 1192 1818 μὲν
1207 1783 1257 1818 τὴν
1275 1783 1378 1819 σεπτὴν
1404 1784 1497 1811 εἰκόνα
1515 1784 1656 1820 Χριστοῦ,
1682 1785 1730 1812 καὶ
1754 1785 1812 1812 τῶν

1017 1827 1100 1867 αὐτοῦ
1123 1827 1208 1863 ἁγίων
1226 1828 1377 1864 ὲνύὸριζον,
1400 1829 1431 1856 τὸ
1456 1829 1618 1865 προγονικὸν
1638 1830 1812 1866 ἀνεπλήρουν

1017 1874 1180 1910 ὑστέρημα,
1197 1876 1237 1907 είς
1260 1875 1294 1902 τὰ
1317 1876 1372 1902 τῶν
1392 1876 1527 1903 Ἰουδαίων
1547 1876 1711 1912 τολμήματα
1724 1877 1812 1911 ἐκφε-

1019 1921 1137 1957 ρόμενοι,
1155 1923 1203 1949 καὶ
1219 1923 1298 1958 νικᾷν
1314 1922 1529 1957 φιλονεικοῦντες
1547 1925 1580 1959 τῇ
1602 1923 1739 1959 ὑπερϐολῇ
1757 1923 1813 1959 τῆς

1017 1967 1172 2003 προθυμίας
1187 1968 1251 1999 τοὺς
1272 1969 1449 2003 γεννήτορας.
1465 1968 1505 1995 Δι’
1523 1965 1561 1995 ὧν
1576 1969 1604 1996 δὲ
1617 1988 1625 2002 ,
1637 1968 1812 2004 Χριστιανῶν

1016 2013 1046 2039 ὲν
1062 2013 1147 2048 μέσῳ,
1165 2012 1216 2039 οὐκ
1238 2013 1317 2048 ἔσχον
1332 2013 1467 2049 τολμῆσαι
1491 2014 1538 2041 τὸν
1552 2014 1669 2049 Χριστὸν
1686 2015 1733 2041 καὶ
1749 2015 1812 2050 χεί-

1016 2056 1091 2083 λεσιν
1099 2059 1321 2093 ἀπαρνήσασθαι,
1331 2058 1379 2084 καὶ
1389 2057 1472 2085 αὑτοῦ
1483 2059 1589 2085 ἐκείνου
1598 2059 1646 2085 τοῦ
1661 2059 1812 2086 Ἰουδαϊκοῦ

1017 2103 1065 2129 καὶ
1073 2102 1200 2138 πατρῴου
1212 2103 1294 2138 ζήλου
1304 2103 1450 2139 ἠλέγχοντο
1457 2103 1659 2138 διαπίπτοντες,
1668 2105 1717 2131 καὶ
1729 2105 1810 2133 νόθον

1015 2148 1063 2174 καὶ
1080 2148 1181 2183 ταύτην
1195 2149 1285 2176 αὐτῶν
1299 2149 1452 2181 δεικνύντες
1472 2149 1521 2184 τὴν
1535 2150 1662 2185 μίμησιν,
1685 2150 1732 2177 καὶ
1751 2159 1813 2186 μη-

1017 2193 1103 2229 δαμοῦ
1124 2195 1219 2222 στάσιν
1236 2194 1352 2230 ἔχοντες,
1369 2195 1428 2222 ἀλλ’
1446 2195 1541 2231 ὥσπερ
1557 2196 1596 2232 τῷ
1620 2196 1697 2230 κακῷ
1715 2205 1814 2232 καρω-

1017 2240 1109 2274 θέντες
1123 2242 1173 2277 τῆς
1186 2242 1329 2278 αἱρέσεως,
1348 2239 1398 2269 ὦδε
1413 2244 1526 2270 κάκεῖσε
1539 2243 1744 2280 διεῤῥιπτοῦντο
1760 2244 1814 2272 καὶ

1016 2289 1214 2324 παρεφέροντο.
1238 2290 1420 2325 Χριστιανοὺς
1437 2290 1488 2326 μὲν
1501 2290 1555 2326 γὰρ
1571 2291 1685 2321 ἑαυτοὺς
1704 2291 1813 2326 ὀνομά-

1016 2335 1123 2368 ζοντες,
1141 2336 1213 2363 κατὰ
1235 2336 1354 2372 Χριστοῦ
1379 2337 1570 2372 ὲφρυάττοντο’
1597 2337 1644 2363 καὶ
1665 2337 1714 2372 τὴν
1739 2337 1814 2364 ’1ου-

1015 2381 1098 2409 δαίων
1110 2382 1205 2418 κλῆσιν
1219 2383 1250 2409 οὑ
1265 2383 1450 2419 προσιέμενοι,
1466 2382 1496 2409 τὸ
1510 2382 1700 2418 Χριπομάχον
1715 2382 1813 2410 αὐτῶν

1016 2427 1185 2464 παρεζήλουν
1204 2428 1249 2455 διὰ
1262 2429 1312 2464 τῆς
1328 2427 1520 2464 είκονομαχίας
1545 2429 1593 2455 καὶ
1609 2429 1812 2464 ὑπερέϐαλλον.

1016 2475 1053 2500 Οὐ
1070 2474 1150 2509 μόνον
1168 2474 1196 2501 δὲ
1206 2494 1214 2507 ,
1228 2474 1297 2502 ἀλλὰ
1313 2475 1360 2501 καὶ
1374 2475 1404 2501 τὸ
1415 2475 1465 2509 τῆς
1480 2474 1702 2510 είδωλολατρείας
1714 2476 1815 2502 ἐκκλί-

1015 2528 1105 2551 νοντες
1119 2519 1204 2555 ὄνομα
1213 2540 1221 2553 ,
1237 2520 1312 2547 οὐδὲν
1327 2520 1528 2556 εἰδωλολατρῶν
1540 2521 1706 2557 ἀνεκτότερα
1720 2522 1761 2553 εῐς
1776 2530 1813 2549 τε

1015 2564 1195 2599 Χριστιανοὺς
1210 2565 1309 2597 αὐτοὺς
1326 2566 1373 2592 καὶ
1390 2566 1431 2597 είς
1443 2566 1478 2592 τὰ
1493 2566 1547 2593 τῶν
1560 2567 1732 2602 Χριστιανῶν
1746 2567 1814 2594 θεῖα.

1016 2610 1063 2636 καὶ
1088 2610 1209 2645 ἄκραντα
1234 2611 1373 2647 μυστήρια
1394 2611 1576 2644 ἐπεδείξαντο.
1600 2613 1640 2639 Δι’
1656 2612 1671 2639 ὃ
1692 2613 1814 2646 τούτους⁸

1017 2655 1077 2689 μὲν,
1093 2656 1150 2682 ὅσοι
1166 2655 1203 2691 μὴ
1217 2657 1266 2691 τῆς
1283 2657 1437 2692 μοιχαλίδος
1450 2658 1551 2692 ταύτης
1568 2659 1615 2685 καὶ
1631 2658 1812 2695 πολυσπόρου

1015 2702 1062 2728 καὶ
1072 2703 1307 2738 συμπεφυρμένης
1323 2703 1402 2738 δόξης
1418 2705 1514 2738 φυγεῖν
1531 2704 1666 2740 ἠθέλησαν
1679 2705 1729 2740 τὴν
1741 2705 1814 2732 δυσ-

1014 2747 1134 2781 γένειαν,
1150 2748 1188 2780 ὡς
1211 2748 1276 2775 νόθα
1293 2749 1360 2784 γένη
1376 2749 1423 2776 καὶ
1436 2749 1541 2784 ἔκφυλα
1561 2751 1612 2785 τῆς
1627 2751 1682 2777 τῶν
1698 2751 1814 2778 πιστῶν

1015 2795 1164 2828 εὐγενείας,
1183 2795 1199 2830 ή
1217 2795 1282 2829 ἁγία
1299 2795 1348 2822 καὶ
1366 2796 1543 2831 οἱκουμενικὴ
1559 2796 1723 2832 διακρίνασα
1740 2797 1814 2824 σύν-

1014 2839 1073 2872 οδος
1086 2859 1094 2871 ,
1112 2840 1219 2876 δεσμοῖς
1235 2840 1344 2873 ἀλύτοις
1366 2841 1412 2868 τοῦ
1426 2841 1597 2877 ἀναθὲμοιτος
1616 2841 1812 2869 καθυπέσιιλεί⁴
