1940 3087
136 125 187 157 653

710 123 770 153 EPl
775 121 978 153 STOLARUM
998 121 1115 152 LIBER
1132 122 1146 152 Ι

1707 123 1759 155 654

136 178 184 213 τὴν
218 177 246 204 δὲ
269 177 361 204 εἰκόνα
389 176 508 212 Χριστοῦ
535 178 582 204 τοῦ
600 177 726 211 ἀληθινοῦ
743 177 811 203 Θεοῦ
834 175 923 211 ἡμῶν.

985 175 1105 203 ιοοίοιιιιο
1120 174 1329 207 excludendam,
1351 175 1462 204 vinculo
1475 177 1659 206 anathematis
1674 177 1761 206 indis-

136 224 207 251 κατὰ
231 223 281 255 τὰς
300 223 431 250 ἀνέκαθεν
454 223 636 255 ἀποστολικάς
661 231 691 249 τε
715 223 762 250 καὶ
781 223 922 257 Πατρικὰς

136 269 314 306 παραδόσεις,
330 270 376 296 καὶ
390 269 438 301 τὰς
454 268 508 296 τῶν
529 269 609 305 ἱερῶν
623 269 727 303 Λογίων
743 268 924 303 ὲκφαντορίας

138 316 185 343 ἐπὶ
198 316 265 351 τιμῇ
280 316 327 342 καὶ
340 314 534 350 σεϐασμιότητι
544 314 593 341 τοῦ
609 313 822 349 εἰκονιζομένου,
838 322 925 349 προσ-

138 361 278 388 κυνεῖσθαι
300 361 348 388 καὶ
366 360 518 397 τιμᾶσθαι..
544 360 645 396 ψήφοις
677 360 797 392 ἁπάσαις
821 359 923 386 ἐπεκύ-

139 407 225 442 ρωτέν
247 415 278 433 τε
309 407 356 433 καὶ
379 406 611 442 ὲπεσφραγίσατο·
638 405 688 441 τῆς
714 405 926 441 προσκυνήσεως

138 453 186 480 καὶ
211 453 294 489 τιμῆς
313 452 438 489 δηλονότι
451 453 678 489 προσαγομένης,
695 452 756 479 καθ’
771 453 800 479 ὃν
825 452 926 487 τρόπον

138 500 185 527 καὶ
198 501 254 531 τοῖς
267 499 358 531 ἄλλοις
375 500 457 534 ἱεροῖς
467 499 563 530 τύποις
577 499 625 525 καὶ
638 499 783 534 συμόόλοις
796 499 847 534 τῆς
864 498 925 525 καθ’

138 547 213 582 ἡμᾶς
229 546 385 581 ἁγιωτάτης
400 545 529 582 λατρείας
544 545 762 581 προσερχόμεθα.
776 545 813 572 Οὐ
828 545 882 580 γὰρ
897 546 927 572 ὲν

138 593 230 624 αὐτοῖς
244 593 363 628 ἱστῶμεν
381 593 429 619 καὶ
452 592 700 628 συμπερικλείομευ
716 592 765 626 τὴν
781 592 864 626 τιμὴν
879 591 927 618 καὶ

140 638 334 673 προσκύνησιν,
344 638 399 665 οὐδ’
408 639 446 670 είς
456 637 605 674 ἐτερόφυλα
613 637 661 664 καὶ
669 637 787 673 διάφορα.
797 637 861 672 τέλη
870 636 926 672 (25)

140 684 306 720 σχιζόμεϐα-
342 684 410 711 ἀλλὰ
443 684 488 711 διὰ
523 684 572 718 τῆς
604 684 771 719 φαινομένης
799 683 927 718 διαφόρου

141 731 188 757 καὶ
205 731 335 765 μεριστῆς
358 729 447 756 αὐτῶν
465 729 614 764 θεραπείας
631 729 678 756 καὶ
697 729 908 764 προσκυνήσεως
919 749 927 762 ,

141 775 312 812 ἱεροπρεπῶς
334 784 364 802 τε
389 775 436 803 καὶ
462 775 622 810 ἁδιαιρέτως
646 776 687 807 είς
709 775 758 811 τὴν
780 775 928 810 ἀμέριστον

141 823 249 859 ἐκείνην
265 823 368 859 ὲνοειδῆ
384 831 415 850 τε
430 823 477 849 καὶ
492 823 615 849 ἑνοποιὸν
631 822 746 858 θεότητα
756 821 925 857 ἅναγὸμεθα.

175 915 210 938 κ’.
229 911 307 938 Οὕτω
328 913 373 938 τὸν
387 912 478 948 τίμιον
491 913 607 948 σταυρὸν
628 912 845 949 προσκυνοῦμεν·
864 913 893 939 ὲν
906 909 929 947 ᾧ

139 957 170 983 τὸ
186 958 350 984 Δεσποτικδν
364 958 527 994 ἐξετανύσθη
548 959 638 994 σῶμα,
660 959 706 986 καὶ
718 959 749 985 τὸ
760 959 807 986 τοῦ
826 959 929 994 κόσμου

140 1004 289 1038 καθάρσιον
305 1004 452 1031 ἀνέϐλυσεν
468 1003 548 1039 αἷμα·
569 1005 617 1031 καὶ
640 1005 657 1040 ἡ
679 1005 726 1032 τοῦ
749 1005 829 1038 ξύλου
849 1005 930 1040 φύσις

140 1050 199 1080 ταῖς
210 1049 315 1076 ἐκεῖθεν
331 1051 406 1085 ῥοαῖς
415 1050 578 1085 ἀρδευθεῐσα
589 1050 639 1085 τὴν
650 1051 747 1086 ἀγήρω
761 1051 834 1087 ζωὴν
849 1051 930 1078 ὲὸλά-

143 1103 241 1128 στησεν
256 1095 316 1122 ἀντὶ
329 1095 377 1122 τοῦ
390 1095 516 1123 θανάτου.
533 1095 611 1123 Οὕτω
623 1097 670 1123 τὸν
685 1096 770 1124 τύπον
785 1097 832 1123 τοῦ
848 1106 930 1124 σταυ-

143 1141 191 1176 ροῦ
205 1141 423 1176 προσκυνοῦμεν.
439 1142 473 1168 δι’
486 1139 516 1169 οὗ
530 1142 666 1177 δαιμόνων
678 1143 821 1170 ἐλαύνεται
836 1143 930 1180 στίφη,

143 1188 190 1214 καὶ
216 1187 289 1222 πάθη
316 1187 496 1223 θεραπεύεται
519 1188 639 1215 ποικίλα·
668 1189 718 1224 τῆς
736 1189 810 1222 ἅπαξ
833 1191 863 1217 ὲν
892 1190 931 1226 τῷ

143 1233 314 1269 πρωτοτύπῳ
344 1234 456 1270 χάριτος
481 1235 529 1262 καὶ
550 1235 692 1271 δυνάμεως
718 1236 930 1272 ἐνεργηοείσης,

143 1280 190 1306 καὶ
218 1280 316 1315 μέχρις
342 1281 432 1307 αὐτῶν
457 1281 512 1307 τῶν
535 1280 641 1314 τύπων,
664 1282 734 1317 μετὰ
760 1282 811 1317 τῆς
835 1283 932 1318 ὁμοίας

110 1338 113 1340 -
143 1326 284 1361 ἐνεργείας
297 1326 513 1362 συμπροῖούσης.
526 1327 636 1354 Τούτων
648 1328 793 1364 τοιγαροῦν
804 1328 931 1363 ἕκαστον,

144 1372 194 1406 τήν
204 1380 235 1399 τι
249 1373 368 1408 Χριστοῦ
379 1374 471 1400 εἰκόνα
486 1374 568 1409 φημὶ,
585 1375 633 1401 καὶ
647 1374 729 1402 αὑτὸν
743 1375 789 1402 τὸν
803 1376 931 1411 σταυρὸν,

145 1417 233 1453 καὶδὴ
252 1418 299 1444 καὶ
313 1418 360 1445 τοῦ
377 1418 493 1454 σταυροῦ
510 1420 556 1446 τὸν
574 1420 670 1452 τύπον,
685 1421 885 1456 παραπλησίως
898 1423 932 1457 τῇ

146 1463 340 1499 σεϐασμιότητι
365 1465 413 1491 καὶ
433 1466 619 1501 προσκυνήσει
639 1465 807 1499 ὲξοσιοῦντες
817 1488 825 1501 ,
839 1468 890 1495 οὐκ
903 1469 933 1495 ὲν

144 1509 236 1541 αὐτοῖς
261 1510 471 1546 περιγράφομεν
495 1511 543 1538 καὶ
569 1513 762 1548 περιορίζομεν
783 1514 833 1550 τὴν
849 1515 933 1551 τιμὴν

146 1556 194 1582 καὶ
208 1556 239 1582 τὸ
254 1556 347 1589 σέϐας.
364 1557 422 1584 ἀλλ’
437 1558 478 1590 είς
493 1559 538 1586 τὸν
554 1559 588 1587 δι’
599 1561 674 1596 ἡμᾶς
686 1561 935 1597 ἐνανθρωπήσαντα

146 1602 255 1637 πλούτῳ
276 1603 482 1638 φιλανθρωπίας
504 1605 611 1639 ἀφάτῳ,
637 1606 686 1632 καὶ
703 1606 750 1633 τὸν
772 1607 842 1642 ὑπὲρ
858 1607 937 1643 ἡμῶν

147 1647 330 1675 ἐπονείδιστον
353 1648 468 1676 θάνατον
485 1650 618 1682 ἑκουσίως
642 1651 830 1686 ὑπενεγκύντα
843 1673 851 1685 ,
872 1653 937 1680 ταύ-

145 1701 199 1728 την
214 1693 387 1729 ἀναφέρομεν
400 1695 448 1722 καὶ
464 1695 637 1731 ἀνιεροῦμεν.
653 1696 731 1724 Οὕτω
745 1698 777 1732 δὴ
794 1698 841 1724 καὶ
857 1699 937 1730 ναοὺς

147 1738 244 1772 ἁγίων,
261 1739 309 1766 καὶ
327 1740 445 1774 τάφους,
469 1741 516 1768 καὶ
535 1742 666 1777 λείψανα.
692 1745 798 1775 πιστοῖς
819 1744 938 1779 βρύοντα

149 1784 268 1816 ἰάσεις¹,
288 1786 393 1818 πιστῶς
409 1788 626 1823 προσκυνοῦμεν,
643 1789 689 1816 τὸν
707 1791 808 1822 αὐτοὺς
823 1792 833 1809 ⁸
858 1791 937 1824 δοξά-

149 1839 235 1858 σίιυτα
262 1832 381 1866 Χριστὸν
403 1833 449 1860 τὸν
472 1833 539 1860 Θεὸν
559 1834 639 1870 ἡμῶν
668 1836 865 1870 μεγαλύνοντες
891 1839 939 1865 καὶ

147 1877 385 1912 ἀνευφημοῦντες·
405 1880 453 1906 καὶ
469 1879 503 1914 δὴ
519 1881 567 1907 καὶ
583 1881 610 1907 ετ
623 1890 650 1907 τι
663 1881 784 1914 τούτοις,
800 1883 872 1910 κατὰ
889 1884 939 1916 τὰς

150 1923 286 1956 μυστικὰς
302 1924 350 1950 καὶ
365 1924 447 1958 ἁγίας
471 1926 551 1961 ἡμῶν
571 1926 698 1959 τελετὰς,
717 1929 776 1955 ἐστὶ
790 1929 938 1966 παραπλή-

149 1976 218 2001 σιον,
242 1968 288 1995 διὰ
311 1969 362 2005 τῆς
383 1971 411 1996 ὲν
432 1971 525 2003 αὐτοῖς
551 1973 751 2011 ἐνεργουμένης
777 1974 882 2011 δωρεᾶς
908 1984 938 2002 τε

149 2014 199 2041 καὶ
221 2015 405 2050 εὐεργεσίαςιι
418 2037 426 2048 ,
452 2017 484 2044 τὸ
505 2018 620 2054 ἀρχικόν
641 2028 671 2046 τε
694 2008 741 2046 καί
763 2008 939 2056 πρωτουργδν

149 2061 236 2088 αἴτιον
251 2062 469 2099 ὲπιγινώσκομέν
487 2073 517 2091 τε
531 2065 579 2091 καὶ
590 2065 794 2101 δοξολογοῦμεν.
810 2067 849 2093 Δι’
864 2067 878 2094 ὃ
893 2067 940 2094 καὶ

150 2107 205 2133 τῶν
220 2108 361 2143 μακαρίων
379 2109 491 2137 ἐκείνων
507 2110 554 2137 καὶ
571 2111 652 2146 ἱερῶν
667 2111 797 2148 ἀνδρῶνὴ
812 2111 941 2149 θεοφόρος

151 2152 200 2178 καὶ
214 2153 279 2186 ἁγία
300 2155 454 2190 πανήγυρις
469 2155 500 2182 οὐ
524 2156 604 2190 μόνον
628 2156 678 2193 τὴν
703 2158 796 2185 είκόνα
809 2159 939 2194 Χριστοῦ,

975 221 1083 249 solubili
1107 221 1249 249 innodavit
1268 231 1275 248 :
1295 221 1395 249 Christi
1419 227 1510 250 autem
1531 224 1589 251 veri
1608 224 1656 251 Dei
1671 224 1761 252 nostri

975 267 1129 302 imaginem,
1143 267 1221 302 juxta
1235 267 1395 294 traditiones
1410 267 1514 302 priscas
1528 268 1637 296 Patrum
1652 274 1681 297 et
1693 278 1761 305 apo-

975 313 1106 339 stolorum
1120 317 1148 340 et
1160 320 1300 340 sacrorum
1316 312 1489 340 oraculorum
1509 313 1718 347 declarationes,
1733 316 1760 343 in

976 360 1107 386 honorem
1123 364 1150 387 et
1160 360 1263 387 cultum
1277 359 1466 394 repraesentati
1479 359 1646 388 adorandam
1668 366 1697 389 et
1711 362 1762 389 ho-

976 406 1138 438 norandam,
1153 407 1344 434 communibus
1359 406 1495 441 suﬁragiis
1510 407 1608 434 sanciit
1622 412 1648 435 et
1661 408 1763 435 conﬁr-

977 452 1076 483 mavit;
1092 451 1167 479 cultu
1187 451 1317 479 nimirum
1340 456 1367 479 et
1392 452 1497 479 honore
1512 452 1552 479 sic
1567 452 1678 484 habito,
1694 459 1762 486 quo-

977 498 1059 526 modo
1070 505 1178 533 quoque
1193 498 1268 533 signa
1292 503 1320 525 et
1337 498 1458 534 symbola
1480 499 1648 526 sanctissimi
1676 500 1764 526 nostri

977 544 1066 571 cultus
1079 544 1198 572 solemus
1211 544 1360 572 celebrare.
1377 544 1471 580 Neque
1484 545 1557 572 cnim
1574 545 1602 572 in
1618 545 1714 572 iisdem
1728 545 1765 573 ita

978 590 1129 617 insistimus
1141 590 1280 618 utcultum
1289 595 1317 618 et
1329 591 1460 618 honorem
1472 591 1594 618 debitum
1604 591 1703 618 ibidem
1711 591 1766 619 cin-

979 636 1206 668 cumscribamus,
1223 636 1270 663 sed
1284 643 1335 664 nec
1356 636 1384 663 in
1398 636 1503 663 alienos
1513 644 1528 663 a
1544 636 1645 670 pietate
1656 636 1725 664 ﬁnes
1739 641 1767 664 et

979 682 1101 710 diversos
1125 682 1306 714 difﬁndimur;
1331 683 1378 710 sed
1401 690 1451 717 per
1475 682 1667 716 conspicuam,
1687 683 1766 710 diﬁ‘e-

978 732 1084 756 rentem
1113 733 1142 756 et
1176 728 1289 756 divisam
1320 736 1416 756 eorum
1447 729 1650 756 venerationem
1685 734 1768 764 atque

978 775 1092 807 cultum,
1108 775 1190 803 modo
1200 775 1320 810 quodam
1329 782 1408 802 sacro
1420 779 1448 802 et
1459 775 1552 802 divino
1563 782 1596 802 ac
1608 775 1767 809 indiscrete,

979 821 1013 848 ad
1028 821 1111 852 illam,
1128 829 1188 856 quae
1200 825 1241 848 est
1255 821 1384 851 indivisa,
1403 821 1495 854 unica,
1512 821 1588 848 unita
1601 826 1628 848 et
1639 822 1769 850 unionem

981 874 1132 902 procurans
1146 866 1317 894 divinitatem
1333 866 1504 894 deducimur.

1016 912 1062 940 20.
1087 913 1129 939 Ad
1153 913 1227 940 hunc
1252 913 1364 940 modum
1391 917 1420 940 et
1448 913 1632 941 venerabilem
1661 922 1768 942 crucem

982 958 1137 989 adoramus,
1165 958 1194 986 in
1218 966 1272 993 qua
1299 958 1408 985 Domini
1434 966 1533 994 corpus
1560 959 1770 993 extendebatur,

982 1004 1055 1032 unde
1068 1005 1178 1040 sanguis
1190 1005 1234 1032 ille
1253 1004 1360 1032 ebulliit
1372 1012 1427 1040 quo
1440 1006 1557 1034 mundus
1569 1006 1770 1034 mundabatur:

983 1049 1050 1085 ligni
1072 1055 1164 1078 autem
1191 1055 1289 1078 natura
1322 1050 1394 1078 illius
1416 1050 1559 1079 stillicidiis
1586 1051 1695 1087 irrigata
1721 1060 1772 1087 pro

983 1100 1071 1124 morte
1089 1096 1173 1124 vitam
1207 1096 1279 1124 haud
1305 1101 1492 1124 senescentem
1515 1097 1704 1132 egerminavit.
1731 1098 1772 1125 Ad

984 1142 1058 1169 hunc
1081 1142 1191 1169 modum
1214 1142 1304 1170 crucis
1320 1143 1464 1170 adoramus
1480 1142 1606 1178 eliigiem,
1625 1151 1674 1179 per
1691 1152 1773 1179 quam

984 1187 1091 1223 agmina
1110 1188 1264 1215 dtemonum
1289 1188 1455 1224 eﬁ'ugantur.
1481 1189 1570 1216 morbi
1586 1194 1678 1217 autem
1704 1191 1773 1218 varii

984 1238 1178 1269 persanantur,
1195 1234 1326 1261 nimirum
1350 1234 1394 1262 illa
1417 1236 1503 1270 gratia
1523 1241 1551 1263 et
1571 1235 1692 1270 potentia
1713 1244 1774 1271 qua:

985 1270 1073 1314 prim'a
1101 1279 1160 1307 vice
1188 1284 1298 1315 operata
1324 1284 1366 1307 est
1389 1280 1416 1307 in
1441 1282 1599 1316 exemplari,
1625 1270 1774 1316 usqucrad

986 1325 1119 1361 imagines
1136 1331 1163 1353 et
1178 1327 1434 1361 repraesentationes
1449 1335 1510 1355 cum
1531 1328 1683 1355 eademmet
1700 1328 1725 1355 vi
1747 1334 1775 1357 et

986 1372 1144 1407 operatione
1159 1373 1361 1408 progrediente.
1384 1372 1496 1409 Singula
1531 1374 1613 1410 igitur
1638 1375 1700 1407 isla.
1722 1375 1775 1403 hoc

986 1423 1038 1450 est,
1052 1419 1151 1447 Christi
1164 1419 1321 1454 imaginem,
1338 1424 1366 1447 et
1379 1420 1524 1455 ipsnmmet
1538 1428 1657 1452 crucem,
1669 1425 1696 1448 et
1711 1421 1776 1457 ﬁgu-

987 1473 1045 1493 ram
1058 1465 1158 1496 crucis.
1171 1465 1230 1501 pari
1244 1466 1325 1493 modo
1337 1466 1488 1493 reverentia
1501 1471 1528 1494 et
1538 1465 1696 1494 adoratione
1709 1474 1776 1494 con-

987 1517 1137 1544 sccrantes.
1153 1521 1208 1540 non
1227 1517 1318 1540 tamen
1341 1512 1377 1540 ita
1393 1513 1495 1540 cultum
1515 1513 1774 1546 circumscribimus,

987 1562 1014 1585 et
1027 1557 1059 1585 ad
1073 1558 1168 1585 eadem
1186 1558 1376 1590 terminamus,
1395 1558 1442 1585 sed
1459 1558 1492 1585 ad
1516 1558 1591 1586 illum
1617 1558 1773 1592 referimus,

987 1607 1015 1631 et
1029 1603 1057 1630 in
1074 1603 1121 1631 illo
1140 1608 1246 1631 sacrate
1256 1604 1412 1634 statuimus.
1426 1604 1472 1639 qui
1492 1612 1542 1639 per
1561 1609 1589 1632 et
1599 1609 1710 1640 propter
1722 1606 1776 1633 hu-

988 1648 1061 1675 mani
1080 1649 1188 1683 generis
1209 1656 1330 1676 amorem
1352 1649 1620 1677 abundantissimum
1646 1654 1674 1677 et
1698 1650 1777 1678 inex-

988 1696 1142 1732 plicabilem
1161 1697 1319 1725 incarnatus
1336 1697 1396 1730 fuit,
1415 1702 1443 1725 et
1458 1702 1555 1733 sponte
1574 1705 1623 1725 sua
1639 1702 1667 1725 et
1679 1698 1777 1726 volun-

989 1747 1044 1770 tate
1061 1744 1233 1771 maledictam
1250 1744 1322 1771 illam
1340 1749 1454 1771 mortem
1473 1749 1567 1772 nostra
1582 1752 1664 1772 causa
1682 1745 1777 1773 subiit.

988 1789 1030 1817 Ad
1044 1790 1169 1817 eumdem
1186 1797 1289 1816 morem
1307 1794 1465 1817 sanctorum
1483 1790 1619 1821 basilicas,
1636 1791 1777 1825 sepulcra,

990 1835 1129 1871 reliquias.
1146 1835 1271 1863 ﬁdelibus
1288 1836 1445 1863 curationes
1460 1836 1649 1869 exuberantia,
1662 1836 1779 1864 ﬁdeliter

989 1889 1170 1915 veneramur;
1183 1881 1323 1909 Christum
1338 1881 1467 1909 nimirum
1482 1881 1568 1909 Deum
1580 1886 1715 1914 nostrum,
1729 1883 1778 1917 qui

990 1928 1030 1955 sic
1045 1935 1093 1955 eos
1112 1927 1282 1963 gloriiicavit,
1301 1928 1469 1955 honorantes
1491 1932 1519 1955 et
1538 1927 1664 1955 laudibus
1684 1935 1779 1963 prose—

991 1979 1116 2008 quentes.
1134 1973 1212 2006 Quod
1227 1973 1249 2001 si
1266 1973 1403 2000 solemnes
1418 1978 1519 2001 nostrac
1532 1978 1560 2001 ct
1575 1981 1659 2001 sacrm
1674 1973 1779 2001 festivi~

992 2024 1062 2047 tates
1077 2024 1105 2046 et
1120 2019 1252 2046 sacriﬁcia
1269 2019 1385 2055 mystica
1402 2019 1504 2054 aliquid
1521 2019 1595 2047 hisce
1610 2019 1698 2047 simile
1709 2019 1737 2046 in
1750 2026 1780 2046 se

991 2065 1220 2100 complectuntur.
1233 2073 1282 2100 per
1294 2065 1422 2092 virtutem
1441 2065 1513 2092 illius
1527 2065 1621 2100 gratiae
1636 2073 1696 2100 qum
1712 2065 1781 2092 inibt

991 2116 1133 2146 operatur,
1149 2111 1177 2138 in
1189 2119 1222 2139 eo
1237 2110 1296 2145 ipso
1313 2110 1475 2146 originalem
1491 2114 1518 2137 et
1534 2110 1712 2146 principalem
1731 2110 1780 2137 be-

991 2158 1082 2186 neﬁcii
1094 2165 1203 2185 causam
1216 2162 1273 2184 tum
1286 2157 1506 2193 recognoscimus
1518 2161 1575 2183 tum
1584 2156 1779 2191 gloriﬁcamus.

151 2198 279 2234 καθάπερ
303 2199 409 2235 ἔφημεν
419 2221 427 2233 ,
447 2201 515 2229 ἀλλά
527 2211 558 2236 γε
573 2203 606 2238 δὴ
622 2205 669 2230 καὶ
684 2204 734 2239 τῆς
749 2207 932 2242 παναχράντοι

992 2205 1080 2239 Atque
1090 2205 1161 2231 hanc
1173 2203 1209 2230 ob
1217 2210 1327 2230 causam
1337 2210 1414 2229 sacer
1425 2202 1469 2229 ille
1482 2206 1510 2229 ct
1525 2201 1579 2229 Deo
1598 2202 1695 2237 plenus
1715 2209 1781 2228 san-

151 2245 199 2271 καὶ
224 2245 404 2281 ἀειπαρθένου
431 2248 603 2283 Δεσποίνης*
626 2250 706 2285 ἡμῶν
724 2252 874 2285 Θεοτόκου,
893 2254 932 2280 κα⁴

993 2255 1099 2278 ctorum
1119 2248 1228 2274 Patrum
1250 2251 1278 2274 et
1300 2247 1441 2274 beatorum
1455 2252 1611 2276 consessus,
1626 2252 1682 2271 non
1698 2244 1781 2271 modo

152 2291 263 2318 πάντων
273 2291 328 2318 τῶν
342 2293 426 2327 ἁγίων
439 2293 488 2325 τὰς
504 2295 580 2330 ἱερὰς
593 2296 710 2328 εἰκόνας,
723 2297 783 2323 κατ’
795 2297 940 2332 ἀναλογίαν

150 2338 201 2372 τῆς
217 2338 271 2365 τῶν
288 2339 476 2374 πρωτοτύπων
492 2341 628 2377 ὑπεροχῆς
643 2343 691 2369 καὶ
706 2343 938 2379 σεϐασμιότητος,

151 2384 282 2417 τιμᾶσθαι
304 2385 352 2411 καὶ
370 2386 599 2419 προσκυνεῖσθαι,
623 2388 721 2414 κοινῶν
746 2388 941 2424 Θεσπισμάτων

151 2429 225 2463 ὅροις
247 2430 433 2466 ἐπεσφράγισέ
452 2441 482 2458 τε
497 2433 546 2460 καὶ
563 2433 732 2469 ἐπεκύρωσε.
751 2435 806 2461 Καὶ
819 2436 873 2470 γὰρ
893 2436 941 2462 καὶ

151 2473 186 2500 δι’
206 2474 296 2502 αὐτῶν
311 2477 351 2509 είς
374 2478 495 2505 ἑνοποιόν
510 2487 571 2505 τινα
583 2480 641 2514 ,καὶ
663 2481 821 2515 συναγωγὸν
840 2482 941 2516 ἀναγό-

993 2295 1076 2331 (quod
1092 2294 1230 2328 diximus)
1253 2291 1463 2323 Christi,verum
1489 2290 1572 2317 etiam
1598 2290 1778 2322 intemeratze,

992 2349 1099 2376 semper
1111 2339 1220 2376 virginis
1230 2338 1352 2366 Dominae
1366 2343 1468 2365 nostra;
1482 2336 1614 2372 Deiparze,
1631 2341 1658 2364 et
1669 2340 1780 2363 sancto--

993 2395 1053 2415 rum
1070 2393 1167 2413 omnes
1189 2385 1330 2421 imagines.
1351 2384 1427 2418 juxta
1445 2383 1558 2419 gradum
1578 2387 1605 2410 et
1625 2382 1782 2418 proportio-

995 2441 1059 2462 nem
1075 2432 1244 2460 excellentia
1258 2435 1286 2458 et
1302 2430 1487 2458 venerationis
1499 2429 1779 2465 prototyporum,coli

994 2484 1022 2507 et
1031 2479 1150 2511 adorari,
1159 2478 1294 2506 communi
1307 2485 1357 2504 suo
1364 2476 1494 2512 suﬂragio
1500 2480 1528 2504 et
1535 2475 1683 2504 dictamine
1691 2480 1780 2503 ratun:

794 2557 911 2584 VARIIE
934 2556 1139 2585 LECTlONES.

190 2618 200 2632 ι
215 2621 260 2647 γρ.
273 2613 372 2640 ὶάσεσι.

429 2614 439 2632 ί
455 2623 500 2649 τρ-
512 2615 591 2642 αὺτά.
630 2622 643 2635 ιι
657 2625 703 2650 γρ.
741 2617 859 2652 χάριτος.
900 2621 912 2634 '
926 2625 972 2650 γρ.
987 2617 1097 2651 Μαρίας
1108 2617 1156 2642 καὶ
1171 2615 1249 2641 δεσπ.

912 2693 1027 2722 ΝΟΤᾸΕ.

190 2772 245 2808 (25)
266 2772 351 2807 Τέλη.
371 2771 458 2804 Verti.
487 2772 570 2807 ﬁnes;
596 2772 720 2801 fortassis
743 2777 838 2800 auctor
860 2773 941 2800 intel-

153 2807 220 2835 lexit
245 2809 374 2840 ordines.
405 2812 521 2837 turmas.
552 2813 581 2835 ut
607 2808 662 2835 sint
685 2808 866 2843 στρατιωτικὰ
891 2809 941 2834 τά-

155 2850 261 2882 γματα,
290 2845 443 2876 veritatem,
468 2843 546 2878 quasi
571 2844 664 2879 prtulio
691 2847 828 2876 conserto,
856 2851 942 2878 oppu-

994 2773 1114 2808 gnantia.
1127 2772 1240 2800 Eruditc
1255 2779 1335 2799 usum
1347 2771 1494 2806 imaginum
1511 2772 1601 2808 docet.
1619 2777 1646 2799 et
1662 2778 1782 2808 mentem

995 2807 1066 2835 illius
1089 2809 1197 2842 septimi
1219 2808 1327 2835 concilii
1354 2807 1441 2841 aperit
1469 2812 1565 2834 contra
1589 2807 1781 2841 Iconoclastas,

994 2852 1062 2878 quas
1073 2848 1148 2871 cxlra
1162 2843 1349 2871 invitationem
1366 2850 1419 2869 non
1435 2842 1575 2877 prcccssit.
