1940 3087
148 158 200 188 655

715 147 848 179 ΡΗΟΤῙῙ
871 143 1124 176 ΡΛΤΒῙΛΚΟΗίΕ
1141 143 1195 172 CP.

1733 136 1786 169 G56

150 218 178 238 et
187 211 297 238 ﬁrmum
313 208 397 236 veluti
407 206 530 234 futurum
545 204 752 240 eonsignarunt.
770 201 878 228 Etenim
893 208 942 235 per
956 208 964 223 Α

1017 197 1068 225 εθα
1088 196 1217 232 θεωρίαν.
1242 195 1289 222 καὶ
1313 194 1363 229 τῆς
1384 193 1478 229 πρὸςι
1501 192 1531 219 τὺ
1554 191 1705 227 ἀκρότατον
1732 191 1789 217 τῶν

152 258 224 293 ipsas
243 256 277 283 ad
298 253 554 289 contemplationem
580 249 724 286 quamdam
748 248 889 275 unientem
913 249 941 272 et

153 303 389 338 compaginantem
415 306 526 326 sursum
550 297 685 328 ducimur,
710 299 738 322 et
754 302 805 330 per
830 292 941 320 easdem

154 349 228 384 digni
248 349 327 375 ﬁmus
339 346 384 381 qui
404 353 466 373 cum
479 351 586 372 summo
599 341 812 370 desideratorum
822 338 943 367 omnium

156 404 206 431 per
224 395 342 422 divinam
363 398 389 420 et
404 390 638 427 supernaturalem
655 387 858 423 copulationem
891 385 942 412 ad-

157 442 295 470 uniamur.
306 439 368 466 Haec
379 443 470 466 autem
489 437 626 472 sapienter
638 435 785 462 admodum
800 437 828 460 et
842 439 944 459 secun—

158 490 222 516 dum
244 486 292 514 Dei
316 484 518 519 beneplacitum
536 482 689 510 decernens
711 478 830 515 synodus
855 478 946 505 deter-

158 535 274 563 minavit
292 543 298 561 :
315 538 397 568 atque
422 532 458 559 ita
480 530 601 565 depulsis
629 529 766 556 haereseos
793 525 897 553 morbis
920 527 948 551 et

159 580 330 608 immunditia
346 587 360 606 a
378 585 458 613 grege
478 576 585 603 ratione
604 573 730 609 praedito,
751 571 831 599 nobis
853 569 948 598 Eccle-

160 627 227 654 siam
256 623 463 660 repraesentavit
489 622 517 648 in
541 626 702 655 recuperato
724 625 773 646 suo
799 621 898 644 ornatu
924 619 952 642 et

162 670 368 707 pulchritudine
397 668 586 703 conspicuam,
611 670 639 693 et
659 670 788 699 tanquam
812 669 951 697 sponsam,

162 726 216 745 non
233 717 342 752 quidem
363 715 445 743 bullis
460 718 507 741 aut
526 712 610 740 clavis
633 714 758 739 ornatam
782 708 883 740 aureis,
904 706 953 735 sed

993 243 1115 282 ὀρεκτῶν
1136 243 1170 270 δι’
1192 241 1279 276 αὐτῆς
1296 240 1446 276 ἀξιούμεθα
1463 240 1541 271 θείας
1567 239 1614 265 καὶ
1630 237 1789 274 ὑπερφυοῦς

996 289 1156 325 συναφείας.
1173 287 1254 315 Ἀλλὰ
1278 287 1366 313 ταῦτα
1391 286 1441 322 μὲν
1463 285 1554 320 σοφῶς
1577 293 1607 312 τε
1622 284 1671 311 καὶ⁸
1691 283 1789 319 θεαρέ-

998 346 1069 369 στως
1084 334 1252 370 τελεσαμένη
1264 332 1467 368 (26),διώρισεν
1478 340 1486 348 ·
1502 332 1594 358 πᾶσαν
1603 331 1632 358 δὲ
1648 330 1791 365 αἱρετικὴν

998 383 1077 410 νόσον
1092 381 1140 408 καὶ
1159 381 1253 407 πᾶσαν
1266 378 1402 414 ἀκοσμίαν
1415 378 1465 413 τῆς
1479 377 1591 412 λογικῆς
1607 376 1708 411 ἀγέλης
1735 375 1791 402 ὰπ-

998 429 1135 459 ελάσασα,
1148 427 1193 454 τὸν
1208 427 1307 453 οἰκεῖον
1324 425 1426 459 κόσμον
1444 424 1489 450 καὶ
1503 423 1533 449 τὸ
1548 423 1646 454 κάλλος
1661 422 1711 457 τὴν
1731 422 1794 448 Ἐκυ

1001 475 1115 510 κλησίαν
1134 471 1360 500 ἐπαναλαϐοῦσαν
1377 470 1501 503 ὑπέδειξε
1512 474 1539 504 Υ,
1554 470 1602 496 καὶ
1613 467 1658 496 οἷα
1672 469 1704 504 δὴ
1724 467 1794 503 νύμ-

1002 531 1066 557 φην,
1091 522 1142 549 οὐκ
1165 521 1193 547 ἐν
1216 521 1383 556 κροσσωτοῖς
1405 520 1535 555 χρυσοῖς,
1556 517 1615 545 ἀλλ’
1639 518 1668 543 ὲν
1687 516 1794 551 ίεροῖςι

1002 568 1217 603 ὲξωραῗσθεῖσαν
1234 567 1434 602 είκονίσμασιν,
1454 567 1487 592 ὲκ
1500 564 1595 597 δεξιῶν
1611 562 1659 590 τοῦ
1676 561 1796 597 νυμφίου

1002 615 1122 650 Χριστοῦ
1135 615 1348 650 παραστήσασα,
1365 613 1467 648 ἱλαροῖς
1479 612 1528 638 καὶ
1540 611 1683 646 χαίρουσιν
1694 608 1796 643 ὀφθαλο

1005 663 1066 697 μοῖς
1091 660 1262 696 καθορᾶσθαι
1285 660 1334 686 καὶ
1359 657 1569 693 ἐναγλαῖζεσθαι
1585 656 1667 684 παντὶ
1686 655 1726 690 τῷ
1741 653 1797 680 τῶν

1005 705 1110 733 πιστῶν
1122 704 1288 741 πληρώματι
1303 703 1518 739 παρεσκεύασεν.

163 765 248 793 sacris
268 764 422 802 redimitam
447 766 476 790 et
490 760 758 797 resplendescentem
785 754 973 791 imagunculis,
995 762 1008 781 a
1021 754 1124 781 Christi
1145 752 1239 788 sponsi
1259 752 1360 780 dextris
1374 751 1563 781 constitutam,
1582 749 1717 777 universae
1731 748 1798 776 ﬁde-

164 811 231 838 lium
246 799 416 837 multitudini
436 807 505 834 laetis
528 810 555 834 et
567 804 696 841 iucundis
717 802 804 831 oculis
817 799 1005 843 aspiciendam
1018 804 1046 827 et
1058 799 1228 826 lustrandam
1243 797 1380 825 exhibuit.

199 879 246 906 Ἣ.
266 877 315 905 Est
338 876 398 904 haec
425 879 519 902 nostra
547 872 767 901 Christianorum
794 877 879 905 pura,
906 868 956 896 de-

1043 869 1096 894 κα’.
1113 865 1189 900 Αὕτη
1207 865 1257 901 τῆς
1276 865 1396 895 πίστεως
1413 863 1493 898 ἡμῶν
1517 863 1571 889 τῶν
1589 862 1760 898 Χριστιανῶν
1780 863 1798 898 ἡ

167 926 261 953 ίαεοοιε
272 928 300 951 et
308 921 480 957 inculpabilis
491 919 554 947 ﬁdei
563 918 698 946 confessio
708 926 716 944 ι
725 921 768 944 est
777 916 836 943 haec
843 923 858 942 a
867 914 958 942 divina

167 970 301 1006 sapientia
320 969 442 1005 profecta
464 964 644 1002 mystagogit-a
667 962 804 991 institutio
826 961 959 988 immacu-

168 1018 214 1045 lati
230 1022 258 1044 et
272 1014 372 1043 sinceri
386 1012 472 1041 nostri
487 1012 578 1039 cultus
588 1030 596 1043 ,
618 1014 645 1037 et
661 1008 879 1036 venerandorum
900 1014 961 1041 qua:

169 1072 203 1092 eo
218 1062 335 1090 tendunt
350 1059 542 1096 mysteriorum
558 1066 566 1084 :
583 1055 735 1084 secundum
759 1054 838 1082 istam
854 1053 888 1080 ad
914 1060 962 1079 oc—

170 1116 263 1137 casum
289 1114 377 1141 usque
399 1109 427 1132 et
452 1103 556 1134 exitum
582 1102 645 1129 vita:
668 1104 770 1128 nostrae
800 1098 961 1129 sentientes,

171 1155 325 1186 credentes,
343 1154 549 1183 conversantes,
558 1148 592 1176 ad
617 1154 704 1182 usque
724 1146 858 1173 orientem
878 1145 962 1171 solem

172 1198 370 1234 intelligibilem
386 1195 539 1223 incedimus
552 1201 559 1219 :
575 1199 629 1227 quo
650 1190 863 1226 pervenientes,
878 1187 964 1215 multo

172 1244 327 1274 evidentius
355 1247 384 1270 et
408 1239 558 1277 perfectius
585 1237 723 1265 radiorum
759 1234 905 1270 splendore
938 1238 966 1261 et

174 1289 347 1320 claritudine,
375 1287 434 1314 sine
456 1285 513 1313 ullo
536 1290 647 1315 occasu,
673 1280 857 1317 perfruernur.
886 1278 966 1306 Hanc

175 1344 258 1372 porro
276 1334 339 1362 ﬁdei
362 1331 575 1362 confessionem,
598 1333 626 1356 et
654 1332 784 1358 vestram,
804 1333 854 1362 par
880 1329 931 1356 est,
951 1332 967 1351 a

178 1370 233 1411 beo
246 1379 410 1410 custoditam
427 1376 612 1413 prudentiam.
632 1374 697 1401 dum
716 1377 837 1400 nostram
858 1370 968 1407 pietatis

176 1433 279 1457 sortem
294 1427 427 1458 intuetur,
441 1424 549 1451 sincero
561 1421 671 1453 affectu,
690 1424 766 1446 recto
785 1418 899 1454 iudicio,
915 1416 969 1444 ﬁde

178 1475 342 1502 inconcussa
352 1479 403 1498 nec
413 1469 567 1500 vacillante,
576 1470 731 1501 susceptam
738 1464 823 1492 semel
831 1463 967 1495 adamare,

178 1528 229 1548 nec
237 1520 271 1546 ab
281 1526 313 1545 ea
319 1517 361 1544 vel
369 1517 453 1543 latum
463 1519 591 1549 unguem,
599 1512 760 1539 addextram
770 1509 812 1538 vel
820 1509 968 1541 sinistram,

179 1566 329 1594 declinare.
357 1563 434 1591 Hanc
462 1559 597 1595 siquidem
627 1557 811 1593 praedicarunt
842 1554 968 1590 apostoli,

180 1613 253 1640 hanc
268 1608 439 1637 universales
455 1605 549 1642 synodi
566 1607 735 1632 censuerunt
758 1601 970 1630 observandam.

180 1658 269 1692 Atque
288 1656 348 1683 ideo
369 1662 424 1681 non
450 1657 477 1680 te
492 1655 597 1678 tantum
614 1653 723 1685 oportet
744 1648 770 1675 in
793 1647 846 1674 hac
868 1646 971 1674 versari

182 1691 328 1735 sententia,
343 1700 376 1727 ad
391 1700 466 1727 hunc
480 1697 592 1725 modum
607 1696 693 1723 Deum
721 1692 905 1728 magniﬁcare,
922 1691 971 1719 sed

182 1754 210 1778 et
223 1749 283 1776 illos
298 1747 344 1782 qui
357 1746 405 1773 tibi
422 1749 552 1780 parentes
569 1742 697 1774 subsunt,
711 1741 745 1767 ad
761 1739 885 1767 eamdem
900 1738 972 1766 veri—

184 1800 266 1824 tatem
282 1791 500 1828 amplectendam
516 1788 593 1824 quasi
610 1787 811 1818 manuducere,
833 1785 860 1812 in
875 1785 971 1812 eadem

183 1843 235 1870 ﬁde
250 1840 387 1877 perfectos
404 1842 596 1865 consummare
616 1837 734 1869 oportet,
756 1840 809 1860 nec
823 1831 973 1867 quidquam

184 1888 236 1916 hac
252 1894 316 1914 cura
328 1889 358 1913 et
372 1883 538 1920 cogitatione
555 1880 630 1916 prius
644 1881 687 1908 vel
703 1878 842 1914 antiquius
861 1877 971 1905 habere.

186 1934 298 1969 Spectat
320 1930 393 1959 enim
420 1935 516 1956 revera
538 1926 571 1954 ad
595 1925 714 1953 ofﬁcium
738 1923 889 1959 principis,
917 1929 974 1949 non

186 1980 228 2008 sui
239 1979 326 2014 ipsius
340 1982 444 2005 tantum
453 1974 547 2003 salutis
561 1973 661 2001 habere
675 1972 820 2004 rationem,
834 1977 929 1997 verum
946 1972 975 1996 et

187 2025 244 2062 pari
271 2031 336 2052 cura
360 2027 388 2050 et
412 2020 584 2058 providentia
607 2018 707 2055 populo
738 2017 789 2045 sibi
819 2015 975 2044 concredita

187 2071 354 2108 prospicere,
371 2073 401 2097 ut
414 2071 447 2095 ad
462 2067 585 2103 ejusdem
597 2066 644 2093 Dei
660 2065 783 2092 eamdem
792 2062 975 2098 cognitionem

188 2105 215 2145 et
241 2105 437 2152 perfectionem
462 2121 543 2141 manu
572 2111 702 2147 perducta
725 2109 882 2137 devocetur.
915 2105 975 2133 Noli

189 2164 270 2200 igitur
296 2161 478 2191 committere,
496 2164 525 2186 ut
542 2165 594 2185 nos
616 2164 665 2192 spe
689 2160 781 2183 nestra
807 2153 976 2184 excidemus,

188 2195 221 2237 ad
236 2215 318 2244 quam
327 2211 372 2233 tua
381 2213 433 2233 nos
449 2203 590 2232 inclinatio
600 2202 628 2229 in
642 2201 770 2228 virtutem
782 2203 809 2226 et
822 2195 975 2225 obedientia

190 2255 269 2282 facile
282 2252 415 2281 invitavit.
434 2251 506 2282 Noli,
524 2256 627 2284 quaaso,
646 2247 752 2274 labores
763 2245 825 2272 illos
836 2248 864 2271 et
886 2248 976 2270 certa-

190 2301 273 2333 mina,
292 2298 392 2326 frustra
405 2296 484 2323 nobis
500 2298 625 2329 suscepta
641 2293 806 2326 redarguere
816 2310 823 2323 ,
839 2294 867 2316 et
882 2289 977 2315 inanes

189 2346 313 2377 reddere,
326 2351 395 2379 quos
409 2349 516 2370 summo
529 2347 589 2367 cum
604 2338 701 2376 gaudio
714 2338 739 2364 in
754 2342 800 2364 tua
814 2336 901 2364 salute
912 2343 976 2371 pro-

190 2395 311 2420 curanda
329 2390 541 2418 exantlavimus.
555 2387 614 2414 Noli
629 2386 748 2422 incipere
759 2392 821 2412 cum
836 2384 977 2412 alacritate

191 2446 298 2467 summa
313 2437 400 2465 divini
414 2435 542 2471 praeconii
558 2441 638 2461 voces
655 2432 795 2467 suscipere
806 2450 814 2464 ,
825 2432 861 2466 get
873 2437 935 2457 eum
951 2434 977 2458 te

1009 911 1119 948 καθαρὰ
1129 911 1177 938 καὶ
1189 910 1341 946 ἀμώμητος
1352 909 1483 945 ὁμολογία
1491 916 1498 924 ³
1514 908 1584 944 αὓτη
1603 908 1654 943 τῆς
1663 908 1800 943 ἀχράντου

1009 959 1057 985 καὶ
1072 957 1225 993 ἐλικρινοῦς
1237 963 1250 977 ι
1266 955 1395 991 λατρείας
1403 956 1425 991 ,ἡ
1432 955 1500 990 μῶν,
1514 955 1561 981 καὶ
1572 954 1626 981 τῶν
1640 954 1705 989 περὶ
1715 953 1801 988 αὐτὴν

1011 1004 1119 1031 σεπτῶν
1137 1002 1307 1039 μυστηρίων,
1325 1003 1342 1037 ὴ
1360 1002 1490 1036 θεόσοφος
1518 1000 1713 1037 μυσταγωγία·
1730 1000 1802 1027 κατὰ

1011 1051 1124 1086 ταύτην,
1153 1050 1234 1085 μέχρι
1260 1048 1320 1084 βίου
1347 1048 1469 1084 δυσμῶν,
1500 1049 1548 1075 καὶ
1564 1046 1725 1082 φρονοῦντες
1754 1046 1804 1073 καὶ

1014 1096 1188 1127 πιστεύοντες
1207 1095 1255 1122 καὶ
1281 1094 1498 1129 πολιτευόμενοι,
1524 1094 1592 1129 πρὸς
1608 1093 1657 1129 τὴν
1671 1093 1803 1127 ἀνατολὴν

1013 1142 1060 1170 τοῦ
1074 1141 1170 1178 νοητοῦ
1185 1141 1261 1177 ἡλίου
1279 1141 1459 1175 ἐπειγόμεθα,
1473 1141 1522 1177 τῆς
1536 1141 1641 1168 ἐκεῖθεν
1652 1140 1805 1175 ἀνεσπέρου

1014 1188 1104 1223 αὐγῆς
1124 1187 1172 1214 καὶ
1189 1187 1382 1223 λαμπρότητος
1401 1187 1567 1222 τρανότερον
1589 1195 1618 1213 τε
1639 1186 1688 1213 καὶ
1702 1186 1806 1212 τελειό-

1015 1242 1094 1268 τερον
1127 1232 1340 1265 ἀπολαύσοντες.
1371 1232 1480 1268 Ταύτην
1510 1233 1644 1269 προσήκει
1675 1232 1724 1259 καὶ
1754 1232 1809 1267 τὴν

1017 1278 1154 1314 ὑμετέραν
1168 1278 1370 1314 θεοφρούρητον
1386 1277 1494 1304 σύνεσιν
1514 1277 1576 1313 ἠδη,
1598 1277 1667 1312 πρὸς
1679 1277 1724 1303 τὸν
1736 1276 1807 1311 ἡμέ-

1016 1335 1095 1361 τερον
1114 1325 1215 1360 κλῆρον
1241 1325 1291 1360 τῆς
1313 1323 1456 1356 εὐσεϐείας
1482 1323 1641 1360 ἀφορῶσαν,
1665 1323 1809 1359 εἰλικρινεῖ

1018 1371 1150 1403 διαθέσει,
1162 1371 1208 1398 καὶ
1215 1370 1331 1406 γνώμης
1340 1369 1480 1406 εὑθύτητι,
1493 1370 1541 1397 καὶ
1550 1369 1703 1404 ἀδιστάκτῳ
1716 1369 1810 1395 πίστει

1019 1416 1201 1452 ἀποδέχεσθαι
1212 1417 1260 1444 καὶ
1277 1417 1413 1452 στέργειν,
1428 1416 1476 1442 καὶ
1493 1417 1563 1451 μήτε
1578 1415 1653 1451 δεξιᾷ
1668 1416 1737 1451 μήτε
1749 1415 1811 1450 ἀρι-

1021 1464 1115 1500 στερᾷ,
1141 1463 1209 1499 μηδὲ
1233 1463 1281 1490 ἐπὶ
1297 1462 1400 1498 βραχὺ,
1416 1461 1519 1498 ταύτης
1538 1461 1706 1489 ἀποκλίνειν.
1724 1461 1813 1488 Τοῦτο

1021 1510 1076 1546 γὰρ
1091 1510 1145 1537 τῶν
1161 1509 1318 1536 ἀποστόλων
1335 1509 1366 1536 τὸ
1383 1509 1528 1544 κήρυγμα,
1542 1508 1623 1534 τοῦτο
1642 1507 1696 1534 τῶν
1717 1507 1812 1534 οίκου-

1023 1555 1141 1591 μενικῶν
1157 1555 1273 1582 συνόδων
1287 1554 1318 1581 τὸ
1339 1555 1476 1590 φρόνημα.
1493 1554 1538 1580 Διὺ
1551 1553 1582 1580 οὺ
1599 1553 1679 1589 μόνον
1696 1552 1813 1579 σεαυτὸν

1023 1603 1130 1637 φρονεῖν
1145 1601 1217 1628 οὕτω
1239 1601 1281 1628 δεῖ
1303 1600 1352 1628 καὶ
1370 1599 1424 1636 [τὸ]
1444 1599 1577 1633 δοξάζειν,
1591 1598 1660 1627 ἀλλὰ
1679 1598 1726 1625 καὶ
1746 1598 1813 1630 τοὺς

1023 1648 1075 1675 ὑπὸ
1091 1648 1120 1675 σὲ
1143 1647 1327 1683 τεταγμένους
1344 1647 1384 1678 είς
1399 1646 1430 1673 τὸ
1446 1646 1513 1673 αὐτὸ
1531 1646 1581 1681 τῆς
1600 1645 1729 1682 ἀληθείας
1743 1645 1813 1680 φρό-

1023 1704 1098 1729 νημα
1112 1697 1303 1731 χειραγωγεῖν,
1320 1695 1368 1722 καὶ
1384 1694 1452 1731 πρὸς
1468 1694 1518 1731 τὴν
1534 1694 1620 1730 αὐτὴν
1635 1692 1815 1729 καταρτίζειν

1024 1743 1126 1774 πίστιν,
1142 1742 1189 1768 καὶ
1206 1742 1290 1778 μηδὲν
1309 1741 1360 1777 τῆς
1374 1742 1503 1777 τοιαύτης
1517 1740 1636 1776 σπονδῆς
1648 1740 1695 1767 καὶ
1712 1740 1812 1773 ἐπιμε-

1023 1788 1098 1820 λείας
1121 1787 1246 1823 ήγεῖσθαι
1264 1787 1438 1824 τιμιώτερον.
1457 1788 1604 1823 Ἀρχοντος
1623 1786 1679 1822 γὰρ
1695 1785 1732 1817 ὡς
1746 1785 1814 1820 ἀλη-

1025 1833 1089 1866 θῶς,
1107 1835 1145 1870 μὴ
1163 1834 1214 1869 τῆς
1233 1834 1299 1865 ιδίας
1317 1833 1398 1869 μόνον
1419 1833 1557 1869 σωτηρίας
1578 1832 1714 1859 ποιεῖσθαι
1731 1839 1815 1867 φρον-

1024 1880 1101 1912 τίδα,
1117 1879 1186 1907 ἀλλὰ
1207 1880 1255 1906 καὶ
1278 1880 1324 1907 τὸν
1343 1879 1560 1914 ὲμπιστευθέντα
1589 1878 1653 1905 λαδν
1676 1878 1725 1913 τῆς
1752 1877 1815 1912 ἴσης

1025 1925 1118 1959 ἀξιοῦν
1134 1925 1263 1961 προνοίας
1273 1944 1281 1957 ,
1296 1925 1345 1951 καὶ
1359 1925 1399 1955 είς
1421 1923 1472 1959 τὴν
1486 1923 1571 1959 αὐτὴν
1584 1923 1634 1958 τῆς
1649 1921 1815 1956 θεογνωσίας

1026 1972 1206 2007 χειραγωγεῖν
1224 1979 1254 1997 τε
1274 1970 1323 1997 καὶ
1344 1969 1558 2006 προσκαλεῖσθαι
1572 1968 1739 2003 τελειότητα.
1767 1967 1817 2002 Μὴ

1025 2018 1115 2045 τοίνυν
1128 2018 1182 2045 τῶν
1197 2016 1313 2044 ἐλπίδων
1326 2016 1399 2052 ἡμᾶς
1416 2015 1614 2050 διαψευσθῆναι
1629 2014 1761 2050 ποιήσῃς,
1781 2012 1816 2044 ἃς

1026 2063 1043 2098 ἠ
1053 2063 1086 2098 σὴ
1100 2062 1208 2098 περὶτὰ
1222 2061 1291 2088 καλὰ
1304 2062 1375 2097 ῥοπή
1389 2070 1419 2088 τε
1431 2062 1479 2088 καὶ
1487 2061 1600 2097 εὐηκοῖα
1613 2060 1734 2096 παρέσχε
1749 2067 1818 2094 προ-

1028 2108 1174 2135 ϐάλλεσθαι
1184 2115 1192 2122 ⁸
1210 2107 1278 2143 μηδὲ
1288 2108 1351 2139 τοὺς
1363 2108 1461 2139 πόνους
1474 2108 1520 2134 καὶ
1533 2107 1596 2138 τοὺς
1618 2106 1744 2140 ἀγῶνας,
1767 2104 1818 2136 οὓς

1028 2155 1097 2190 ὑπὲρ
1106 2155 1156 2189 τῆς
1168 2154 1305 2189 ὑμετέρας
1316 2153 1453 2189 σωτηρίας
1464 2152 1648 2188 ἀνεδεξάμεθα
1662 2152 1818 2188 χαίροντες,

993 2213 1016 2242 D
1031 2199 1163 2236 ματαίους
1176 2198 1291 2236 ἐλέγξῃς
1301 2208 1308 2216 ·
1326 2199 1388 2235 μηδ’
1402 2199 1534 2235 ἄρχεσθαι
1550 2199 1600 2235 μὲν
1616 2198 1756 2234 προθυμίᾳ
1769 2198 1818 2224 τοῦ

1030 2246 1102 2273 θείου
1117 2245 1296 2280 κηρύγματος
1316 2245 1495 2281 ὑποδέχεσθαι
1511 2246 1574 2277 τοὺς
1596 2245 1708 2280 λόγους,
1734 2245 1820 2272 αὑτὸν

1029 2290 1183 2327 ὲπιδείξῃς,
1205 2291 1245 2323 είς
1262 2291 1398 2326 ρᾳθυμίαν
1411 2291 1441 2318 δὲ
1455 2291 1505 2326 τὴν
1519 2291 1674 2327 προθυμίαν
1696 2291 1820 2317 καταλύ-

1031 2337 1127 2369 σειςδσ
1145 2336 1203 2364 ἀλλ’
1226 2337 1318 2372 ὅμοιον
1339 2338 1389 2373 μὲν
1412 2339 1446 2374 τῇ
1462 2339 1573 2373 ἀπαρχῇ
1596 2337 1626 2364 τὸ
1639 2337 1729 2369 τέλος,
1747 2337 1821 2371 σύμ-

1031 2391 1119 2418 φωνον
1133 2383 1162 2410 δὲ
1177 2381 1227 2418 τ’ὴν
1243 2383 1382 2410 πολιτείαν
1397 2385 1430 2419 τῇ
1454 2384 1555 2417 πίστει,
1572 2383 1662 2411 κοινὸν
1675 2383 1703 2411 δὲ
1716 2382 1822 2417 ἀγαθὸν

1032 2429 1080 2456 καὶ
1095 2430 1189 2464 γένους
1212 2430 1260 2455 καὶ
1277 2429 1408 2462 πατρίδος
1430 2430 1480 2465 τὴν
1502 2430 1553 2465 σὴν
1574 2429 1664 2462 διδοὺς
1694 2429 1823 2462 ἐξουσίαν

812 2535 930 2563 νΑῐιυΕ
952 2534 1155 2563 LECTIONES.

198 2635 212 2649 ⁸
225 2642 269 2667 rp.
293 2632 341 2658 καὶ
392 2631 471 2666 πρός.
508 2633 522 2654 1
539 2637 583 2665 γρ.
603 2627 745 2659 ἀπέδειξε.
784 2631 794 2644 ι
808 2634 854 2661 γιο.
869 2626 983 2661 νοεροῖς.
1022 2631 1035 2646 ι
1056 2625 1120 2660 ch.
1140 2624 1314 2660 εἰλικρινοῦς.
1351 2623 1366 2643 δ
1385 2622 1449 2658 Leg.
1466 2624 1633 2660 χαταλύσῃς.

945 2704 1061 2732 NOTAE.

230 2803 288 2838 (26)
309 2802 371 2830 Post
384 2801 563 2836 τελεσαμὲνη.
589 2800 645 2838 ἀπὸ
656 2799 807 2838 coegerim?)
825 2797 982 2838 subintelli-

296 2838 421 2878 appetitu.
431 2833 491 2878 quae
503 2833 553 2863 voti
568 2833 985 2878 rectius.adderetur'pacpqveia;

203 2869 300 2906 iralia.
311 2869 488 2905 ’Κροσσωτοῖς
508 2871 644 2905 χρυσέοις.
659 2870 760 2897 Alludit
773 2870 805 2896 ad
823 2869 896 2896 Prol.
913 2877 962 2895 xu"
977 2888 984 2901 ,

1039 2796 1072 2823 15
1086 2805 1092 2824 :
1110 2797 1187 2823 Πᾶσα
1204 2797 1219 2830 ἠ
1241 2795 1303 2828 δόξα
1318 2797 1366 2831 τῆς
1382 2796 1516 2831 θυγατρὸς
1532 2797 1664 2832 βασιλέως
1679 2798 1782 2825 ἔσωθεν
1797 2800 1830 2825 ἐν

1038 2833 1203 2872 κροσσῳτοῖς
1220 2832 1346 2872 χρυσέοις
1364 2832 1596 2867 περιϐεϐλημένη.
1608 2832 1674 2865 Quae
1687 2839 1828 2868 postrema

1039 2866 1092 2894 vox
1112 2867 1153 2894 hic
1168 2866 1262 2894 deesse
1275 2867 1391 2894 videtur.
