1940 3087
131 148 178 180 657

695 147 963 178 EPISTOLARUM
979 148 1094 178 LIBER
1115 148 1139 178 [.

1692 147 1745 178 658

131 204 294 240 καθορᾶσθαι
312 204 360 232 καὶ
374 203 566 241 ὀνομάζεσθαι,
582 204 632 241 τὴν
646 205 716 240 ἐμὴν
739 205 786 231 ἐπὶ
804 205 846 231 σοὶ
863 214 911 240 χα-
925 233 928 238 ,

979 204 1044 232 alem
1060 205 1210 239 praebueris
1225 205 1430 240 aliquantisper,
1450 204 1518 232 illud
1536 207 1614 231 tuum
1625 204 1745 232 studium

134 251 178 287 ρὰν
191 251 240 278 καὶ
253 249 423 285 εὐφροσύνην
433 250 557 286 διατήρει
571 249 772 282 ἀνεξάλειπτον.

963 255 1123 278 convertere
1144 251 1171 278 in
1187 251 1320 286 ignaviam
1336 260 1343 279 :
1362 259 1454 279 verum
1472 250 1533 278 ﬁnis
1553 251 1631 279 initio
1655 258 1748 278 corre-

132 296 355 332 spondeat;vita:
365 296 538 323 conversatio
553 295 633 322 ﬁdem
644 294 795 329 exprimat,
807 298 835 322 et
864 294 929 322 dum
949 299 1023 322 tuam
1041 300 1200 330 potestatem
1235 297 1355 323 omnium
1392 296 1478 324 oculis
1499 300 1527 323 et
1545 296 1644 332 linguis
1664 303 1747 323 usur-

132 343 242 378 pandam
253 342 376 374 exhibes,
386 341 413 369 in
427 348 601 368 communem
615 345 642 368 et
652 341 760 376 generis
775 343 804 368 et
815 339 912 375 patria:
928 340 1083 376 utilitatem,
1107 349 1200 370 meum
1215 342 1250 369 de
1267 346 1293 369 te
1305 341 1433 378 gaudium
1445 345 1472 369 et
1507 341 1591 369 animi
1619 341 1747 368 solatium

131 394 235 421 semper
249 386 398 413 indeletum
415 385 563 413 custodito.

163 432 214 468 κβν.
237 431 307 458 ’Δλλ“
321 431 372 466 ὅρα
382 431 413 466 δή
432 440 477 466 μοι
490 431 594 462 λοιπὸν,
606 430 761 466 φιλόχριστε
775 431 823 457 καὶ
833 439 914 457 πνευ-

135 478 228 513 ματικέ
244 479 259 512 ἠ
265 477 323 512 μῶν
345 477 388 504 υἱὲ
399 498 405 509 ,
421 477 468 504 καὶ
482 477 509 504 ετ
527 486 553 504 τι
569 477 634 505 ἄλλο
650 477 755 516 κλεινὸν
769 478 817 504 καί
831 477 914 504 καλὸν

133 523 176 550 καὶ
191 523 308 559 στοργῆς
318 523 392 555 ἄξιον
404 523 501 557 δνομα,
514 524 564 559 ὅρα
579 523 723 559 τοιγαροῦν
741 523 807 555 ὅσας
822 531 914 558 παρα-

132 569 220 602 τάξεις
235 569 250 595 ὸ
262 568 380 604 πονηρὸς
394 568 465 595 κατὰ
478 568 529 603 τῆς
541 568 670 600 εὐσεὸοῢς
689 569 735 596 καὶ
751 568 836 603 μόνης
846 567 914 603 ἀλη-

134 613 205 648 θινῆς
220 613 274 639 τῶν
292 612 463 648 Χριστιανῶν
477 612 626 648 θρησκείας
639 611 850 647 ἐπαλαμήσατο,
869 611 914 637 αξη

133 659 221 695 ρέσεις
259 659 405 693 διαφόρους
425 679 433 692 ,
448 659 496 685 καὶ
526 658 636 689 στάσεις
653 678 660 690 ,
676 658 723 684 καὶ
751 657 854 692 μάχας,
867 656 915 683 καὶ

135 703 268 740 πολέμους
288 704 414 732 ἐπινοῶν,
429 703 501 738 Ὅρα
523 703 553 730 δὲ
566 704 614 730 καὶ
627 703 799 735 τοῦτο,ὃπως
807 701 915 733 ἁπάσας

133 748 200 785 αὕτη
222 749 435 785 κατεστρέψατο,
460 749 509 776 καὶ
532 749 646 784 λαμπρὰ
669 749 703 776 τὰ
720 749 791 775 κατὰ
806 748 916 775 πάντων

133 796 262 830 ἀνέστησε
282 797 413 831 τρόπαια.
438 795 494 823 Καὶ
514 795 597 830 μηδὲν
624 794 769 830 θαυμάσῃς
788 794 837 825 τὰς
855 794 916 821 κατ’

131 840 214 875 αὐτῆς
232 830 406 876 λογιζόμενος
421 840 542 871 ἐπινοίας
567 839 614 866 καὶ
632 839 787 870 ἐπιϐουλάς.
804 839 916 875 Πρῶτον
931 830 953 858 Β

134 886 181 920 μὲν
194 886 260 922 γὰρ,
282 886 332 912 οὐκ
352 885 384 913 ἃν
399 884 470 912 οὕτω
491 885 644 921 περιφανὴς
661 885 708 912 καὶ
730 884 850 921 κραταιὰ
869 885 917 911 καὶ

132 930 265 967 ἐπίσημος
276 931 321 958 διὰ
334 931 384 966 τῆς
395 931 474 965 νίκης
489 931 604 965 ἐγίνετο,
617 931 641 957 εἰ
657 930 740 966 μηδὲν
754 931 823 966 αὐτῇ
839 930 918 957 πολέ-

134 985 193 1012 μιον
219 977 409 1005 συνεπλέκετο.
429 977 546 1004 Ἔπειτα
564 977 592 1004 δὲ
610 977 657 1003 κα)⁵
675 977 791 1012 συνορᾷν
815 976 917 1012 ῥᾴδιον,

133 1022 169 1055 ὡς
181 1023 299 1059 ἔνθαπερ
310 1024 324 1050 ό
341 1023 458 1059 πονηρὸς
477 1023 657 1059 σφοδρότερον
672 1023 845 1058 πολεμεῖται,
861 1024 920 1049 ἐκεῖ

138 1069 179 1097 uti.
191 1069 271 1101 αὐτὸς
287 1069 496 1105 σπουδαιότερον
510 1069 544 1096 τὰ.
561 1069 611 1104 τῆς
631 1069 730 1100 κακίας
744 1069 827 1096 αὐτοῦ
854 1068 918 1104 βέλη

138 1115 248 1149 πέμπει,
264 1115 312 1142 καὶ
335 1115 369 1142 τὰ
387 1115 574 1150 μηχανήματα
593 1115 712 1149 ἵστησιν.
734 1114 778 1140 Ἐν
797 1113 846 1149 μὲν
866 1113 920 1147 γὰρ

138 1162 193 1192 τοῖς
208 1160 299 1192 ἄλλοις
308 1160 424 1194 ἔθνεσιν,
442 1161 504 1188 ἐπεὶ
519 1160 613 1196 μηδείς
627 1162 702 1187 ἐστιν
715 1160 789 1194 αὐτῷ
806 1159 921 1194 σφοδρὸς

137 1205 269 1241 πόλεμος,
284 1206 328 1232 διὰ
342 1205 423 1233 τοῦτο
446 1206 507 1233 οὐδὲ
530 1206 611 1238 αὐτὸς
635 1206 695 1233 κατ’
719 1205 831 1232 ἐκείνων
844 1205 921 1231 ὁπλί-

137 1251 222 1284 ζεταιθ
236 1253 251 1279 ὁ
263 1252 291 1279 δὲ
305 1251 499 1287 Χριστώνυμος
512 1251 559 1279 τοῦ
572 1251 641 1278 Θεοῦ
656 1251 730 1283 λαὸς,
744 1250 775 1278 τὸ
790 1251 877 1284 ἅγιον,
891 1251 923 1277 τὸ

136 1297 272 1333 βασίλειον
294 1297 454 1332 ἱεράτευμα,
478 1297 538 1324 ἐπεὶ
555 1296 615 1323 καθ’
632 1297 751 1331 ἑκάστην
777 1295 924 1331 κραταιού-

137 1351 214 1379 μενοι
230 1345 264 1379 τῇ
279 1343 385 1376 πίστει,
402 1343 472 1371 κατὰ
486 1342 542 1370 τῶν
555 1343 681 1378 πονηρῶν
693 1342 776 1370 αὑτοῦ
796 1342 924 1377 πράξεων

139 1391 185 1416 καὶ
197 1390 422 1425 ἐπιτηδευμάτων
437 1389 607 1424 άνδρίζονται
617 1409 626 1423 ,
643 1389 688 1415 διὰ
706 1388 786 1415 τοῦτο
799 1389 924 1419 κάκεῖνος

138 1435 252 1469 μυρίαις
267 1435 426 1466 ἐπιδολαῖςα
449 1435 497 1462 καὶ
517 1435 618 1466 πάσαις
644 1434 769 1469 μεθόδοις
793 1434 869 1465 τινὰς
895 1433 925 1467 ἐξ

1001 430 1046 458 2‘2.
1067 430 1121 458 Sed
1133 430 1196 458 vide
1209 430 1330 463 demum,
1343 438 1435 465 quaeso
1448 435 1484 462 te.
1502 438 1518 457 ο
1530 435 1559 458 ιιι
1573 431 1639 458 mihi
1651 431 1749 459 dilecte

966 476 993 503 in
1025 475 1135 504 Christo
1160 480 1190 504 et
1216 476 1364 511 spiritualis
1394 475 1443 508 ﬁli,
1471 481 1499 504 et
1528 477 1550 504 si
1585 477 1650 512 quid
1675 477 1750 505 aliud

965 522 1095 549 eximium
1115 523 1241 557 usurpari
1264 526 1354 557 potest
1377 526 1404 549 et
1421 522 1556 549 excellens
1579 530 1678 549 nomen
1707 522 1750 550 di-

966 575 1049 603 gnum
1063 573 1178 603 paterno
1196 568 1242 595 illo
1256 576 1311 603 quo
1327 572 1353 595 te
1374 567 1525 602 amplector
1536 567 1652 599 allecto;
1675 567 1749 601 vide,

965 614 1087 648 inquam,
1103 618 1131 641 et
1151 614 1264 641 adverte
1280 618 1347 648 quot
1359 612 1490 640 adversus
1508 612 1581 639 acies
1604 612 1691 639 malus
1704 612 1751 640 ille

963 660 1069 688 daemon
1084 664 1180 687 contra
1200 660 1286 695 pium.
1314 660 1403 687 solum
1429 667 1525 687 verum
1550 659 1751 687 Christianismi

963 706 1066 733 cultum
1089 705 1249 733 instruxerit
1272 713 1279 732 :
1303 705 1421 732 haereses
1447 705 1578 731 nimirum
1602 704 1751 739 plurimas,

965 751 1107 782 tumultus,
1122 759 1237 786 pugnas,
1259 750 1462 782 contentiones,
1487 750 1579 784 praelia
1594 749 1752 777 concitavit.

966 796 1034 824 Vide
1050 801 1141 824 autem
1157 795 1387 831 quemadmodum
1413 794 1567 822 Christiana
1595 794 1682 829 pietas
1701 794 1753 821 ista

967 842 1058 870 omnia
1074 841 1143 869 fudit
1162 841 1328 877 fugavitque.
1342 846 1370 868 et
1385 840 1565 868 clarissimum
1579 839 1642 867 itide
1655 839 1754 867 trium-

967 888 1050 922 phum
1080 888 1235 923 reportavit.
1260 887 1315 915 Nec
1346 892 1372 914 te
1390 889 1486 915 subeat
1502 886 1665 918 admiratio,
1687 886 1752 914 dum

967 938 1059 961 mente
1084 934 1208 961 revolvas
1228 939 1323 961 contra
1349 934 1423 960 illam
1449 937 1591 967 susceptas
1614 932 1754 960 machina-

968 979 1057 1007 tiones
1075 983 1102 1007 et
1115 979 1238 1007 insidias.
1253 979 1389 1014 Imprimis
1401 978 1474 1006 enim
1484 985 1655 1012 nequaquam
1667 977 1754 1005 victo-

969 1026 1037 1053 riam
1065 1029 1119 1053 tam
1145 1026 1288 1058 illustrem,
1312 1029 1437 1060 potenter
1448 1028 1553 1059 partam
1569 1029 1597 1051 et
1609 1024 1754 1059 gloriosam

970 1075 1136 1105 repertasset
1150 1071 1302 1098 Christiana
1314 1072 1411 1106 pietas,
1424 1073 1446 1099 si
1464 1080 1526 1100 cum
1551 1072 1626 1099 nullo
1640 1079 1755 1107 congre-

970 1117 1083 1144 deretur
1100 1116 1267 1144 adversario.
1291 1117 1394 1144 Deinde
1411 1121 1439 1144 et
1462 1117 1527 1144 illud
1550 1117 1629 1145 facile
1652 1117 1756 1145 intelli-

971 1162 1055 1197 gitur,
1070 1162 1143 1196 quod
1166 1162 1211 1189 ubi
1226 1162 1342 1189 validius
1366 1162 1455 1190 malus
1480 1162 1524 1189 ille
1549 1162 1622 1189 bello
1645 1162 1756 1197 petitur,

971 1206 1008 1234 ibi
1027 1210 1056 1234 et
1078 1207 1137 1242 ipse
1157 1214 1207 1234 sua
1229 1207 1370 1241 inquitatis
1399 1207 1452 1234 tela
1477 1207 1575 1234 fortius
1599 1207 1710 1240 emittit,
1730 1211 1759 1235 et

972 1252 1113 1280 machinas
1126 1253 1236 1288 adaptat
1251 1261 1323 1281 suas.
1341 1252 1374 1280 Et
1392 1258 1467 1281 certe
1481 1253 1551 1282 inter
1569 1254 1636 1281 alias
1653 1258 1758 1289 gentes,

972 1307 1005 1326 eo
1015 1299 1087 1334 quod
1104 1307 1274 1334 nequaquam
1298 1299 1370 1326 serio
1394 1303 1488 1327 contra
1515 1299 1604 1334 ipsum
1630 1299 1759 1331 bellatur,

973 1353 1025 1374 nec
1045 1346 1104 1381 ipse
1116 1345 1145 1373 in
1156 1346 1299 1373 adversum
1311 1350 1433 1373 armatus
1450 1346 1518 1373 adeo
1538 1345 1634 1374 tendit.
1656 1345 1691 1373 At
1710 1352 1761 1380 po-

975 1391 1056 1426 pulus
1081 1391 1128 1426 qui
1150 1398 1166 1418 a
1193 1391 1305 1418 Christo
1331 1391 1443 1418 sortitur
1477 1398 1593 1422 nomen,
1619 1392 1695 1418 natio
1716 1390 1762 1418 illa

976 1442 1082 1470 sancta,
1110 1438 1202 1473 regale
1228 1437 1422 1469 sacerdotium,
1447 1444 1480 1464 eo
1507 1437 1580 1471 quod
1609 1444 1658 1471 per
1682 1436 1762 1463 ﬁdem

137 1479 228 1506 αὐτῶν
242 1480 429 1512 ὑποσκελίζειν
450 1479 610 1515 τεχνάζεται
620 1500 627 1513 ,
642 1479 689 1506 καὶ
704 1479 861 1506 ἀντιλυπεῖν
875 1478 924 1514 τὴν

979 1483 1165 1518 przevalemes,
1183 1483 1306 1518 quotidie
1317 1488 1412 1510 contra
1434 1482 1574 1518 improbos
1587 1481 1671 1516 ipsius
1685 1485 1764 1509 actus

145 1526 308 1562 Ἐκκλησίαν
318 1526 437 1562 Χριστοῦ
450 1526 626 1561 ἀγωνίζεται,
639 1527 664 1553 εί
677 1526 725 1553 καὶ
740 1526 780 1557 εις
792 1525 925 1561 αἰσχύνην

140 1568 215 1604 αὐτῷ
227 1570 252 1596 ot
271 1570 376 1604 ἀγῶνες
397 1570 445 1597 καὶ
459 1570 493 1597 τὰ
508 1569 705 1605 πονηρεύματα
722 1570 927 1605 καταστρέφου-

139 1623 183 1642 σιν
192 1625 199 1631 ·
215 1615 272 1643 ἀλλ’
288 1615 358 1643 ὥστε
366 1615 380 1635 ἀ
392 1617 421 1643 δὲ
432 1616 467 1643 τὰ
479 1617 527 1652 μὲν
541 1616 608 1643 ἄλλα
617 1617 673 1644 τῶν
687 1616 771 1643 ἐθνῶν
783 1617 928 1652 ἀδιάκριτα

140 1663 188 1689 καὶ
201 1662 393 1698 συγκεχυμένα
413 1663 448 1689 τά
468 1663 497 1689 ἐν
517 1662 650 1697 δόγμασιν
665 1662 722 1697 ἐχει
744 1663 907 1697 φρονήματα
919 1680 927 1693 ,

140 1709 188 1735 καὶ
203 1709 279 1736 οὐδὲν
295 1709 414 1744 καθαρὸν
438 1709 492 1735 οὐδ’
507 1710 546 1741 εἰς
562 1709 705 1744 ἀκρίϐειαν
730 1707 929 1743 δεδοκιμασμέ-

141 1762 197 1787 νον,
211 1754 256 1781 διὰ
269 1753 347 1780 τοῦτο
360 1754 388 1779 ἐν
400 1753 515 1784 ἐκείνοις
523 1752 585 1779 οὔτε
597 1752 627 1779 τὸ
637 1752 853 1788 διεστραμμένον
866 1752 930 1786 φαίη

141 1807 229 1827 νεται.
262 1800 306 1826 Ἐν
318 1799 347 1825 δὲ
365 1800 398 1834 τῇ
424 1798 618 1834 καθαρωτάτη,
645 1798 692 1827 καὶ
710 1798 861 1833 ἁγιωτάτῃ,
883 1798 931 1824 καὶ

142 1844 211 1871 πολὺ
224 1844 254 1871 τὸ
270 1843 383 1879 ἀκριϐὲς
394 1843 495 1880 ἐχούσῃ
508 1843 599 1870 πίστει
616 1842 669 1869 τῶν
682 1843 866 1878 Χριστιανῶν,
889 1843 932 1869 διὰ

142 1890 246 1918 τὸ¹λίαν
258 1890 343 1925 αὐτῆς
359 1889 504 1924 εἰλικρινὲς
524 1889 576 1919 καὶ)
593 1889 672 1921 εὺθὲς
693 1890 741 1916 καὶ
765 1889 933 1926 ἐξῃρημένον

143 1936 191 1964 καὶ
206 1936 356 1972 ἀκήρατον,
369 1935 478 1962 ἐπειδάν
494 1943 536 1967 τις
552 1935 600 1962 καὶ
612 1935 710 1971 μικρόν
723 1943 750 1961 τι
766 1935 934 1971 διαστροφῆς

144 1984 162 2020 ἦ
180 1984 355 2020 καινοτομίας
367 1984 591 2020 παρεισενεγκεῖν
606 1984 781 2019 ἐπιχειρήσῃ,
793 1983 893 2010 αὐτίκα
903 1982 935 2010 τὸ

143 2030 363 2066 διεστραμμένον
377 2030 425 2057 καὶ
443 2029 571 2065 κίϐδηλον
591 2031 624 2065 τῇ
638 2029 789 2065 παραθέσει
803 2029 854 2065 τῆς
866 2029 935 2065 ἀλη-

145 2076 221 2108 θείας
239 2076 287 2103 καὶ
302 2076 349 2102 τοῦ
371 2075 452 2112 ὀρθοῦ
482 2075 561 2110 λόγου
579 2075 775 2110 καταφαίνεται
794 2084 824 2102 τε
835 2077 883 2103 καὶ
896 2075 936 2102 δι-

146 2121 299 2156 ελέγχεται,
309 2122 356 2148 καὶ
376 2121 431 2147 οὐδ’
448 2121 495 2147 ἐπὶ
512 2121 598 2157 βραχὺ
610 2121 640 2147 τὺ
656 2121 732 2148 νόθον
742 2121 867 2156 γέννημα
880 2121 935 2148 οὐδ’

975 1534 1004 1557 et
1022 1529 1147 1557 instituta
1159 1529 1310 1560 decertant,
1324 1533 1352 1556 et
1363 1529 1421 1563 ipse
1434 1536 1546 1564 quoque
1560 1532 1702 1555 sexcentas
1721 1527 1764 1554 in-

977 1575 1072 1608 sidias,
1087 1575 1209 1603 diversas
1224 1575 1283 1602 vias
1296 1575 1430 1610 excogitat
1443 1579 1471 1602 et
1480 1574 1664 1606 machinatur,
1677 1578 1708 1601 ut
1722 1573 1765 1600 vel

977 1624 1074 1651 saltem
1104 1623 1251 1650 nonnullos
1280 1623 1460 1657 supplantare
1487 1626 1569 1656 atque
1598 1622 1635 1648 ita
1663 1621 1765 1648 Christi

979 1668 1130 1696 Ecclesiam
1154 1675 1272 1695 mcerore
1293 1667 1401 1695 allicere
1422 1671 1451 1694 et
1470 1665 1580 1694 tristitia
1593 1669 1706 1700 posset:
1724 1669 1763 1692 ut-

979 1722 1088 1749 cunque
1097 1714 1206 1741 tandem
1222 1713 1330 1748 incepta
1341 1713 1432 1740 omnia
1442 1717 1469 1740 et
1480 1712 1563 1747 impia
1575 1712 1620 1739 illa
1631 1711 1768 1739 machina-

981 1765 1074 1788 menta
1087 1760 1113 1787 in
1128 1759 1216 1794 ipsius
1231 1758 1351 1787 dedecus
1364 1766 1496 1786 conversa
1519 1757 1657 1786 desinent.
1672 1757 1726 1785 Sed
1741 1762 1769 1784 et

981 1807 1040 1834 alia:
1056 1806 1181 1834 nationes
1195 1806 1321 1841 dogmata
1338 1813 1387 1832 sua
1420 1809 1449 1832 et
1470 1804 1622 1832 doctrinam
1643 1803 1770 1830 indistin-

982 1858 1055 1880 ctam
1077 1856 1105 1879 et
1115 1851 1257 1879 confusam
1272 1851 1383 1882 habent,
1397 1857 1449 1877 nec
1457 1849 1604 1884 quidquam
1619 1849 1691 1883 apud
1711 1849 1771 1877 illos

983 1897 1143 1925 defecatum
1176 1895 1311 1930 reperitur
1348 1899 1396 1922 aut
1417 1902 1479 1922 cum
1493 1901 1559 1921 cura
1591 1893 1770 1921 exasciatum.

985 1943 1055 1970 Hinc
1068 1946 1110 1970 est
1120 1942 1193 1977 quod
1219 1941 1288 1969 nihil
1304 1941 1429 1969 videatur
1448 1940 1519 1967 inter
1536 1939 1594 1967 illas
1615 1939 1771 1967 distortum.

986 1988 1087 2016 Verum
1104 1988 1132 2015 in
1143 1987 1187 2015 illa
1203 1987 1395 2019 mundissima.
1411 1986 1594 2013 sacratissima
1609 1989 1639 2013 et
1659 1992 1773 2012 accura-

987 2033 1091 2061 tissima
1110 2032 1326 2060 Christianorum
1339 2031 1402 2064 ﬁde,
1415 2035 1529 2066 propter
1541 2037 1675 2058 summam
1689 2029 1776 2064 ipsius

988 2079 1136 2115 puritatem
1153 2083 1182 2106 et
1205 2077 1406 2112 impermistam
1430 2076 1645 2111 simplicitatem,
1666 2080 1777 2110 propter

991 2124 1182 2152 rectitudinem
1193 2128 1221 2150 et
1232 2122 1368 2150 delectum
1382 2129 1437 2156 quo
1455 2120 1605 2155 praafertur‘
1618 2119 1736 2151 caeteris.
1754 2120 1776 2146 si

148 2167 202 2192 ὑπὸ
218 2167 267 2201 τὴν
279 2167 363 2200 αὐτὴν
376 2167 524 2202 ὀνομασίαν
537 2165 617 2201 εἶναι,
634 2168 689 2194 τῶν
700 2168 821 2194 εὐσεϐῶν
832 2168 928 2204 δογμά·

989 2170 1052 2206 quis
1073 2169 1116 2197 vel
1136 2169 1271 2196 tantillum
1300 2168 1327 2194 in
1344 2175 1375 2195 ea
1400 2175 1416 2194 a
1443 2166 1607 2194 rectitudine
1625 2165 1776 2196 declinans,

147 2221 204 2240 των
217 2212 342 2247 οὐδαμῶς
364 2213 490 2248 ἀνέχεται
505 2214 521 2246 ὴ
539 2213 675 2247 εὐγένεια.
692 2214 798 2250 ’Ὠσπερ
814 2215 869 2250 γὰρ
891 2216 938 2241 ἐπὶ

148 2258 204 2286 τῶν
228 2257 322 2285 κάλλει
336 2258 519 2293 διαφερόντων
545 2260 679 2294 σωμάτων
707 2260 756 2287 καὶ
786 2261 872 2297 μικρά
897 2269 939 2293 τις

150 2305 331 2340 ἐπιγενομένη
351 2305 429 2340 κηλὶς
445 2305 540 2332 θᾶττον
555 2307 700 2340 συνορᾶται
714 2306 762 2333 καὶ
777 2306 939 2342 πεφώραται

150 2354 185 2387 τῇ
199 2351 348 2387 παραθέσει
361 2351 410 2386 τῆς
427 2351 523 2386 λοιπῆς
544 2351 574 2378 ὲν
585 2351 624 2387 τῷ
642 2352 748 2386 σώματι
761 2352 939 2387 ὡραιότητος,

151 2399 209 2429 τοῖς
220 2397 242 2424 δ’
262 2398 385 2432 αἰσχροῖς
397 2397 447 2432 τὴν
461 2396 522 2431 ὖψιν
538 2397 588 2423 οὐκ
603 2397 636 2424 ἂν
651 2397 822 2433 ἐξελεγχθείη
840 2399 939 2434 ῥᾳδίως

151 2443 188 2470 τὰ
222 2443 271 2477 τῆς
289 2437 483 2479 ἁσίημοσύνης
506 2443 580 2478 πάθη
605 2444 838 2479 ἐπισυνιστάμενα
858 2445 936 2480 (imm

153 2489 281 2516 λανθάνει
304 2489 359 2524 γὰρ
383 2489 433 2522 τῆς
457 2488 596 2523 ἀμορφίας
624 2488 663 2524 τῷ
691 2491 818 2523 συγγενεί
838 2490 886 2517 κα)⁵
906 2492 941 2527 τῇ

153 2534 307 2570 ὁμοιότητι)
316 2542 322 2549 ·
336 2534 408 2561 οὓτω
423 2535 471 2561 καὶ
484 2534 531 2561 ἐπὶ
538 2536 587 2570 τῆς
599 2534 653 2561 τῶν
662 2535 833 2570 Χριστιανῶν
845 2537 943 2571 ώραιοο

154 2584 240 2617 τατης
259 2581 296 2612 ὡς
315 2581 424 2616 ἀληθῶς
439 2581 487 2608 καὶ
508 2581 710 2617 ὐπερλάμπρου
731 2584 879 2618 θρησκείας
895 2585 942 2611 καὶ

155 2628 293 2660 πίστεως,
307 2627 359 2654 κᾶν
378 2628 408 2653 τὸ
426 2627 592 2662 βραχύτατὸν
611 2636 653 2660 τις
668 2629 752 2664 αὐτῆς
767 2630 941 2667 παρατρέψῃ,

156 2675 283 2712 μεγάλην
301 2673 494 2709 ἀσχημοσύνην
510 2674 675 2708 ἐργάζεται*
697 2675 732 2701 τὰ
755 2675 776 2700 δ’
800 2675 868 2702 ἄλλα
890 2677 944 2702 τῶν

156 2721 243 2748 ἐθνῶν
264 2721 388 2755 δόγματα
399 2740 406 2752 ,
424 2719 525 2753 πολλῆς
540 2720 675 2755 ἀκοσμίας
689 2720 736 2746 κα)⁵
753 2721 944 2756 ἀσχημοσύνης

159 2768 294 2802 γέμοντα,
308 2766 437 2801 οὐδεμίαν
451 2766 523 2801 ἐχειν
540 2767 595 2797 τοῖς
610 2767 719 2799 οἰκείοις
738 2768 866 2803 ἐρασταῖς
885 2776 947 2794 συν-

990 2218 1150 2244 innovatum
1163 2214 1265 2250 aliquid
1288 2213 1532 2242 subintroduxerit,
1549 2211 1679 2239 continuo
1706 2211 1779 2245 quod

990 2263 1132 2297 obliquum
1147 2265 1188 2288 est
1205 2264 1232 2287 et
1247 2259 1442 2290 adulteratum,
1454 2257 1477 2284 si
1493 2257 1526 2284 ad
1545 2260 1645 2283 rectam
1656 2256 1780 2283 veritatis

992 2308 1126 2336 rationem
1141 2306 1275 2341 exigatur,
1287 2310 1314 2332 et
1325 2307 1439 2339 apparet
1451 2307 1479 2330 et
1493 2302 1675 2329 convincitur.
1686 2302 1780 2336 Neque

992 2359 1066 2382 certe
1098 2352 1153 2388 pati
1182 2355 1273 2386 potest
1294 2357 1426 2385 generosa
1448 2349 1494 2375 illa
1521 2348 1625 2374 indoles
1649 2347 1781 2374 doctrina:

993 2410 1076 2434 sanae,
1102 2406 1133 2429 ut
1156 2401 1248 2436 spuria
1272 2400 1397 2435 dogmata
1423 2397 1464 2424 vel
1490 2396 1624 2423 tantillum
1649 2395 1781 2430 temporis

994 2449 1044 2476 sub
1052 2456 1107 2475 uno
1115 2455 1209 2475 secum
1216 2445 1327 2474 nomine
1337 2444 1538 2472 delitescerent.
1545 2440 1780 2474 Quemadmodum

995 2495 1067 2521 enim
1083 2494 1111 2520 in
1126 2500 1241 2528 corpore
1255 2491 1370 2527 pulchro
1391 2489 1434 2516 vel
1455 2488 1568 2515 minima
1586 2486 1712 2514 labecula
1735 2491 1782 2513 aut

995 2541 1100 2568 macula
1117 2547 1176 2574 qua:
1190 2537 1346 2569 adhaeserit,
1367 2535 1442 2564 cerni
1455 2538 1543 2570 potest
1558 2539 1585 2562 et
1596 2534 1680 2561 citius
1693 2532 1780 2559 anim-

997 2586 1112 2618 adverti,
1135 2592 1168 2612 eo
1191 2583 1264 2618 quod
1281 2590 1296 2609 a
1310 2581 1414 2616 reliqua
1423 2577 1784 2613 discrepetpulchritudine,

996 2632 1020 2660 si
1037 2631 1070 2659 ad
1091 2638 1152 2659 eam
1168 2633 1365 2664 componatur:
1383 2630 1426 2653 ast
1437 2626 1463 2653 in
1486 2625 1653 2653 deformibus
1676 2627 1704 2650 et
1724 2623 1783 2649 visu

999 2675 1134 2709 turpibus,
1151 2681 1212 2708 qua).
1232 2671 1365 2707 turpicula
1378 2675 1451 2702 sunt,
1464 2678 1518 2697 non
1528 2675 1581 2696 tam
1597 2669 1651 2695 cito
1666 2672 1693 2694 et
1709 2666 1788 2694 facile

998 2720 1259 2756 deprehenduntur;
1281 2726 1345 2745 nam
1361 2726 1409 2752 per
1426 2715 1607 2746 deformitatis
1630 2713 1786 2741 similitudi—

1000 2775 1064 2794 nem
1078 2771 1106 2794 et
1119 2772 1300 2801 congenerem
1317 2764 1432 2792 formam
1457 2763 1542 2790 latent
1558 2770 1565 2788 :
1580 2761 1617 2788 ita
1632 2767 1739 2795 quoque
1760 2764 1788 2786 et

815 2835 931 2863 ΥΑΒΙᾹΞ
949 2834 1153 2862 LECTIONES.

202 2875 215 2890 ε
232 2871 398 2902 ἐπιϐουλαῖς.
435 2871 447 2890 α
472 2879 516 2904 7p.
529 2869 614 2901 ἄλλως
626 2878 665 2898 τε.
