1940 3087
190 140 244 172 659

774 135 906 167 PHOTII
923 135 1176 166 PATBIARCH/E
1196 135 1251 166 CP.

1764 133 1809 166 660

190 199 217 227 in
233 197 396 226 Christianae
418 194 556 230 religionis
571 199 599 221 et
620 193 684 221 fidei
709 193 854 228 splendore
870 200 901 220 ac
917 193 966 228 pul-

1030 191 1156 228 αίσθησιν
1168 192 1260 219 δίδωσι
1279 190 1329 226 τῆς
1344 190 1556 226 ἐπιγιγνομένης
1572 190 1761 226 αἱσχρότητος.
1776 192 1807 217 υὺ

190 245 345 273 chritudine
359 243 456 271 accidit
474 251 481 269 :
495 242 519 269 si
534 241 596 276 quis
611 241 653 268 vel
671 240 805 267 tantillum
820 240 848 266 in
864 239 907 266 illa
925 239 976 266 im-

189 296 324 319 mutatum
346 288 518 325 pervenerit,
549 294 674 323 magnam
698 289 826 321 operatur
847 284 977 312 deformi-

189 342 283 368 tatem,
309 343 369 371 quae
398 335 457 370 ipsa
483 339 511 361 et
537 333 626 360 statim
652 331 885 367 deprehenditur;
913 337 976 357 cum

188 389 346 411 casterarum
361 381 483 417 gentium
497 379 631 413 doctrina,
647 383 741 413 utpote
756 377 890 405 dedecore
906 376 976 404 nlul-

188 428 272 464 tiplici
286 427 386 456 referta
400 432 428 455 et
443 427 622 462 turpitudine,
643 426 748 454 nullum
769 424 850 460 plane
865 430 974 451 sensum

177 474 274 509 ipsius
291 473 453 508 sequacibus
467 473 591 500 admissae
604 470 781 507 turpitudinis
793 469 836 497 vel
850 468 976 496 notitiam

187 523 324 555 suggerat.
339 519 417 552 Quod
439 519 529 554 ipsum
548 519 643 546 eodem
659 519 739 545 modo
759 515 976 548 animadvertere

187 566 251 594 licet
265 567 292 593 in
307 566 414 594 caeteris
425 565 562 595 omnibus.
580 565 660 592 etiam
671 563 777 591 artibus
789 567 818 589 et
833 561 957 589 scientiis
966 566 982 588 ι·

186 620 249 639 nam
265 612 292 639 in
318 612 351 639 iis
365 619 426 647 qua:
447 615 574 638 constant
592 609 760 637 exactissime
800 607 840 635 vel
862 606 976 634 minima

186 657 324 685 aberratio
353 657 432 685 facile
456 656 642 688 discernitur;
671 662 734 682 cum
761 654 789 681 in
816 653 975 688 vulgaribus

185 704 269 731 multa
284 704 461 739 negligantur,
475 707 502 730 et
516 709 567 729 nec
581 702 610 728 in
629 708 753 728 errorum
777 707 859 728 censu
893 706 975 733 repu-

185 755 287 777 tentur.
303 749 342 777 lta
359 757 388 776 se
404 756 447 776 res
461 755 569 784 quoque
592 747 674 775 habet
697 751 724 775 et
740 747 767 774 in
791 745 973 782 principibus,

184 802 212 823 et
228 797 254 823 in
268 795 404 831 dignitatis
416 795 500 830 gradu
515 801 597 828 super
610 793 678 820 alios
696 792 861 824 constitutis,
885 799 973 826 eoque

1033 238 1112 273 μόνον
1126 238 1168 272 δὲ,
1180 237 1250 265 ἀλλὰ
1265 237 1314 264 καὶ
1323 237 1371 264 ἐπὶ
1384 237 1439 263 τῶν
1450 237 1538 264 ἄλλων
1548 236 1644 263 πασῶν
1658 237 1759 272 τεχνῶν
1767 237 1808 263 καὶ

1030 284 1191 319 ἐπιστημῶν
1205 283 1236 310 τὸ
1249 283 1315 311 αὐτὸ
1329 283 1447 310 κατιδεῖν
1458 283 1542 310 ἐστιν.
1561 282 1607 309 Ἐν
1623 282 1673 317 μὲν
1687 282 1741 318 γὰρ
1756 283 1809 314 ταῖς

1029 329 1240 365 ἀκριϐεστάταις
1255 330 1303 356 κα)⁵
1311 329 1342 356 τὸ
1354 329 1524 365 βραχύτατον
1538 328 1595 355 τῶν
1608 328 1809 364 ἁμαρτημάτων

1029 376 1117 411 ῥᾷστα
1128 376 1291 411 κατάφωρον
1301 375 1417 410 γίνεται·
1430 376 1459 402 ὲν
1469 375 1497 401 δὲ
1507 376 1566 407 ταῖς
1574 374 1720 410 τυχούσαις
1732 374 1809 401 πολλὰ

1029 424 1202 458 παρορᾶται,
1219 422 1267 449 καὶ
1277 421 1331 448 οὐδ’
1345 423 1385 453 είς
1396 422 1549 457 ἁμάρτημα
1557 421 1691 457 κρίνεται,
1707 422 1738 448 El
1752 421 1808 456 βού-

1029 468 1070 496 λει
1082 469 1125 503 δὲ,
1143 469 1190 496 καὶ
1211 470 1240 495 ὲν
1262 468 1312 503 μὲν
1329 469 1387 500 τοῖς
1410 469 1534 503 ἄρχουσι,
1547 468 1595 494 καὶ
1608 467 1662 494 τῶν
1675 467 1761 495 ἄλλων
1778 468 1808 503 τῇ

1028 515 1138 551 ἐξουσίᾳ
1152 515 1315 550 προέχουσι,
1330 514 1447 549 μάλιστα
1461 514 1491 541 δὲ
1505 511 1546 545 οἷς
1557 514 1627 541 κατὰ
1645 513 1772 540 πλειόνων
1782 513 1809 540 τὸ

1029 561 1140 597 κράτος,
1154 561 1203 588 καὶ
1219 561 1249 587 τὸ
1263 560 1360 596 μικρὸν
1379 560 1433 587 τῶν
1449 560 1627 596 πταισμάτων
1640 561 1679 591 είς
1701 561 1808 595 μέγεθος

1029 608 1146 643 αἴρεται,
1158 607 1204 634 καὶ
1217 608 1285 634 πᾶσι
1297 608 1402 642 γίνεται
1416 607 1579 643 περιὸόητον
1588 615 1596 622 ·
1610 607 1639 633 ὲν
1651 606 1680 633 δὲ
1695 608 1752 640 τοῖς
1764 607 1809 642 ἁρ-

1029 653 1153 689 χομένοις
1167 653 1214 679 καὶ
1227 653 1432 689 ταπεινοτέροις
1447 653 1531 680 πολλὰ
1546 653 1601 680 τῶν
1614 653 1808 688 παραπλησίως

1027 698 1271 734 διαμαρτηθέντων
1291 698 1346 725 οὐδ’
1368 699 1409 725 ὅτι
1428 698 1553 734 ἐπράχθη
1576 698 1807 734 συνεγνῶσθησαν,

1027 745 1085 772 ἀλλ’
1101 744 1277 780 ὲναπεκρύὸη
1292 746 1341 771 καὶ
1355 744 1435 772 ἔλαθε
1445 765 1452 778 ,
1475 746 1508 780 τῇ
1533 744 1696 780 σμικρότητι
1710 744 1756 771 καὶ
1767 745 1808 771 εὑ-

1026 792 1118 828 τελείᾳ
1129 791 1385 818 συναποσδεσθέντα
1397 790 1444 818 τοῦ
1458 790 1680 825 ἁμαρτήσαντος.

181 841 269 876 magis
283 848 336 875 quo
350 839 473 875 pluribus
486 838 701 874 imperitaverint
715 846 722 864 :
740 836 779 863 illi
798 836 869 863 enim
885 836 908 863 si
922 835 965 863 vel
985 835 1082 863 leviter
1099 835 1304 871 cespitaverint,
1320 841 1509 872 exaggeratur,
1522 840 1551 863 et
1583 843 1711 871 magnum
1739 835 1810 871 ﬂagi-

182 887 251 913 tium
282 886 425 913 admisisse
447 885 568 912 omnium
592 884 695 919 judicio
726 883 892 911 denotantur
912 891 919 909 :

951 890 1012 909 cum
1042 887 1134 910 tamen
1160 882 1262 910 subditi
1295 886 1323 909 et
1348 882 1487 910 inferioris
1508 882 1622 915 ordinis,
1639 883 1659 910 si
1676 882 1810 912 multoties

181 932 280 960 similia
295 931 378 967 plane
391 931 561 963 admiserint,
580 930 655 957 nulla
670 929 768 957 notitia
787 933 927 960 notantur,
942 935 1033 964 neque
1054 929 1080 956 id
1092 928 1181 963 egisse
1193 928 1459 961 animadvertuntur,
1475 928 1523 956 sed
1545 928 1676 963 quidquid
1687 929 1809 962 fecerint,

180 987 235 1008 una
248 987 309 1006 cum
321 979 455 1014 parvitate
466 982 494 1005 et
504 982 662 1012 contemptu
675 977 855 1009 admittentis,
867 982 894 1004 et
905 977 994 1012 ipsum
1014 977 1130 1005 celatum
1143 981 1225 1011 atque
1239 977 1406 1004 occultatum
1422 977 1532 1012 penitus
1546 977 1695 1005 evanescit.

214 1026 260 1053 23.
281 1025 311 1051 ln
341 1029 473 1060 quantum
495 1023 576 1059 igitur
602 1023 805 1058 magnitudine,
835 1023 966 1058 potentia,

1058 1021 1112 1056 κγ’.
1128 1021 1211 1048 Ὅσον
1234 1021 1281 1048 οὖν
1302 1022 1429 1057 μεγέθει,
1441 1022 1489 1048 καὶ
1508 1022 1604 1057 κράτει
1614 1042 1621 1055 ,
1637 1023 1683 1049 καὶ
1698 1022 1789 1050 κάλλει
1799 1044 1808 1055 ,

179 1071 394 1107 pulchritudine,
407 1070 580 1097 accuratione
590 1090 598 1103 ,
616 1069 735 1104 puritate
746 1089 753 1101 ,
773 1073 801 1096 et
816 1068 971 1096 omnimoda

180 1117 232 1143 alia
247 1115 416 1151 perfectione
426 1115 646 1142 Christianorum
661 1114 728 1142 ﬁdes
741 1119 769 1141 et
782 1114 877 1149 religio
887 1122 971 1149 paga-

177 1171 276 1190 norum
292 1165 403 1197 superat
420 1167 448 1188 et
463 1160 630 1188 transcendit
652 1160 782 1195 pietatem
795 1181 802 1193 ,
824 1160 851 1187 in
865 1164 970 1187 tantum

177 1209 266 1236 malus
278 1208 322 1235 ille
338 1207 438 1235 bellum
454 1210 548 1234 contra
563 1206 636 1233 illam
660 1206 790 1234 furiosius
803 1206 969 1234 concitatum

179 1253 263 1288 gerit;
280 1254 307 1279 in
319 1257 426 1279 tantum
441 1251 524 1278 etiam
548 1251 707 1278 stolidorum
728 1255 755 1278 et
779 1251 968 1286 insipientium

179 1298 322 1325 hominum
340 1297 448 1329 delicta,
460 1296 494 1324 ad
512 1296 539 1324 id
553 1296 625 1331 quod
648 1301 752 1323 rectum
770 1300 813 1324 est
834 1297 969 1331 apposita,

178 1343 389 1375 (Escernuntur;
403 1350 455 1370 nec
476 1342 536 1370 fieri
558 1345 650 1377 potest
664 1346 695 1369 ut
708 1342 750 1370 vel
770 1342 875 1369 tantillo
899 1347 970 1369 tem-

177 1389 253 1424 poris
264 1389 353 1424 spatio
366 1388 538 1420 obvelentur,
554 1393 601 1415 aut
615 1388 726 1415 modum
739 1387 808 1416 clam
823 1393 851 1415 et
862 1393 969 1416 secreto

178 1433 347 1470 ingrediendi
364 1434 524 1461 sortiantur.
541 1433 657 1465 Verum,
680 1434 754 1468 quod
772 1434 800 1460 in
824 1433 969 1461 antedictis

177 1478 297 1513 positum
322 1482 364 1505 est
388 1485 403 1505 a
422 1478 516 1510 nobis,
541 1477 674 1505 catholica
695 1483 723 1505 et
747 1478 895 1513 apostolica
920 1478 967 1505 Dei

177 1524 300 1552 Ecclesia
314 1523 406 1551 omnia
420 1524 518 1551 diaboli
532 1524 751 1551 machinamenta
760 1524 828 1551 nulli
844 1525 905 1552 usui
917 1532 968 1552 nec

179 1569 280 1596 actioni
293 1576 354 1596 esse
368 1573 396 1596 et
408 1569 541 1596 inservire
556 1569 684 1601 declarat,
701 1569 767 1604 quin
778 1574 806 1598 et
827 1570 855 1597 in
878 1571 965 1605 ipsum

179 1614 394 1642 machinatorem
414 1615 508 1642 eadem
529 1615 681 1648 convertit;
707 1615 744 1642 ita
776 1615 966 1644 hareticorum

179 1661 364 1696 blasphemias
384 1660 463 1689 facile
485 1660 604 1693 refutat,
634 1661 830 1696 impudentiam
860 1662 966 1697 pudore

178 1707 270 1741 allicit,
293 1713 388 1735 contra
413 1715 510 1736 omnes
534 1711 562 1735 et
580 1707 672 1735 omnia
697 1713 860 1743 potestatem
888 1709 966 1736 incx-
980 1704 1001 1732 C

178 1753 358 1787 superabilem
373 1758 401 1781 et
413 1753 540 1781 invictam
559 1753 674 1786 habens,
694 1754 840 1790 triumphis
852 1755 879 1781 in
892 1755 965 1782 salu-

177 1804 232 1826 tem
248 1799 341 1826 mundi
355 1799 454 1832 ductis,
470 1799 665 1835 gloriosissime
677 1800 823 1827 exaltatur.

211 1845 256 1872 9.4.
269 1845 309 1872 Tu
326 1845 386 1873 ideo
401 1846 427 1880 (ο
439 1854 493 1881 quo
505 1851 530 1873 te
544 1845 653 1873 nomine
665 1846 817 1881 designem,
830 1850 860 1873 ut
875 1854 965 1874 meum

176 1892 309 1926 explicent
321 1892 349 1919 in
357 1883 389 1920 te
401 1893 484 1920 animi
496 1893 624 1920 allectum
636 1897 663 1920 et
672 1892 861 1928 desiderium?)
880 1892 965 1920 divini

177 1937 297 1972 Spiritus
311 1936 456 1974 splendore
480 1944 599 1966 mentem
621 1939 727 1967 habens
746 1939 915 1971 irradialam,
938 1943 966 1966 et

176 1983 210 2011 ad
227 1984 315 2011 lucem
332 1985 456 2012 sublatus
469 1990 549 2012 rectae
562 1985 682 2021 pietatis;
703 1991 731 2012 et
743 1992 812 2020 opus
829 1984 964 2020 ejusmodi

175 2035 304 2065 operatus
319 2037 374 2064 quo
385 2031 418 2058 ad
444 2031 616 2058 Constantini
638 2032 711 2059 illius
736 2031 823 2067 Magni
841 2033 964 2059 actiones

175 2077 346 2110 subveharis,
370 2077 477 2106 imitare
499 2077 588 2107 adhuc
611 2078 744 2113 primitias
765 2078 827 2104 illas
851 2078 963 2111 mentis,

174 2122 293 2155 consilii,
322 2123 464 2157 sapientia:
491 2128 545 2151 tuae
568 2132 574 2150 :
598 2123 719 2151 consiste
742 2123 858 2150 validius
882 2131 964 2157 super

174 2173 279 2203 petram
307 2168 380 2202 ﬁdei,
397 2169 425 2196 in
438 2177 490 2204 qua
513 2169 629 2205 pulchre
652 2178 701 2204 per
728 2168 872 2196 Dominum
898 2169 963 2196 fun-

172 2214 252 2242 datus
267 2214 341 2242 fuisti
359 2223 366 2241 ε
383 2215 601 2250 superazdilicato
615 2216 738 2243 actiones
754 2215 850 2247 bonas,
867 2222 963 2242 emen-

171 2260 242 2287 data:
267 2260 330 2288 vitae
350 2261 521 2296 gravitatem,
546 2269 630 2296 super
649 2261 729 2289 fidem
759 2261 961 2289 orthodoxam:

170 2306 226 2333 noli
241 2312 433 2341 superstrucre
446 2307 528 2342 ligna,
548 2306 652 2339 fenum,
682 2307 807 2342 stipulas,
820 2307 961 2334 materiem

168 2352 274 2386 peccati
301 2353 521 2380 combustibilem
551 2361 582 2380 ac
605 2353 811 2388 conﬂagrationi
839 2357 957 2386 tantum,

168 2396 238 2423 nulli
249 2401 340 2424 autem
350 2398 412 2424 usui
423 2402 566 2432 praeterea,
575 2398 784 2431 inservientem;
797 2398 843 2425 sed
852 2406 959 2431 aurum,

170 2447 314 2477 argentum
331 2443 460 2476 aedifices,
477 2447 505 2470 et
520 2443 653 2478 pretiosas
668 2449 742 2471 recte
755 2444 887 2472 factorum
905 2452 958 2472 res.

169 2488 234 2516 Haec
246 2488 380 2523 siquidem
394 2498 444 2525 per
462 2490 654 2518 tribulationes
677 2490 815 2525 explorata
850 2491 960 2524 puriora

168 2534 331 2567 redduntur,
352 2539 379 2562 et
392 2536 553 2570 pretiosiora
569 2541 712 2571 apparent.

203 2580 249 2608 25.
271 2581 300 2608 ln
329 2582 465 2609 mandatis
494 2582 620 2610 Christus
646 2583 799 2610 communis
827 2583 958 2610 Dominus

167 2632 262 2655 noster
274 2631 302 2655 et
317 2628 447 2663 magister
462 2628 514 2655 hoc
530 2629 614 2661 dedit,
628 2629 735 2656 fructus
750 2629 879 2656 nimirum
901 2630 958 2656 vir—

168 2674 233 2702 tutis
245 2675 380 2710 proferre,
397 2683 449 2702 nec
466 2675 544 2703 ﬁdem
561 2683 609 2710 per
625 2683 707 2711 opera
723 2675 908 2717 pudefacerea
917 2676 957 2704 Ad

1024 1067 1071 1094 καὶ
1084 1066 1289 1103 ἀκριϐείᾳ,καὶ
1312 1067 1489 1104 καθαρότητι,
1508 1067 1555 1094 καὶ
1578 1069 1611 1103 τῇ
1645 1068 1712 1104 ἄλλῃ
1739 1070 1810 1106 πάσῃ

1021 1112 1241 1148 τελειότητι,τῶν
1254 1113 1284 1140 ἑν
1295 1114 1350 1145 τοῖς
1360 1113 1450 1141 ἔθνεσι
1458 1114 1635 1149 δοξασμάτων
1647 1115 1663 1150 ή
1678 1115 1733 1141 τῶν
1747 1116 1809 1151 Χρι-

1022 1159 1137 1186 στιανῶν
1149 1158 1242 1191 πίστις
1252 1159 1300 1186 καὶ
1311 1159 1424 1195 λατρεία
1437 1160 1641 1196 ὑπερανέστηκε
1657 1161 1705 1188 καὶ
1716 1161 1811 1198 ἐξῄρη-

1020 1214 1075 1238 ται,
1088 1206 1214 1233 τοσοῦτον
1232 1207 1246 1232 ὃ
1263 1214 1293 1232 τε
1308 1206 1426 1242 πονηρὸς
1442 1207 1482 1238 εἰς
1505 1207 1550 1234 τὸν
1572 1207 1632 1234 κατ’
1649 1207 1735 1243 αὐτῆς
1761 1209 1809 1234 ἁν-

1020 1251 1171 1286 ερεθίζεται
1181 1252 1298 1287 πόλεμον
1309 1261 1317 1268 ⁸
1333 1253 1379 1279 καὶ
1392 1253 1519 1280 τοσοῦτον
1537 1254 1617 1280 πάλιν
1630 1254 1665 1281 τὰ
1680 1254 1708 1287 ἐξ
1725 1254 1810 1290 ἀφρό-

1021 1305 1074 1323 νων
1093 1296 1142 1323 καὶ
1165 1296 1339 1324 κακοὸούλων
1363 1297 1468 1332 ἀνδρῶν
1492 1298 1680 1334 ἁμαρτήματα
1699 1299 1732 1325 ὲκ
1760 1298 1808 1325 τοῦ

1020 1341 1114 1374 εὐθέος
1131 1342 1337 1377 καταφαίνεται,
1353 1343 1415 1378 μηδ’
1430 1344 1477 1369 ἐπὶ
1493 1343 1580 1379 βραχὺ
1595 1343 1688 1380 χώραν
1699 1344 1745 1371 τοῦ
1760 1344 1809 1371 λα-

1021 1388 1077 1415 θεῖν
1094 1388 1208 1424 ἔχοντα,
1233 1388 1301 1424 μηδέ
1317 1397 1379 1416 τινα
1396 1389 1574 1423 παρείσδυσιν
1597 1390 1807 1424 ἐφευρίσκοντα.

1025 1433 1096 1460 Ἀλλ’
1120 1435 1196 1469 ὅμως
1219 1436 1236 1470 ὴ
1252 1434 1300 1460 τοῦ
1325 1434 1394 1461 Θεοῦ
1421 1434 1552 1471 καθολικὴ
1578 1436 1623 1462 καὶ
1640 1435 1809 1472 ἀποστολικὴ

1025 1481 1184 1517 Ἐκκλησία,
1201 1481 1238 1513 ὼς
1255 1481 1303 1509 καὶ
1317 1481 1470 1516 φθάσαντες
1486 1481 1591 1517 ἔφημεν
1602 1502 1609 1513 ,
1628 1482 1676 1509 καὶ
1691 1482 1738 1509 τοῦ
1757 1491 1809 1509 πο-

1018 1527 1102 1562 νηροῦ
1128 1528 1218 1554 πάντα
1233 1527 1268 1554 τὰ
1284 1529 1478 1563 μηχανήματα,
1503 1527 1593 1563 σαθρὰ
1611 1529 1658 1555 καὶ
1676 1527 1810 1564 ἄπρακτα

1017 1574 1193 1609 διελέγχουσα
1203 1595 1210 1607 ,
1235 1574 1336 1610 μᾶλλον
1349 1574 1378 1601 δὲ
1393 1575 1456 1601 κατ’
1470 1575 1552 1601 αὑτοῦ
1568 1574 1672 1601 ἐκείνου
1690 1574 1737 1601 τοῦ
1755 1584 1809 1612 μη-

1017 1620 1232 1657 χανουργοῦντος
1249 1621 1503 1655 ὲπαναστρέφουσα,
1525 1620 1572 1647 καὶ
1584 1620 1637 1646 τῶν
1652 1620 1808 1655 αἰρετιζόν-

1016 1676 1071 1694 των
1086 1667 1185 1703 ῥᾳδίως
1199 1666 1443 1702 ἀποσκευαζομένη
1451 1667 1482 1693 τὸ
1496 1666 1666 1702 βλάσφημον,
1677 1667 1724 1693 καὶ
1741 1674 1811 1693 κατ-

1017 1713 1183 1749 αισχύνουσα
1212 1713 1244 1740 τὸ
1266 1713 1455 1748 ἀναίσχυντον,
1479 1713 1551 1740 κατὰ
1573 1713 1682 1740 πάντων
1700 1713 1810 1748 ἄμαχον

1016 1760 1047 1786 τὸ
1062 1759 1163 1796 κράτος
1177 1759 1226 1786 καὶ
1241 1760 1375 1795 ἀήττητον
1394 1758 1553 1793 ἀναδέχεται
1563 1778 1571 1791 ,
1587 1759 1634 1785 καὶ
1649 1758 1742 1791 καλοῖς
1759 1759 1810 1786 καὶ

1019 1807 1203 1840 σωσικόσμοις
1215 1806 1362 1837 διαπαντὸς
1370 1805 1513 1841 θριάμϐοις
1526 1805 1772 1838 ὲγκαλλωπίζεται.

1051 1853 1102 1880 κδ’.
1127 1853 1164 1879 Σὺ
1191 1853 1281 1880 τοίνυν
1302 1852 1342 1887 (ὢ
1364 1852 1391 1878 τί
1418 1860 1447 1878 σε
1463 1851 1620 1887 προσειπὼν
1639 1852 1722 1883 ἀξίως
1736 1851 1811 1878 εἴπω

1015 1896 1062 1923 τοῦ
1079 1896 1198 1931 πόθου;)
1212 1898 1245 1932 τῇ
1261 1896 1344 1933 αἴγλῃ
1362 1896 1409 1923 τοῦ
1432 1896 1505 1923 θείου
1521 1896 1678 1932 Πνεύματος
1692 1897 1742 1932 τὴν
1755 1897 1812 1932 ψυ-

1015 1941 1066 1977 χὴν
1085 1942 1250 1976 αὐγασθεὶς,
1275 1943 1322 1969 καὶ
1338 1942 1407 1978 πρὸς
1432 1942 1462 1969 τὸ
1478 1943 1528 1977 τῆς
1549 1943 1688 1975 εὐσεόεῐας
1704 1943 1812 1978 φέγγος

1016 1987 1158 2023 ἀναχθεὶς,
1179 1989 1226 2015 καὶ
1249 1989 1330 2023 ἔργον
1352 1988 1554 2024 ἐργασάμενος,
1576 1989 1609 2016 δι’
1625 1987 1654 2016 οὗ
1671 1990 1740 2025 πρὸς
1757 1990 1812 2024 τὴν

1015 2034 1062 2060 τοῦ
1088 2035 1207 2069 μεγάλου
1226 2035 1429 2061 Κωνσταντίνου
1447 2036 1546 2071 πρᾶξιν
1561 2035 1715 2070 ἀνυψώθης,
1735 2038 1812 2062 κατὰ

1018 2080 1136 2116 μίμησιν
1151 2081 1213 2116 ἔχου
1228 2082 1277 2116 τῆς
1292 2082 1339 2108 ἀπ’
1359 2082 1448 2117 ἀρχῆς
1464 2091 1511 2108 σου
1525 2082 1637 2117 γνώμης
1649 2083 1695 2109 καὶ
1708 2082 1812 2117 βουλῆς

1014 2128 1062 2153 καὶ
1083 2127 1234 2159 συνέσεως’
1255 2127 1334 2163 στῆθι
1360 2128 1481 2164 στερρῶς
1493 2129 1521 2155 ἐν
1537 2129 1569 2164 τῇ
1586 2129 1675 2164 πέτρᾳ.
1692 2129 1743 2163 τῆς
1760 2130 1812 2155 πῖ-

1015 2181 1115 2206 στεως,
1131 2174 1160 2200 ἐν
1205 2174 1296 2206 καλῶς
1311 2175 1364 2201 ὑπὸ
1380 2175 1484 2210 Κυρίου
1500 2175 1699 2209 τεθεμελίωσαι
1709 2184 1715 2189 ·
1731 2176 1813 2202 ἐποι-

1015 2219 1122 2254 κοδόμει
1134 2221 1166 2255 τῇ
1184 2220 1250 2256 ὀρθῇ
1267 2229 1313 2247 σου
1326 2221 1418 2247 πίστει
1434 2220 1549 2256 πράξεις
1565 2221 1669 2255 ἀγαθὰς
1683 2221 1730 2247 καὶ
1744 2221 1808 2257 βίου

1014 2265 1178 2299 σεμνότητα,
1195 2266 1233 2302 μὴ
1249 2266 1315 2298 ξύλα
1329 2266 1376 2293 καὶ
1391 2266 1499 2302 χόρτον,
1518 2266 1585 2302 μηδὲ
1605 2267 1744 2301 καλάμην,
1760 2266 1809 2293 εὖ-

1014 2310 1128 2345 φ).εκτον
1140 2311 1189 2346 τῆς
1203 2312 1341 2347 ἁμαρτίας
1354 2312 1431 2348 ὕλην,
1446 2313 1493 2338 καὶ
1511 2313 1580 2347 πρὸς
1594 2312 1694 2339 καῦσιν
1708 2312 1812 2348 μόνην,

1013 2357 1082 2392 πρὸς
1101 2357 1177 2384 οὐδὲν
1194 2357 1222 2383 δὲ
1248 2358 1468 2393 χρησιμεύουσαν
1488 2358 1595 2394 ἕτερον·
1619 2359 1686 2386 ἀλλὰ
1702 2360 1812 2395 χρυσὸν

1013 2403 1061 2429 καὶ
1079 2402 1209 2438 ἄργυρον,
1233 2403 1288 2429 τῶν
1310 2404 1530 2439 κατορθωμάτων
1546 2405 1581 2431 τὰ
1602 2405 1690 2439 τίμια.
1708 2405 1810 2432 Ταῦτα

1010 2449 1064 2483 γὰρ
1080 2448 1127 2474 καὶ
1140 2447 1205 2482 περὶ
1216 2454 1227 2467 ε
1244 2449 1404 2484 πειρασμῶν
1419 2449 1601 2484 δοξαζόμεναι,
1618 2450 1810 2486 καθαρώτερα

1010 2496 1057 2521 καὶ
1072 2493 1222 2530 τιμιώτερα
1236 2494 1429 2522 διαδείκνυται.

1048 2586 1097 2610 κε’.
1115 2582 1194 2609 Οὕτω
1209 2582 1326 2618 Χριστὸς
1339 2584 1352 2609 ὸ
1368 2582 1456 2614 κοινὸς
1471 2583 1611 2618 Δεσπότης
1625 2582 1814 2616 ὲγκελεύεται

1012 2631 1133 2666 καρποὺς
1148 2629 1322 2665 προϐάλλειν,
1336 2629 1383 2656 καὶ
1396 2629 1432 2664 μὴ
1446 2629 1638 2664 καταισχύνειν
1649 2629 1698 2665 τὴν
1710 2630 1815 2657 πίστιν

1011 2676 1055 2702 διὰ
1069 2675 1123 2702 τῶν
1146 2674 1282 2710 πράξεων.
1307 2674 1385 2702 Οὕτω
1399 2674 1504 2707 Παῦλος
1524 2676 1538 2702 ὁ
1561 2675 1647 2710 μέγας
1670 2676 1720 2711 τῆς
1741 2675 1814 2702 Ἐκ-

818 2756 933 2786 νΑιυιΕ
949 2757 1153 2790 ιΕοΤιοΝΕδ,

209 2821 220 2833 ⁸
237 2820 279 2846 lo.
295 2823 370 2855 παρα
