1940 3087
146 159 194 191 661

714 161 981 192 EPISTULARUM
1001 161 1115 191 LIBER
1135 162 1160 192 Ι.

1720 162 1775 194 662

146 218 261 253 κλησίας
277 217 456 254 ωμῦουλεύει
469 219 640 252 διδάσκαλος.
657 219 735 247 Οὕτω
748 221 852 256 Πέτρος
868 221 930 253 61x0-

990 219 1063 247 hunc
1079 220 1190 247 modum
1200 219 1300 248 Paulus
1316 228 1431 255 magnus
1442 220 1488 248 ille
1504 220 1634 257 magister
1646 221 1775 248 Ecclesiae

147 265 261 300 ρυφαῑος
285 264 340 292 τῶν
355 265 522 297 ἀποστόλων,
544 266 592 293 καὶ
615 266 670 292 τῶν
692 267 826 303 οὐρανίων
843 267 935 294 πυλῶν

145 312 195 343 τὰς
216 311 292 343 κλεῖς
316 312 569 348 ὲμπεπιστευμένος
594 312 642 339 καὶ
660 313 710 348 τὴν
731 313 848 340 εἴσοδον·
863 312 935 340 οὕτω

145 358 200 384 τῶν
212 357 315 384 λοιπῶν
332 357 490 385 ἀποστόλων
503 359 517 385 ό
532 358 602 389 θεῖος
614 359 694 394 χορὸς
709 359 758 394 τὴν
773 360 935 395 οἰκουμένην

145 401 341 436 ὲμαθήτευσεν·
359 402 445 434 οὕτως
458 402 537 438 ἡμῶν
551 404 575 430 οι
587 403 708 439 Πατέρες
721 403 934 439 παρειλήφασιν,

146 445 232 477 οὕτως
244 447 321 482 ἡμῖν,
335 449 392 479 τοῖς
404 449 462 483 μετ’
474 448 606 481 ἐκείνους,
617 449 852 484 παραδεδώκασιν⁸
863 450 934 477 οὕτω

145 490 193 517 καὶ
206 491 285 526 ἡμεῖς
303 500 342 519 σοι
360 493 548 528 παραινοῦμεν
560 493 609 520 καὶ
623 493 855 529 συμϐουλεύομεν,
868 495 935 529 ἀρε-

144 537 205 569 ταῖς
221 539 334 572 κοσμεῖν
359 537 408 574 τὴν
423 538 525 572 πίστιν,
545 540 593 566 καὶ
612 541 645 575 τῇ
662 540 752 567 πίστει
768 541 817 571 τὰς
834 541 934 577 ἀρετὰς

144 583 342 620 λαμπροτέρας
356 585 573 620 ἀπεργάζεσθαι.
597 586 764 622 Ἐὗουλόμην
779 588 859 620 αὐτὸς
878 587 935 623 ἐγώ

145 639 186 657 σοι
203 632 341 666 παρεῖναι,
361 631 409 658 καὶ
423 633 490 663 ’ταῖς
504 632 636 667 πράξεσιν
651 633 809 668 ἐφιστάναι,
824 634 867 660 ῐνα
879 634 935 662 τῶν

147 676 197 712 μὲν
223 676 315 704 καλῶν
338 676 427 713 ἔργων
459 679 680 713 αὐτεπάγγελτον
703 679 748 707 διὰ
771 681 822 716 τῆς
846 681 935 717 ὅψεως

144 721 291 757 λαμϐάνων
307 721 356 758 τὴν
375 723 486 757 γνῶσιν,
512 723 552 751 ἔτι
576 724 677 758 μᾶλλον
699 726 729 752 ὲν
745 726 862 762 εὐθυμία
887 727 934 754 καὶ

144 769 218 803 χαρᾷ
233 768 404 803 διακείμενος
418 769 493 804 εἴην·
509 770 533 796 εἰ
547 770 575 797 δέ
591 779 617 797 τι
634 771 683 798 καὶ
697 772 854 808 παράλογον
869 782 933 802 συν-

144 814 207 849 έϐη,
223 814 364 848 μεθέλκειν
387 815 477 851 ἔχοιμι
493 816 593 852 ῥᾳδίως
608 818 656 844 καὶ
680 818 875 855 μεθαρμόζειν,
901 821 934 848 ὲκ

143 860 189 886 τοῦ
207 862 395 896 παραχρῆμα,
416 862 485 897 πρὸς
505 862 657 898 διόρθωσιν.
690 864 768 892 Ἐπεὶ
784 865 814 892 δὲ
830 867 847 902 ἡ
868 866 932 902 βού-

141 907 221 941 λησις
241 907 291 942 τῆς
305 907 446 943 δυνάμεως
463 909 586 944 χηρεύει,
611 911 658 937 καὶ
673 911 759 938 πολλὰ
778 912 828 948 τὴν
845 913 932 950 ὁρμὴν
948 903 969 931 Β

141 953 330 981 ἀνακύπτοντα
353 954 469 988 κωλύει,
494 955 508 982 '6
539 964 585 991 μοι
611 956 704 984 λοιπόν
723 958 782 984 ἐστι
807 959 931 994 δυνατὸν,

141 1001 234 1035 γραφῇ
250 999 373 1027 τυπῶσαι
395 1001 445 1033 τὰς
459 1001 654 1037 παραινέσεις,
674 1003 713 1035 ὡς
730 1005 778 1031 καὶ
792 1006 933 1042 καταρχὰς

141 1045 312 1082 ὑπεσχόμην,
327 1046 379 1083 ἤδη
395 1047 574 1083 πειράσομαι.

176 1222 228 1255 κζ’.
247 1223 309 1250 Ὅτι
325 1224 375 1259 μὲν
385 1221 432 1252 οὖν
447 1225 500 1261 χρὴ
513 1226 545 1252 τὺ
559 1226 636 1253 Θεῖον
652 1227 806 1263 εἰλικρινῶς
820 1229 929 1266 ἀγαπᾷν

140 1268 188 1295 καὶ
203 1269 374 1305 θεραπεύειν,
389 1271 437 1298 καὶ
450 1272 481 1299 τδ
492 1273 629 1308 ὁμόφυλον
643 1274 680 1306 ὼς
694 1274 790 1302 ἑαυτὸν
806 1275 931 1312 στέργειν

139 1314 188 1341 καὶ
200 1315 298 1350 φιλεῖν,
314 1316 435 1351 ἔμφυτός
456 1326 516 1350 πως
534 1320 590 1351 τοῖς
612 1319 769 1356 ἀνθρώποις
788 1322 806 1358 ή
830 1322 932 1356 γνῶσις

140 1361 327 1397 καθέστηκεν·
338 1363 356 1398 ἡ
370 1363 496 1399 βούλησις
511 1364 539 1391 δὲ
557 1365 594 1401 μὴ
609 1367 793 1402 συντρέχουσα
808 1369 842 1404 τῇ
859 1369 930 1403 γνώ-

141 1416 193 1440 σει,
209 1406 400 1445 είςθὲσπισμα
413 1410 459 1437 καὶ
471 1410 553 1446 νόμον
566 1412 758 1448 ἀναγραφῆναι
773 1414 823 1450 τὴν
837 1415 931 1450 κοινὴν

139 1454 300 1487 ὲξεὸιάσατο
321 1456 446 1492 γνώμην.
465 1456 527 1484 Ὅτι
548 1458 577 1485 δὲ
596 1459 610 1485 ὸ
626 1458 673 1485 τοῦ
686 1459 765 1486 Θείου
782 1460 930 1496 εἰλικρινὴς

139 1500 220 1536 ἔρως,
235 1500 283 1528 καὶ
295 1502 312 1537 ἡ
329 1501 376 1528 τοῦ
402 1502 516 1538 πλησίον
529 1505 630 1540 στοργὴ
649 1505 696 1532 καὶ
711 1505 802 1532 τελεία
817 1506 910 1542 ἀγάπη
921 1529 929 1541 ,

138 1547 194 1573 τῶν
226 1547 314 1574 ἄλλων
342 1549 457 1576 ἐντολῶν
491 1550 521 1577 ὲν
551 1551 661 1583 ἑαυταῖς
692 1553 851 1588 περιέχουσι
880 1553 930 1585 τὰς

140 1591 266 1625 πράξεις,
282 1592 312 1619 οὐ
328 1593 448 1628 χαλεπὸν
471 1595 521 1630 μὲν
545 1596 592 1622 καὶ
621 1596 736 1624 αὐτόθεν
752 1599 928 1634 κατανοῆσαι.

139 1638 291 1674 Παρίστησι
312 1639 340 1666 δὲ
363 1640 441 1667 τοῦτο
458 1641 504 1668 καὶ
520 1643 533 1669 ὁ
555 1643 719 1673 Δεσποτικὸς
734 1644 827 1679 λόγος,
848 1645 876 1672 ὲν
891 1643 931 1677 οἷς

139 1691 205 1718 φησι
219 1683 284 1720 περὶ
295 1685 396 1719 αὐτῶν,
418 1686 466 1713 Ἐν
477 1688 600 1720 ταύταις
608 1688 673 1722 ταῖς
684 1689 778 1716 δυσὶν
792 1690 932 1723 ἐντολαῖς

138 1729 210 1763 ὅλος
231 1731 248 1757 ὀ
271 1732 364 1766 νόμος
388 1733 550 1767 κρέμαται,
570 1734 620 1761 καὶ
644 1737 672 1762 οἱ
686 1735 848 1770 προφῆται.
876 1737 931 1763 Καὶ

137 1776 193 1811 γὰρ
207 1776 222 1802 ὁ
236 1776 282 1803 τὸν
297 1777 369 1804 θεῖον
379 1777 470 1813 ἔρωτα
484 1780 718 1815 ὲνστερνισμένος,
735 1783 783 1809 καὶ
799 1782 844 1809 τὸν
863 1782 931 1819 πλη-

139 1820 195 1847 σίον
208 1821 246 1853 ὼς
263 1822 360 1849 ἑαυτὸν
376 1824 498 1859 στέργων
513 1825 560 1851 καὶ
574 1826 670 1860 φιλῶν,
695 1828 802 1862 πατέρα
818 1828 867 1863 μὲν
883 1831 930 1857 καὶ

139 1866 246 1903 μητέρα
260 1867 441 1904 διαφερόντως
456 1869 605 1906 ἀγαπήσει,
624 1873 672 1899 καὶ
686 1873 769 1908 τιμῆς
786 1874 834 1910 τῆς
851 1875 929 1910 πρώ-

136 1922 198 1950 της,
217 1916 287 1949 μετά
308 1925 340 1951 γε
355 1916 432 1949 Θεὸν,
455 1917 583 1950 ἀξιώσει·
602 1920 728 1956 αἱμάτων
742 1921 771 1948 δὲ
791 1923 930 1958 ἐμφυλίων

137 1960 185 1986 καὶ
202 1960 290 1995 φόνων
317 1962 347 1988 οὐ
373 1963 453 1996 μόνον
467 1963 517 1995 τὰς
536 1965 633 2000 χεῖρας
649 1965 773 2002 καθαρὰς
798 1968 929 2002 φυλάξει,

136 2004 205 2032 am
221 2006 268 2033 καὶ
284 2006 332 2043 τὴν
354 2008 481 2042 γλῶσσαν
506 2010 554 2036 καὶ
569 2011 632 2042 τοὺς
646 2010 794 2047 λογισμοὺς
812 2013 929 2049 μελέτης

136 2051 279 2087 τοιαύτης’
295 2052 325 2079 οὐ
344 2052 397 2089 μὴν
421 2054 483 2081 οὐδὲ
505 2054 629 2090 κλέψειεν
653 2054 746 2089 οὗτος·
763 2058 852 2090 οὐδεὶς
874 2058 929 2094 γάρ

136 2095 166 2122 δν
189 2095 226 2128 ὡς
249 2097 344 2124 ἑαυτὸν
369 2099 441 2133 φιλεῖ
462 2099 508 2126 καὶ
529 2100 673 2134 φυλάττει,
697 2102 792 2129 τούτου
807 2103 927 2139 κλέπτης

136 2142 276 2178 ἐφωράθη.
304 2144 372 2170 Ἀλλ’
397 2145 458 2172 οὐδὲ
485 2145 642 2182 ἀλλοτρίους
666 2147 772 2183 γάμους
798 2149 926 2184 διορύξει.

137 2189 198 2215 Οὐδ’
214 2189 294 2225 ὅρκον
307 2191 435 2227 ἐπίορκον
450 2194 554 2227 ὀμόσει,
569 2195 600 2222 οὐ
619 2195 668 2230 μὲν
687 2195 734 2223 οὖν
746 2197 806 2224 οὑδὲ
821 2206 927 2234 μαρτυ-

986 266 1130 293 consilium
1141 265 1187 293 dat
1203 274 1210 298 ;
1226 266 1262 293 ita
1272 266 1368 294 suadet
1381 267 1478 294 Petrus
1491 267 1675 301 apostolorum
1694 274 1776 301 cory-

985 312 1089 347 phaeus,
1103 312 1146 339 cui
1160 312 1251 339 claves
1267 318 1295 340 et
1309 313 1450 348 ingressus
1466 318 1606 348 portarum
1623 313 1774 341 caelestium

986 357 1188 384 eoncreduntur
1202 366 1208 388 ;
1228 357 1267 384 sic
1281 362 1309 384 et
1325 358 1448 392 reliquus
1474 358 1659 393 apostolorum
1675 359 1776 386 chorus

985 404 1080 432 orbem
1103 409 1236 431 terrarum
1267 404 1425 432 informavit
1450 414 1458 433 :
1484 406 1536 433 hoc
1570 405 1667 433 Patres
1690 406 1776 433 nostri

985 452 1116 480 traditum
1132 457 1328 487 susceperunt;
1345 453 1378 480 ad
1396 453 1469 480 hunc
1492 453 1602 480 modum
1626 453 1704 481 nobis
1727 461 1776 489 po-

985 497 1065 524 steris
1081 497 1270 525 tradiderunt:
1287 498 1340 526 hoc
1357 499 1406 525 tibi
1423 507 1474 525 nos
1496 499 1652 530 suademus,
1669 504 1696 526 et
1712 507 1776 530 con-

985 542 1078 570 silium
1087 543 1193 575 damus,
1208 551 1307 578 nempe
1319 548 1350 570 ut
1363 543 1442 571 fidem
1455 543 1573 571 illustres
1582 551 1629 579 per
1642 545 1775 577 actiones,

984 592 1013 616 et
1037 588 1090 616 ﬁde
1111 589 1210 617 reddas
1234 589 1355 617 actiones
1384 589 1576 625 speciosiores.
1596 590 1698 617 Vellem
1726 599 1776 626 ego

985 636 1096 671 quidem
1126 636 1153 663 in
1179 644 1237 664 rem
1258 640 1421 672 praesentem
1448 644 1509 665 esse
1528 637 1586 669 tibi,
1613 641 1641 664 et
1667 641 1776 664 tuarum

985 682 1126 709 actionum
1138 682 1258 717 regimen
1280 683 1308 710 in
1325 691 1370 710 me
1386 683 1538 718 suscipere,
1556 690 1589 710 eo
1607 682 1660 710 ﬁne
1687 688 1715 710 ut
1729 691 1777 718 per

984 727 1077 755 oculos
1092 728 1226 755 bonorum
1239 732 1348 755 tuorum
1371 737 1484 764 operum
1506 729 1687 765 cognitionem
1710 734 1776 757 actu

984 773 1045 809 ipso
1067 781 1211 809 usurpans,
1228 774 1324 809 majori
1351 775 1448 810 gaudio
1473 775 1592 811 repletus
1614 775 1665 802 sim
1691 780 1718 803 et
1730 776 1776 810 ju-

983 820 1140 853 cundilate;
1155 824 1183 847 et
1198 820 1220 847 si
1236 827 1336 855 praeter
1349 826 1452 848 rectam
1463 821 1559 857 agendi
1576 822 1709 849 rationem
1726 822 1777 849 ali-

984 866 1049 901 quid
1063 866 1111 894 tibi
1129 866 1278 898 excideret,
1291 866 1431 894 retrahere
1443 867 1573 894 continuo
1588 872 1616 894 et
1628 867 1776 895 reformare

983 918 1113 946 possem,
1139 911 1216 938 nullo
1242 911 1353 947 negotio
1381 912 1580 939 correctionem
1618 912 1773 939 adhibens:

983 965 1078 984 verum
1094 964 1158 984 cum
1181 957 1317 985 voluntati
1341 965 1396 985 non
1424 958 1588 994 respondeat
1607 959 1776 994 possibilitas

983 1007 1032 1030 aut
1050 1002 1175 1035 facultas,
1205 1007 1233 1030 et
1262 1003 1396 1038 impetum
1415 1004 1499 1032 multa
1521 1004 1576 1032 sint
1599 1012 1660 1040 quae
1689 1004 1775 1031 inter-

982 1052 1094 1083 ccptent
1123 1053 1205 1083 atque
1223 1048 1385 1083 reprimant,
1407 1050 1478 1084 quod
1505 1050 1615 1077 unicum
1643 1049 1710 1077 mihi
1732 1058 1775 1076 re-

982 1094 1076 1122 lictum
1091 1098 1135 1122 est
1148 1099 1179 1122 ut
1193 1099 1322 1129 praestare
1336 1096 1451 1130 possim,
1482 1096 1595 1131 scripto,
1619 1096 1690 1131 quod
1715 1097 1775 1131 pol~

981 1143 1073 1171 licitus
1098 1150 1160 1171 sum
1187 1143 1222 1171 ab
1242 1143 1332 1177 initio,
1358 1145 1560 1173 admonitiones
1585 1146 1706 1173 conabor
1725 1146 1775 1174 de-

982 1189 1096 1217 lineare.

1016 1233 1061 1261 27.
1081 1235 1167 1262 Deum
1182 1242 1244 1263 esse
1255 1234 1363 1262 sincero
1380 1235 1480 1263 affectu
1499 1236 1682 1264 adamandum
1692 1241 1775 1272 atque

981 1279 1138 1314 colendum,
1156 1280 1323 1316 diligendum
1340 1281 1421 1308 nobis
1436 1288 1617 1317 congenerem
1634 1282 1772 1309 hominem

981 1331 1010 1354 ct
1024 1327 1256 1362 amplectendum,
1285 1328 1362 1364 quasi
1378 1328 1461 1355 insita
1473 1329 1596 1363 quaedam
1616 1329 1774 1357 hominibus

981 1373 1102 1408 cognitio
1126 1373 1266 1409 suggerit:
1290 1373 1356 1401 dum
1381 1378 1473 1401 autem
1496 1374 1622 1402 voluntas
1647 1382 1709 1402 cum
1725 1383 1773 1402 eo-

982 1419 1107 1453 guitione
1124 1427 1180 1447 non
1202 1420 1350 1455 conspirat,
1380 1420 1536 1448 necessario
1560 1420 1663 1460 factum
1686 1425 1774 1448 estut

980 1465 1077 1493 notitia
1091 1466 1136 1493 illa
1151 1467 1303 1494 communis
1335 1472 1462 1502 tanquam
1472 1467 1539 1504 legis
1557 1468 1694 1495 dictamen
1705 1468 1773 1495 seri-

983 1519 1029 1546 pta
1045 1512 1208 1540 traderetur.
1224 1513 1321 1545 Porro,
1330 1513 1404 1548 quod
1416 1513 1443 1541 in
1454 1513 1539 1541 Deum
1550 1514 1672 1541 sincerus
1685 1521 1773 1546 amor,

944 1572 965 1601 ο
983 1562 1012 1585 et
1024 1558 1136 1586 dilectio
1148 1559 1277 1594 proximi,
1293 1564 1321 1587 et
1346 1559 1391 1587 illa
1404 1559 1515 1595 quidem
1536 1559 1669 1595 perfecta,
1692 1564 1774 1587 caete~

985 1613 1077 1633 rerum
1090 1607 1280 1634 mandatorum
1296 1607 1323 1634 in
1334 1615 1363 1635 se
1378 1607 1538 1636 contineant
1555 1609 1687 1639 actiones,
1700 1608 1773 1635 haud

982 1656 1058 1679 certe
1073 1651 1218 1679 difﬁculter
1229 1660 1244 1679 e
1258 1660 1286 1680 re
1302 1653 1360 1688 ipsa
1375 1652 1490 1689 intelligi
1505 1657 1606 1689 potest.
1617 1653 1671 1680 Sed
1684 1658 1710 1681 et
1722 1654 1773 1681 do-

983 1702 1027 1725 cet
1042 1698 1094 1725 hoe
1116 1698 1228 1734 insuper
1251 1699 1365 1726 verbum
1388 1699 1456 1727 illud
1484 1699 1602 1733 Domini,
1625 1708 1680 1735 quo
1705 1708 1772 1728 cen-

983 1743 1082 1771 sebat:
1102 1743 1136 1771 In
1160 1744 1259 1772 duobus
1275 1745 1344 1772 hisce
1361 1746 1498 1781 praceptis
1519 1750 1573 1772 tota
1598 1746 1640 1773 [ex
1662 1755 1772 1780 suspen-

982 1790 1054 1817 ditur
1069 1795 1094 1817 et
1107 1791 1240 1825 prop/reue
1252 1792 1273 1818 ³.
1294 1791 1346 1824 Qui
1363 1793 1435 1818 enim
1447 1792 1570 1819 divinum
1583 1792 1635 1819 sibi
1650 1800 1770 1820 amorem

983 1835 1173 1871 impeetoravit
1188 1841 1216 1864 et
1229 1837 1351 1865 vicinum
1360 1838 1447 1873 diligit
1458 1838 1529 1866 sicut
1543 1838 1599 1873 ipse
1609 1846 1651 1871 se,
1664 1843 1770 1873 patrem

983 1882 1093 1917 quidem
1123 1887 1151 1910 et
1175 1888 1289 1911 matrem
1314 1884 1500 1911 excellentiori
1539 1885 1656 1919 quodam
1690 1885 1772 1912 modo

982 1928 1199 1963 complectetur,
1230 1934 1258 1958 et
1285 1935 1347 1965 post
1381 1930 1465 1958 Deum
1498 1931 1635 1967 praecipuo
1667 1933 1771 1959 honore

980 1979 1180 2010 prosequetur;
1212 1983 1228 2003 a
1256 1977 1388 2011 sanguine
1411 1985 1494 2012 porro
1517 1981 1545 2004 et
1566 1978 1684 2005 caedibus
1703 1986 1771 2006 con-

980 2022 1192 2056 sanguineorum
1206 2030 1290 2057 puras
1306 2022 1357 2050 sibi
1376 2030 1472 2050 manus
1484 2024 1666 2057 conservabit,
1683 2024 1730 2052 sed
1743 2029 1772 2052 et

980 2065 1101 2101 linguam
1115 2074 1197 2101 porro
1222 2071 1250 2094 ct
1273 2067 1454 2103 cogitationes
1481 2068 1517 2096 ab
1542 2068 1677 2103 ejusmodi
1694 2070 1770 2097 omni

978 2111 1159 2146 dispositione
1173 2113 1290 2140 mundas
1300 2122 1307 2140 :
1317 2113 1417 2146 adhuc,
1434 2122 1485 2142 nec
1497 2114 1632 2143 furabitur
1646 2116 1691 2150 qui
1710 2116 1772 2144 talis

978 2161 1030 2188 est,
1048 2164 1138 2191 neque
1153 2158 1227 2185 enim
1249 2166 1368 2194 unquam
1387 2159 1463 2187 illum
1486 2160 1618 2194 spoliasse
1631 2161 1770 2188 invenitur

978 2200 1077 2236 aliquis
1089 2209 1170 2236 quem
1187 2202 1283 2238 diligit,
1297 2204 1341 2230 cui
1357 2208 1451 2231 custos
1472 2205 1634 2239 apponitur;
1649 2204 1697 2232 sed
1719 2213 1769 2232 nec

137 2234 198 2285 ρίαν
210 2235 296 2271 ψευδῆ
308 2237 378 2263 κατὰ
390 2238 437 2264 τοῦ
450 2239 563 2274 πλησίον
578 2243 760 2278 μαρτυρήσει.
776 2244 832 2270 Καὶ
846 2245 923 2278 ὅλως,

982 2234 1249 2282 ειὶέηιιιη-ἰττυιιψοῖ
1265 2249 1432 2282 thalamum;
1463 2234 1516 2276 nec
1540 2249 1637 2277 falsum
1665 2250 1770 2285 jurabit

135 2280 167 2307 οὐ
182 2282 282 2317 χειρῶν
303 2282 405 2310 ἀδίκων
423 2284 518 2320 ἄρξει,
541 2286 654 2313 τύπτειν
671 2288 687 2323 ἢ
708 2289 925 2324 προπηλακίζειν

136 2327 294 2362 ἐπιχειρῶν,
323 2328 340 2364 ἢ
366 2328 497 2365 τύραννος
511 2331 567 2367 (27)
590 2332 708 2369 ἐραστὴς
731 2334 796 2366 τῶν,
814 2335 864 2362 ὅσα
886 2336 925 2372 τῷ

137 2372 250 2407 πλησίον
261 2373 390 2409 ὑπάρχει,
403 2375 555 2410 γινόμενος.
572 2377 600 2403 '0
615 2378 670 2413 γάρ
681 2386 708 2404 τι
723 2379 826 2407 τούτων
841 2389 926 2408 xam-

136 2417 254 2452 τολμῶν,
270 2420 383 2447 αὐτόθεν
406 2421 566 2456 λυμαίνεται
589 2422 684 2458 ἄμφω,
704 2425 751 2452 καὶ
768 2426 814 2452 τὸν
836 2427 926 2462 ἔρωτα

136 2461 182 2489 τὸν
195 2462 267 2490 θεῖον
278 2465 326 2491 καὶ
339 2465 569 2500 Δεσποτικὸν,καὶ
578 2468 625 2495 τοῦ
641 2470 776 2505 ὁμοφυοῦς
786 2471 836 2508 τὴν
848 2461 926 2509 στορ-

137 2508 201 2543 γήν,
216 2508 262 2544 Τῷ
281 2510 332 2545 μὲν
356 2511 540 2540 ἐπιϐουλεύων
556 2514 603 2541 καὶ
619 2516 791 2550 περιϐάλλων
811 2508 924 2552 κακοῖς,

136 2553 182 2599 τὸν
195 2553 224 2580 δὲ
247 2556 323 2591 παρὰ
336 2557 437 2591 φαῦλον
450 2558 610 2595 ποιούμενος
631 2562 679 2588 καὶ
702 2562 854 2599 ὑπερορῶν.
881 2565 926 2598 Ἐξ

136 2596 176 2628 ὧν
194 2601 234 2633 είς
250 2602 310 2634 οἵας
326 2603 531 2641 ἀπαραιτήτους
550 2606 597 2633 καὶ
612 2608 714 2644 πικρὰς
726 2596 862 2646 τιμωρίας
877 2596 928 2647 tu;

171 2678 183 2694 "
201 2679 295 2707 Matth.
312 2687 380 2712 xm,
395 2681 438 2708 40.

978 2291 1174 2326 juramentum,
1208 2294 1314 2321 nullum
1343 2294 1417 2322 dicet
1449 2294 1547 2322 falsum
1581 2296 1767 2323 testimonium

978 2342 1075 2365 contra
1101 2339 1222 2366 vicinum
1248 2347 1347 2372 suum,
1378 2348 1468 2376 neque
1489 2340 1565 2368 dabit
1586 2341 1696 2368 initium
1726 2341 1768 2368 in-

976 2383 1128 2419 iuriarum;
1155 2393 1212 2412 non
1240 2386 1338 2421 pugnis
1363 2387 1479 2420 cadere,
1505 2395 1561 2414 non
1583 2395 1768 2423 conspurcare

979 2429 1131 2457 maledictis
1145 2431 1333 2466 aggredietur;
1353 2440 1407 2459 non
1433 2433 1573 2468 tyrannice
1592 2434 1769 2469 concupiscet

978 2482 1011 2502 ea
1031 2483 1091 2510 quae
1111 2477 1249 2511 pertinent
1263 2477 1296 2504 ad
1312 2477 1431 2505 vicinum
1445 2486 1534 2505 suum.
1552 2479 1602 2512 Qui
1616 2479 1688 2506 enim
1702 2480 1768 2515 quid

980 2521 1133 2550 istiusmodi
1147 2524 1330 2557 attentaverit,
1354 2532 1409 2551 uno
1432 2529 1494 2552 actu
1512 2528 1658 2560 utrumque
1674 2526 1767 2559 violat,

954 2574 958 2579 ‘
979 2575 1102 2595 amorem
1116 2576 1214 2604 nempe
1227 2569 1254 2596 in
1267 2570 1350 2598 Deum
1367 2575 1396 2599 et
1408 2571 1566 2605 Dominum,
1592 2578 1619 2600 ct
1642 2580 1704 2608 erga
1720 2581 1764 2600 co—

983 2618 1095 2649 gnatum
1107 2614 1158 2643 sibi
1175 2615 1302 2644 affectum
1322 2626 1328 2644 :
1349 2616 1423 2645 hunc
1436 2618 1510 2646 enim
1525 2618 1647 2646 adoritur
1668 2627 1701 2646 ex
1726 2619 1768 2646 iu-

891 2779 1005 2810 ΝΟΤΛΕ.

173 2851 229 2911 $27)
244 2853 281 2879 Ἶι
292 2852 448 2886 τύραννος.
463 2853 516 2880 Aut
530 2853 674 2882 delendum
687 2856 714 2891 ἦ,
727 2862 773 2885 aut
786 2857 926 2894 legendum

139 2893 170 2912 στ
183 2895 215 2918 ,ς,
231 2895 285 2915 non
300 2892 364 2916 sunt
380 2889 532 2918 ἁσυνὸἐτως
545 2891 701 2918 couulaudi.

983 2863 1098 2897 ραννεῖν,
1119 2869 1146 2892 οι
1178 2872 1233 2893 non
1250 2865 1401 2902 τύραννος”
1422 2867 1520 2903 ubique
1539 2869 1668 2904 τύραννος
1701 2869 1767 2904 ξρα-

183 2907 215 2922 ιν

231 2895 285 2915 non
300 2892 364 2916 sunt
380 2889 532 2921 ἁσυνὸἐτως
545 2889 701 2925 ρομυιιιιιᾱίζ
