1940 3087
167 143 221 176 663

736 143 869 174 PHOTII
886 141 1142 174 PATRIARCH/E
1161 140 1215 172 (ΣΡ.

1742 134 1796 167 664

169 201 254 231 sidiis.
270 206 298 229 et
312 201 389 229 malis
396 201 595 229 circumscribit
606 209 614 234 ;
626 201 702 228 illum
716 208 780 228 vero
792 200 951 235 despectum
967 225 970 229 ,

1024 198 1098 225 άλλει
1124 198 1221 225 ἑαυτὸν
1239 197 1323 224 πᾶσιν
1348 197 1405 223 ἐστι
1432 195 1560 230 φανερόν,
1585 194 1617 222 Et
1635 194 1689 230 γὰρ
1708 195 1724 221 ὁ
1742 194 1797 220 τῶν

169 255 198 276 et
211 253 397 283 contemptum
411 248 503 275 habet.
514 247 592 274 Patet
605 252 695 274 autem
704 246 841 278 omnibus,
854 246 954 281 quibus

171 303 200 322 se
210 295 308 330 pomis.
325 301 406 329 quam
423 293 550 329 gravibus
558 293 669 328 subiicit
681 297 709 321 et
723 293 955 320 ineluctabilibus.

173 336 202 368 Si
216 341 290 368 enim
306 339 353 374 qui
367 339 491 366 mandata
503 338 701 374 transgreditur
717 338 846 369 humana,
862 342 889 364 et
903 338 958 364 im-

172 387 277 422 perium
297 385 412 420 despicit
431 385 483 412 sibi
495 384 676 420 praesidentis.
699 382 958 411 condemnationem

173 440 228 459 non
249 432 370 466 eﬂ'ugiet,
400 431 448 458 sed
463 436 492 458 et
513 431 603 466 capite
625 431 790 466 quandoque
817 435 958 465 peccatum

173 477 237 511 l'uit;
255 477 278 504 is
293 477 416 512 profecto
432 477 478 511 qui
506 484 556 511 per
574 476 628 503 vim
651 476 769 503 oblatam
792 480 819 503 et
846 475 959 502 insidias

174 528 292 551 structas
313 524 342 550 in
356 531 519 550 conservum
535 530 625 555 suum,
644 523 766 549 omnium
797 529 891 549 rerum
907 521 962 548 Do—

174 569 291 600 minum,
308 576 399 604 regem
413 573 441 596 et
453 567 574 603 opiﬁcem
590 568 737 595 inhonorat
751 573 779 595 et
792 567 869 595 nihili
885 567 962 599 facit,

175 622 270 642 verum
285 615 357 650 leges
369 615 404 642 ab
414 622 448 641 eo
465 614 534 641 latas
546 614 664 641 ludibrio
686 613 769 640 habet
794 618 821 641 et
834 612 963 640 lubentia:

177 661 299 695 exponit.
309 660 429 695 qualem.
442 667 491 694 par
501 664 553 692 est,
566 664 596 686 ut
604 659 701 686 subeat
713 666 822 694 pmnam
831 658 842 684 ?
851 658 965 693 Oportet

179 706 259 741 igitur
284 706 359 733 omni
385 706 475 738 modo,
500 705 573 732 omni
598 712 663 732 cura
688 709 716 732 et
741 704 891 740 diligentia.
907 704 965 731 haec

178 751 302 779 mandata
312 759 365 778 una
376 759 438 779 cum
458 751 595 785 inculpata
613 751 712 785 pietate
734 755 761 778 et
777 751 882 778 sincera
900 750 964 777 reli-

181 797 261 832 gione
278 804 452 824 conservare.
472 796 566 831 Neque
580 797 653 824 enirn
663 797 742 824 aliter
751 800 855 831 partem
864 796 966 823 habere

180 843 315 878 possimus
332 850 394 871 cum
408 843 533 870 fidelibus
560 847 587 871 et
615 842 670 870 Deo
688 843 790 875 charis,
815 849 867 870 nec
889 841 964 877 regni

179 888 309 915 calorum
322 887 396 923 digni
411 887 606 922 judicabimur.

212 933 258 961 28.
279 933 427 961 Enimvero
438 934 549 961 cuilibet
575 933 730 961 mortalium
754 933 808 960 hoc
823 932 966 965 incumbit,

179 984 210 1007 ut
222 987 330 1007 onmem
346 980 475 1007 exhibeat
490 987 567 1007 suam
579 984 607 1007 et
621 979 730 1015 quidem
752 984 901 1006 extremam
917 986 968 1013 po-

179 1026 293 1053 tentiam
307 1025 335 1052 in
352 1025 394 1052 his
412 1025 619 1052 conservandis.
642 1026 754 1060 Spectat
776 1025 828 1052 hoc
844 1025 876 1052 ad
893 1025 969 1059 prin-

180 1073 268 1108 cipem
282 1080 358 1107 aeque
374 1079 406 1099 ac
420 1072 454 1099 ad
471 1072 607 1103 subditos,
619 1072 736 1106 juvenes
755 1075 783 1099 et
808 1075 889 1099 aetate
903 1079 968 1106 pro-

179 1118 325 1150 vectiores,
342 1118 440 1146 divites
455 1123 484 1146 et
497 1125 656 1156 pauperes:
675 1126 737 1146 nam
757 1117 912 1145 communis
927 1121 969 1145 est

181 1169 275 1195 natura
286 1165 422 1196 omnibus.
441 1165 598 1193 communia
626 1165 685 1192 haec
708 1165 834 1192 mandata
858 1165 967 1198 dantur,

179 1211 318 1238 communi
335 1219 401 1239 cura
414 1215 441 1239 et
453 1212 638 1240 sollicitudine
655 1212 844 1239 custodienda.
859 1212 895 1239 At
908 1219 969 1246 qua:

182 1262 306 1293 spectant
321 1263 383 1286 ante
399 1259 452 1286 alia
477 1259 511 1286 ad
536 1258 724 1286 informandus
739 1258 888 1294 principes,
909 1266 970 1293 qua:

181 1305 269 1339 magis
287 1313 336 1340 par
350 1309 393 1332 est
408 1310 439 1332 ut
456 1309 502 1332 tua
525 1305 653 1332 observet
675 1309 810 1339 potestas,
833 1304 905 1331 unde
920 1304 970 1332 tibi

182 1351 270 1386 major
280 1355 417 1378 accrescet
431 1350 610 1385 experientia,
627 1350 672 1378 illa
697 1350 745 1377 tibi
771 1351 800 1378 in
825 1351 970 1385 procinctu

183 1405 243 1424 sum
253 1401 438 1431 suggesturus.
456 1396 610 1431 Principum
621 1396 693 1423 enim
705 1401 813 1431 oportet
828 1396 970 1432 multiplici

184 1442 326 1477 praeditum
341 1449 403 1470 esse
427 1442 571 1477 probitate.
590 1449 653 1469 cum
680 1442 731 1469 alia
751 1446 807 1469 tum
837 1442 970 1477 imprimis

184 1489 229 1516 illa
247 1496 307 1523 quae
322 1496 428 1515 morum
443 1492 549 1523 spectat
561 1487 805 1523 pulchritudinem,
822 1489 894 1516 unde
905 1488 970 1515 illud

1007 243 1185 279 ἀνθρωπίνων
1210 242 1430 278 προσταγμάτων
1452 240 1499 268 καὶ
1521 241 1573 275 τῆς
1597 239 1798 274 ὲπιστατούσης

1007 289 1094 325 ἀρχῆς
1109 288 1266 324 ὑπερόπτης
1287 289 1318 314 ού
1331 287 1473 322 διαφεύγει
1492 286 1542 322 τὴν
1555 286 1644 321 δίκην,
1667 285 1736 312 ἀλλὰ
1749 285 1798 312 καὶ

1008 336 1049 366 εἰς
1071 335 1138 362 αὐτὸ
1161 334 1192 361 τὸ
1211 333 1261 369 ζῇν
1277 333 1409 365 πολλάκις
1423 333 1468 359 τδν
1484 332 1606 359 κίνδυνον
1630 331 1703 366 ἔχει,
1719 332 1734 357 ὁ
1752 330 1798 357 τὸν

1009 380 1148 414 Δεσπότην
1170 378 1224 405 τῶν
1248 379 1317 405 ὅλων
1345 378 1394 405 καὶ
1410 378 1525 404 Βασιλέα
1552 378 1599 403 καὶ
1626 375 1799 411 Δημιουργὺν

1009 424 1052 451 διὰ
1066 425 1117 458 τῆς
1132 424 1172 455 εἰς
1186 424 1232 450 τὸν
1255 422 1398 458 ὁμόδουλον
1415 422 1558 458 παροινίας
1581 421 1630 448 καὶ
1653 420 1800 454 ἐπιϐουλῆς

1011 469 1151 505 ἀτιμάζων
1164 470 1212 496 καὶ
1226 469 1384 501 ἑξουθενῶν,
1403 468 1450 495 καὶ
1463 469 1525 499 τοὺς
1539 467 1622 494 αὑτοῦ
1634 466 1732 501 νόμους
1742 466 1801 492 δια-

1012 515 1129 547 παίζων,
1150 515 1198 541 καὶ
1218 513 1317 549 χλεύην
1344 514 1466 544 δεικνὺς,
1484 506 1590 548 Χὴλίκην
1610 512 1670 538 τινὰ
1692 511 1742 546 τὴν
1756 519 1800 536 τι-

1014 560 1120 596 μωρίαν
1135 559 1230 591 δώσει;
1245 559 1291 586 Διὸ
1306 560 1440 594 προσήκει
1458 559 1539 585 παντὶ
1553 558 1647 593 τρόπῳ
1666 557 1713 583 καὶ
1727 556 1802 591 πάσῃ

1014 606 1128 641 σπουδῇ,
1141 606 1211 640 μετὰ
1220 606 1269 640 τῆς
1283 604 1406 640 καθαρᾶς
1419 604 1466 631 καὶ
1478 603 1631 638 ἀμωμήτου
1643 601 1721 636 ἡμῶν
1736 601 1803 636 θρη-

1014 652 1118 683 σκείας,
1143 651 1191 678 καὶ
1219 651 1320 681 ταύτας
1342 649 1532 684 διαφυλάττειν
1549 647 1599 679 τὰς
1619 647 1740 678 ἐντολάς.
1764 646 1803 672 Οὐ

1014 697 1068 732 γὰρ
1083 697 1167 728 ἐστιν,
1194 697 1245 723 οὐκ
1273 697 1343 727 ἐστι,
1369 696 1453 731 χωρὶς
1477 694 1578 727 αὐτῶν,
1595 693 1657 720 οὔτε
1678 694 1727 728 τῆς
1749 692 1804 719 τῶν

1015 742 1118 769 πιστῶν
1133 742 1180 769 καὶ
1193 742 1324 776 φιλοθέων
1340 742 1448 777 μερίδος
1463 741 1602 776 γενέσθαι,
1615 740 1677 767 οὔτε
1688 741 1738 775 τῆς
1750 740 1805 767 τῶν

1013 788 1136 823 οὐρανῶν
1150 788 1298 822 ἀξιωθῆναι
1319 788 1467 823 βασιλείας.

1055 937 1110 970 κη’.
1142 932 1223 959 Ἀλλὰ
1241 931 1328 959 ταῦτα
1363 931 1412 967 μὲν
1448 929 1585 965 ἀνθρώπῳ
1612 928 1694 956 παντὶ
1728 929 1804 962 πάσῃ

1017 978 1131 1012 δυνάμει
1142 974 1380 1011 παραφυλακτέον,
1396 975 1508 1010 ἄρχοντι
1522 974 1570 1000 καὶ
1587 973 1741 1008 ἀρχομένῳ,
1755 972 1809 1007 νέῳ

1018 1023 1067 1049 καὶ
1083 1021 1236 1057 πρεσϐύτῃ,
1263 1019 1384 1054 πλουσίῳ
1408 1019 1456 1046 καὶ
1479 1018 1587 1053 πένητι.
1611 1017 1696 1052 Κοινὴ
1710 1017 1766 1052 γὰρ
1790 1017 1808 1051 ἡ

1019 1069 1111 1103 φύσις,
1123 1067 1171 1094 καὶ
1188 1067 1266 1093 κοινὰ
1280 1066 1316 1092 τά
1341 1066 1551 1101 προστάγματα,
1569 1064 1617 1091 καὶ
1642 1063 1736 1098 κοινῆς
1758 1062 1810 1098 τῆς

1020 1115 1219 1149 παραφυλακῆς
1234 1114 1281 1141 καὶ
1296 1112 1455 1148 ἐπιμελείας
1476 1111 1602 1146 δεόμενα.
1624 1111 1659 1136 'A
1682 1109 1710 1136 δὲ
1739 1109 1810 1144 μᾶλ-

1019 1161 1064 1187 λον
1079 1160 1147 1196 πρὸς
1159 1160 1208 1195 τὴν
1224 1159 1276 1186 τῶν
1302 1158 1440 1193 ἀρχόντων
1464 1158 1515 1193 ὁρᾷ
1533 1156 1733 1191 παιδαγωγίαν,
1758 1156 1807 1183 καὶ

1019 1207 1053 1242 τῇ
1070 1207 1103 1241 σῇ
1118 1205 1262 1240 φυλάττειν
1291 1204 1496 1239 ἐπιτηδειότερα
1517 1202 1640 1238 ἐξουσίᾳ,
1655 1203 1702 1229 καὶ
1721 1201 1751 1235 ἐξ
1771 1198 1810 1228 ὧν

1020 1251 1098 1278 ἔσται
1123 1259 1165 1278 σοι
1193 1250 1325 1285 καὶπερὶ
1350 1249 1405 1277 τῶν
1431 1249 1518 1276 ἄλλων
1537 1248 1650 1283 πλείστη
1667 1247 1810 1283 ἐμπειρία,

1021 1298 1113 1325 ἐκεῖνά
1129 1306 1170 1324 σοι
1188 1296 1237 1324 νῦν
1261 1296 1411 1331 είρήσεται.
1443 1295 1497 1322 Καὶ¹
1510 1295 1564 1330 γὰρ
1577 1294 1677 1328 πολλῆς
1691 1294 1731 1328 τῷ
1758 1294 1810 1329 άρ-

1020 1351 1095 1378 χοντι
1107 1343 1148 1369 δεῖ
1162 1341 1376 1376 καλοκαγαθίας,
1395 1341 1444 1375 τῆς
1468 1349 1498 1367 τε
1525 1340 1618 1374 ἄλλης,
1641 1340 1688 1366 καὶ
1713 1339 1764 1373 τῆς
1781 1339 1812 1366 ὲν

1021 1388 1114 1424 ἤθεσιν
1137 1388 1296 1422 εὐκοσμίας.
1323 1386 1388 1412 Δι”ὃ
1404 1385 1451 1412 καί
1478 1393 1560 1419 φασιν
1580 1394 1590 1410 ι
1615 1384 1699 1419 Ἀρχὴ
1724 1383 1811 1417 ἄνδρα

1020 1435 1147 1461 δεικνύει·
1162 1444 1172 1459 ›
1187 1434 1244 1466 καὶ,
1262 1433 1302 1460 ὅτι
1312 1433 1433 1467 «Ὥσπερ
1444 1432 1458 1458 ὀ
1472 1431 1572 1466 χρυσὸς
1584 1430 1614 1456 ἐν
1624 1431 1684 1461 ταῖς
1695 1428 1812 1459 λιθίναις

1021 1481 1132 1513 ἀκόναις
1149 1480 1337 1515 δοκιμάζεται,
1358 1479 1445 1509 οὕτως
1472 1479 1486 1505 ό
1501 1475 1673 1512 ἀνθρώπινος
1702 1474 1764 1506 νοῦς
1782 1474 1812 1500 ὲν

183 1520 310 1570 adagium
326 1520 645 1569 diciturz-Magist-ratus
669 1533 756 1561 virum
780 1533 891 1561 indicat.
916 1533 968 1562 Et:

1022 1529 1082 1559 ταῖς
1098 1528 1225 1563 ἀρχικαίς
1252 1525 1395 1561 ἐργασίαις
1423 1524 1470 1551 καὶ
1482 1524 1543 1555 ταῖς
1571 1522 1626 1549 τῶν
1651 1520 1813 1556 ἀρχομένων

184 1579 418 1613 Quemadmodum
435 1587 531 1607 aurum
544 1579 642 1615 probat
658 1579 731 1606 acies
750 1579 867 1614 lapidea,
888 1580 926 1607 ita
943 1584 971 1607 et

185 1626 332 1653 humanam
358 1631 477 1652 mentem
499 1626 620 1653 actiones
640 1632 701 1652 eum
722 1625 888 1660 imperiales,
915 1629 972 1653 tum

183 1672 357 1700 subditorum
370 1671 565 1707 dispositiones
580 1672 750 1699 discernunt.

222 1717 267 1746 29.
289 1717 323 1745 At
337 1722 366 1745 tu
381 1717 449 1745 mihi
465 1717 576 1745 sedulus
586 1717 693 1745 auditor
705 1718 787 1749 adsis,
799 1726 852 1746 nec
865 1718 973 1746 auditor

185 1768 304 1798 tantum,
323 1764 371 1792 sed
388 1769 416 1791 et
430 1769 558 1799 operator
575 1764 714 1791 actionum
735 1764 868 1791 bonarum
885 1770 913 1792 ut
927 1765 974 1792 ad-

186 1810 331 1838 miratione
355 1810 508 1845 dignarum.
539 1809 704 1844 Principium
733 1817 814 1844 porro
833 1818 848 1837 a
869 1811 924 1838 Deo
947 1816 975 1838 et

187 1857 286 1886 divinis
299 1864 479 1885 arcessemus.
496 1855 588 1884 Oratio
605 1856 686 1891 igitur
704 1856 842 1884 connectit
853 1857 908 1884 Deo
924 1856 975 1884 ho-

187 1904 299 1933 minem.
312 1903 392 1938 eique
408 1902 570 1930 familiarem
584 1902 682 1929 reddit.
696 1901 743 1930 Est
754 1906 844 1930 autem
861 1902 905 1929 illa
913 1911 975 1930 cum

189 1949 244 1975 Deo
260 1947 406 1975 collocutio
420 1951 450 1974 et
467 1954 629 1982 congressus
647 1947 757 1982 quidam
772 1947 973 1980 intellectualis,

188 1994 234 2029 qui
249 1997 290 2021 est
304 1994 426 2021 omnium
444 2001 535 2021 rerum
554 1993 758 2028 pulcherrimus
781 1997 808 2020 et
834 1993 976 2028 pretiosis-

188 2041 285 2068 simus.
307 2040 348 2068 Ab
362 2040 408 2067 illo
432 2044 542 2067 emanat
569 2039 724 2067 substantia
750 2039 840 2067 omnis
860 2043 888 2066 et
909 2047 976 2067 con-

188 2084 330 2118 sistentia;
343 2085 377 2112 ab
389 2084 435 2112 illo
445 2084 615 2119 providentia
640 2088 668 2111 ct
679 2084 812 2111 bonorum
826 2083 976 2117 exhibitio;

150 2123 152 2128 ’
187 2131 319 2167 perfectio
342 2131 451 2163 omnis,
474 2134 501 2158 et
521 2130 668 2158 aliectuum
696 2131 785 2157 omnis
807 2130 976 2157 emundatio.

188 2176 321 2210 Quocirca
346 2176 369 2203 si
388 2176 422 2203 ab
437 2176 562 2203 oratione
584 2175 657 2202 nulla
674 2175 726 2202 alia
749 2174 852 2202 utilitas
864 2174 977 2210 egrede-

1022 1573 1151 1605 διανοίαις
1171 1572 1338 1604 ἐξετάζεται.
1363 1580 1373 1596 ι

1060 1707 1111 1734 κθ’.
1136 1707 1172 1733 Σὺ
1187 1705 1215 1732 δέ
1233 1714 1279 1741 μοι
1304 1705 1422 1740 μάλιστα
1450 1705 1581 1740 πρόσεχε,
1607 1703 1651 1730 ἵνα
1669 1702 1707 1738 μὴ
1732 1702 1815 1737 μόνον

1025 1753 1177 1790 ἀκροατὴς,
1197 1751 1267 1779 ἀλλὰ
1283 1752 1331 1778 καὶ
1354 1750 1469 1786 ποιητὴς
1491 1750 1558 1785 γένῃ
1577 1748 1668 1776 καλῶν
1690 1748 1739 1775 καὶ
1755 1747 1817 1779 ἀξι-

1024 1800 1152 1834 αγάστων
1166 1797 1303 1834 πράξεων.
1326 1797 1410 1832 Ἀρχὴ
1426 1796 1455 1822 δὲ
1469 1796 1545 1831 ἡμῖν,
1561 1795 1613 1821 κάν
1632 1794 1747 1825 τούτοις,
1761 1792 1818 1820 ἀπὸ

1024 1846 1079 1873 τῶν
1093 1846 1183 1872 θείων.
1207 1845 1282 1880 Εὒχὴ
1300 1844 1349 1880 μὲν
1365 1842 1411 1870 οὖν
1425 1842 1486 1878 Θεῷ
1500 1842 1632 1868 συνάπτει
1645 1841 1692 1868 καὶ
1709 1840 1817 1872 οἰκειοῖ,

1026 1893 1120 1929 ὁμιλία
1137 1901 1179 1924 τις
1205 1892 1297 1922 ἔνθεος
1334 1888 1411 1923 οὖσα,
1443 1890 1491 1916 καὶ
1524 1887 1652 1916 συνουσία
1673 1887 1753 1921 νοερὰ
1769 1885 1818 1912 τοῦ

1028 1941 1136 1967 πάντων
1153 1937 1296 1965 καλλίστου
1314 1937 1362 1964 καὶ
1376 1936 1543 1971 τιμιωτάτου
1556 1944 1563 1950 ·
1581 1935 1610 1968 ὲξ
1624 1930 1654 1961 οὖ
1668 1934 1745 1961 πᾶσα
1765 1933 1817 1967 μὲν

1026 1986 1153 2017 οὐσίωσις
1168 1985 1216 2012 καὶ
1232 1983 1341 2019 συνοχὴ,
1358 1984 1433 2010 πᾶσα
1447 1982 1475 2008 δὲ
1490 1981 1604 2016 πρόνοια
1625 1981 1673 2007 καὶ
1698 1978 1818 2015 χορηγία

1025 2034 1081 2060 τῶν
1108 2031 1230 2066 ἀγαθῶν,
1254 2031 1330 2057 πᾶσα
1349 2029 1378 2056 δὲ
1405 2029 1542 2063 τελειότης
1566 2027 1614 2054 καὶ
1635 2027 1819 2061 διακάθαρσις

1026 2079 1081 2107 τῶν
1108 2078 1212 2105 παθῶν,
1232 2077 1313 2103 Ὥστε
1341 2076 1366 2102 εἰ
1384 2075 1431 2102 καὶ
1449 2076 1486 2110 μή
1512 2083 1538 2101 τι
1561 2074 1625 2101 ἄλλο
1653 2073 1748 2108 κέρδος
1779 2072 1814 2098 ἐκ

1027 2128 1077 2163 τῆς
1099 2127 1181 2162 εὐχῆς
1205 2124 1348 2159 ἀνεφύετο,
1374 2123 1439 2150 αὐτὸ
1454 2123 1486 2158 δὴ
1509 2121 1589 2148 τοῦτο
1616 2121 1733 2157 μάλιστα
1760 2121 1820 2152 τοῖς

1030 2170 1164 2209 φιλοθέοις
1185 2172 1234 2199 καὶ
1248 2170 1296 2198 τοῦ
1313 2169 1417 2204 άγαθοῦ
1433 2169 1628 2204 φιλοθεάμοσιν
1642 2167 1703 2194 ἀντὶ
1727 2167 1820 2200 πάσης

188 2227 274 2254 retur,
295 2222 368 2250 istud
395 2227 483 2249 tamen
513 2221 624 2248 unicum
648 2221 720 2256 apud
745 2221 870 2248 homines
890 2221 970 2248 Deum

1029 2219 1199 2255 εὐφροσύνης
1221 2218 1313 2253 ἢρκει,
1341 2217 1389 2243 καὶ
1413 2216 1504 2250 πάσης
1518 2216 1569 2249 τῆς
1595 2213 1666 2241 κατὰ
1687 2213 1734 2239 τὸν
1761 2211 1820 2247 βίον

189 2269 331 2305 diligentes
347 2273 375 2296 et
387 2268 498 2296 videndi
514 2268 636 2295 curiosos
655 2267 741 2294 instar
757 2267 847 2294 omnis
863 2267 976 2295 alterius

189 2315 392 2347 oblectamenti,
408 2315 498 2342 omnis
512 2322 572 2348 quae
583 2313 611 2340 in
626 2313 681 2340 vita
705 2313 864 2349 contingere
887 2317 978 2349 potest

189 2361 367 2389 beatitudinis
379 2365 406 2388 et
420 2360 570 2391 felicitatis,
584 2365 656 2386 esset
668 2359 776 2387 abunde
786 2359 977 2387 suffecturum.

187 2409 238 2436 Ast
251 2415 313 2436 cum
329 2415 377 2442 per
390 2407 514 2434 eamdem
530 2410 703 2440 peccatorum
717 2405 873 2433 obtinemus
883 2405 980 2433 remis-

189 2455 306 2486 sionem,
324 2458 351 2481 et
366 2453 497 2488 quidquid
518 2453 598 2480 nobis
621 2452 793 2480 conducibile
816 2452 853 2479 sit
876 2452 978 2487 recipi-

190 2507 262 2533 mus,
283 2500 362 2527 d0nis
375 2499 468 2526 donati
484 2499 605 2534 Optimis,
621 2502 649 2526 et
665 2498 801 2533 perfectos
816 2497 982 2525 facientibus

191 2547 364 2581 recipientes.
376 2553 484 2572 necnon
504 2545 532 2572 in
548 2553 578 2573 se
607 2544 837 2580 speciosissimis;
862 2544 897 2571 ad
914 2551 982 2579 ope-

191 2592 306 2620 randum
329 2599 362 2619 ea
385 2591 551 2619 advocamur
576 2599 637 2626 qua;
662 2589 865 2625 inexplicabilia
889 2583 983 2617 omnia

190 2638 270 2666 nobis
286 2638 412 2665 conferre
427 2637 515 2664 solent
531 2645 538 2664 :
557 2645 604 2672 per
626 2637 773 2672 gratiarum
787 2643 867 2671 porro
894 2636 980 2663 actio-

190 2692 265 2718 nem,
280 2692 360 2720 quam
376 2683 405 2710 in
430 2683 557 2718 precibus
583 2682 753 2717 cxpedimus,
777 2681 980 2709 benefactorem

190 2730 267 2763 quasi
288 2736 505 2759 remuneramus,
521 2732 548 2754 et
564 2731 692 2762 tanquam
707 2726 838 2762 quasdam
862 2727 900 2754 illi
925 2727 980 2761 pri-

192 2774 282 2800 mitias
297 2773 446 2805 olIerimus.
463 2777 613 2807 praesentes
628 2772 711 2799 animi
720 2773 806 2799 nostri
818 2772 981 2800 affectiones

1029 2264 1232 2301 μακαριότητος
1248 2263 1294 2289 καὶ
1310 2261 1494 2296 εὐδαιμονίας.
1509 2260 1574 2286 Ὅτε
1589 2259 1636 2286 καὶ
1651 2259 1705 2285 τῶν
1724 2258 1819 2292 ἡμαρ-

1028 2311 1155 2347 τημένων
1179 2310 1277 2344 ἄφεσιν
1309 2308 1486 2343 λαμϐάνομεν
1514 2306 1548 2332 δι’
1563 2305 1659 2339 αὐτῆς,
1688 2304 1736 2330 καὶ
1763 2304 1819 2330 τῶν

1029 2357 1116 2385 ἄλλων
1124 2355 1284 2390 αἰτημάτων
1294 2354 1343 2380 ὅσα
1353 2352 1522 2388 συμφέρουσι
1531 2351 1580 2382 τὰς
1592 2349 1760 2384 ἀγαθοειδεῖς
1771 2350 1821 2376 καὶ

1029 2402 1236 2438 τελεσιουργοὺς
1261 2400 1375 2435 δωρεὰς,
1408 2395 1633 2433 προκαλούμεθα,
1666 2392 1821 2428 ἁξιούμεθά

1029 2457 1060 2475 τε
1074 2447 1128 2474 τῶν
1141 2445 1253 2480 ἀφάτων
1278 2444 1342 2479 περὶ
1355 2443 1429 2479 ἡμᾶς
1445 2441 1534 2477 ἔργων
1545 2441 1593 2467 καὶ
1606 2438 1700 2475 δώρων
1711 2439 1756 2465 διὰ
1769 2439 1820 2473 τῆς

1030 2495 1060 2521 ἐν
1093 2493 1163 2527 αὐτῇ
1195 2490 1370 2525 εὐχαριστίας
1397 2488 1441 2514 τὸν
1471 2486 1619 2523 εὐεργέτην
1643 2483 1820 2520 ἀμείϐεσθαι,

1029 2540 1078 2566 καὶ
1089 2538 1122 2573 δὴ
1142 2538 1188 2564 καὶ
1204 2536 1263 2567 οἵας
1278 2534 1406 2569 ἀπαρχάς
1435 2541 1511 2563 τινας
1535 2531 1609 2566 αὑτῷ
1641 2530 1820 2566 προσφέρειν,

1029 2587 1080 2617 τὰς
1095 2585 1156 2612 κατ’
1170 2583 1276 2618 ἐκείνην
1295 2581 1342 2607 τοῦ
1365 2579 1411 2607 νοῦ
1436 2579 1558 2614 κινήσεις
1583 2577 1629 2604 καὶ
1652 2575 1819 2609 δοξολογίας,

1030 2633 1080 2667 τῆς
1091 2631 1186 2666 νοερᾶς
1200 2628 1278 2664 ἡμῶν
1290 2628 1337 2654 καὶ
1357 2626 1469 2661 λογικῆς
1483 2624 1636 2654 οὺσιώσεως
1645 2631 1652 2638 ·
1669 2623 1712 2649 ὅτε
1729 2622 1822 2667 τοίνυν

1031 2663 1152 2704 τοσαῦτα
1163 2663 1377 2707 καὶγτηλικαῦτα
1390 2671 1423 2705 τῇ
1444 2669 1511 2704 εὐχῇ
1535 2667 1737 2703 περιείληπται,
1761 2663 1823 2695 πῶς

1031 2724 1062 2750 οὺ
1075 2723 1128 2758 χρὴ
1142 2720 1211 2755 πρὸς
1236 2718 1338 2752 ταύτην
1359 2715 1509 2752 προθύμως
1535 2711 1752 2743 ὲπεκτείνεσθαι,
1773 2711 1824 2736 καὶ

1032 2769 1134 2802 ταύτης
1145 2767 1211 2802 ὲρᾷν
1226 2764 1330 2800 σφόδρα
1345 2765 1393 2789 καὶ
1411 2760 1677 2796 άντιλαμϐάνεσθαι;

193 2824 220 2845 et
236 2825 336 2852 motus,
350 2821 509 2855 doxologias
521 2828 629 2855 quoque
649 2820 683 2848 ab
701 2820 862 2855 intelligibili
886 2825 978 2848 nostra
997 2825 1025 2848 et
1055 2817 1180 2846 rationali
1206 2819 1302 2842 natura
1328 2811 1501 2839 resultantes.
1524 2809 1592 2836 Cum
1616 2807 1698 2843 igitur
1722 2810 1762 2834 tot
1794 2811 1825 2833 et

195 2870 270 2892 tanta
293 2874 342 2900 per
366 2868 517 2895 orationem
542 2873 733 2903 procurentur,
763 2869 901 2903 quomodo
925 2877 970 2896 non

1022 2876 1105 2904 quum
1120 2866 1196 2894 situt
1225 2869 1275 2891 nos
1286 2861 1412 2890 alacriter
1425 2860 1454 2888 in
1485 2857 1729 2887 illaexteudamus,
1760 2862 1825 2882 eam

199 2909 387 2940 vehementius
403 2913 582 2947 depereamus
601 2919 629 2942 et
655 2914 730 2942 omni
753 2913 834 2942 modo
858 2915 1064 2950 amplectamur.
