1940 3087
125 132 178 164 665

124 235 170 268 τὸς
182 236 231 262 καὶ
245 236 305 263 καθ’
321 237 418 263 ἑαυτὸν
432 236 471 271 τῷ
483 229 552 271 Εἷεῷ.
573 236 728 272 Προσεύχου
745 237 773 264 δὲ
786 239 834 265 καὶ
854 238 913 274 ἅμα

124 281 163 317 τῷ
176 281 285 316 πλήθει,
300 283 348 309 καὶ
362 283 390 309 ἐν
402 282 442 317 τῷ
458 282 583 317 φανερῷ·
604 282 637 309 δι’
651 283 782 318 ἑκατέρου
796 283 845 319 μὲν
858 285 912 320 γὰρ

126 327 259 363 θεοφιλῶς
283 329 484 364 πραττομένου,
510 329 541 355 τὺ
560 329 634 356 ὅσιον
650 330 724 356 ἔστιν
747 330 911 357 ἀποδιδόναι.

127 374 211 400 Ὅσον
235 374 263 400 δὲ
287 374 319 401 τὸ
345 376 480 410 πρότερον
517 376 556 407 εἰς
585 375 768 411 καθαρότητακ
793 376 914 407 διανοίας

127 419 297 453 πλεονεκτεῖ,
315 421 443 448 τοσοῦτον
453 422 484 448 τὺ
507 422 632 457 δεύτερον
654 423 694 454 εἰς
705 432 713 442 ·
720 422 835 457 μίμησιν
852 423 915 453 τοὺς

126 467 245 502 ὁρῶντας
262 468 427 503 παρακαλεῖ.
446 468 501 494 Καὶ
518 468 549 494 τὸ
574 468 622 503 μὲν
646 469 686 500 είς
702 469 802 495 οἰκεῖον
817 468 915 503 κέρδος

127 511 249 539 συντελεῖ
262 520 269 527 ·
281 513 312 539 τὸ
323 512 350 539 δὲ
365 513 413 540 καὶ
425 514 487 545 τοὺς
503 513 599 544 ἄλλους
615 512 685 540 οἶδεν
700 513 814 549 ὠφελεῖν
825 522 832 528 ·
849 510 886 540 ὧν
898 515 915 549 ἡ

128 559 252 593 σωτηρία
266 560 314 585 καὶ
326 559 343 594 ἡ
359 559 496 594 προκοπὴ,
511 559 617 596 μεγάλη
643 559 725 587 πάλιν
744 560 794 595 τῆς
813 559 916 596 ἀρετῆς

127 604 187 630 ἐστι
199 604 247 630 τοῦ
262 605 394 639 ἄρχοντος
413 613 501 642 μαρτυ
507 605 562 640 ρία.

163 692 217 719 λα’.
231 693 321 725 Nam);
334 694 378 721 ἐπ’
389 694 502 730 ὀνόματι
513 694 581 722 Θεοῦ
597 695 645 722 καὶ
661 695 716 722 τῶν
733 695 816 723 αὐτοῦ
829 695 916 730 ἁγίων

129 739 200 766 κατὰ
214 739 280 771 τοὺς
298 740 545 775 ἐκκλησιαστικοὺς
569 740 686 777 θεσμοὺς
703 742 850 778 οἰκοδόμει,
869 743 918 769 καὶ

129 784 235 816 τούτοις
246 784 293 811 τὸν
303 785 367 812 λαὸν
381 786 610 821 έκκλησιάζεσθαι
621 786 694 819 ἔθιζε
705 795 712 802 ·
732 787 776 814 ἵνα
797 789 873 823 κοινῇ
887 787 917 814 τὸ

129 828 206 855 Θείον
218 830 412 866 ὲξιλεούμενοι,
427 832 476 858 καὶ
496 833 588 868 κοινὴν
602 833 652 869 τὴν
665 833 818 868 δοξολογίαν
830 842 916 868 προσ-

709 135 979 167 EPISTOLARUM
997 136 1113 167 LIBER
1133 136 1159 167 Ι.

1702 137 1756 169 666

160 189 191 214 λ’.
206 188 242 214 Σὺ
256 188 348 216 τοίνυν
361 189 513 225 προσεύχου
533 189 583 225 μὲν
609 189 691 226 εὐχὰς
709 191 778 223 ιδίας
795 192 912 218 διαπανις

997 191 1042 218 50.
1063 191 1145 218 Orato
1160 189 1241 226 igitur
1252 190 1441 218 indesinenter
1458 191 1583 226 privatim
1598 197 1626 220 et
1642 195 1712 229 apud
1729 199 1755 222 te

968 235 1054 264 Deum
1071 245 1078 263 :
1095 236 1142 264 sed
1157 241 1185 263 et
1196 236 1282 271 palam
1298 241 1326 264 et
1341 244 1395 263 una
1406 245 1467 264 cum
1484 238 1657 266 multitudine
1667 244 1754 267 orato.

967 282 1049 310 Certe
1061 291 1109 318 per
1124 287 1269 318 utrumque
1279 283 1375 310 orandi
1392 283 1514 315 tnodum,
1527 290 1554 310 ut
1570 284 1652 311 Deum
1663 293 1757 312 aman-

967 333 1023 356 tem
1046 329 1135 361 decet,
1167 329 1339 356 observatum
1364 329 1542 357 sanctiﬁcatio
1571 330 1696 358 habetur.
1725 332 1756 359 In

967 379 1101 410 quantum
1115 382 1180 401 vero
1199 373 1274 409 prius
1288 374 1353 400 illud
1381 374 1414 401 ad
1441 375 1540 401 mentis
1554 379 1606 402 tua:
1629 376 1756 404 conducit

968 421 1126 455 puritatem,
1143 420 1172 447 in
1187 424 1290 447 tantum
1303 420 1328 446 id
1340 420 1412 454 quod
1424 420 1536 454 ponitur
1550 422 1670 448 secundo
1685 422 1754 455 loco,

968 465 1106 494 intuentes
1122 466 1148 492 in
1164 466 1346 493 imitationem
1362 471 1452 493 vocat.
1469 466 1503 492 El.
1514 466 1627 494 alterum
1648 468 1756 502 quidem

969 512 1082 547 privatis
1097 511 1248 539 commodis
1274 512 1400 544 inservit,
1425 512 1541 539 alterum
1564 513 1676 548 insuper
1690 521 1754 541 con-

969 557 1043 584 ducit
1059 561 1087 584 et
1100 557 1208 584 alienis.
1225 557 1338 584 Illorum
1355 565 1437 592 porro
1453 558 1526 585 salus
1554 563 1581 585 et
1606 559 1633 585 in
1658 560 1756 588 virtute

969 611 1129 638 progressus
1151 603 1256 631 illustre
1278 603 1426 631 admodum
1453 604 1639 631 testimonium
1665 606 1757 634 virtuti

970 648 1130 682 imperantis
1147 648 1285 682 perhibet.

1005 693 1049 720 51.
1071 693 1182 728 Templa
1194 693 1251 721 Deo
1265 697 1292 720 et
1314 693 1415 721 sanctis
1440 694 1500 729 ejus
1519 693 1668 721 secundum
1688 694 1760 729 leges

969 739 1074 767 aediﬁca
1099 739 1325 767 ecclesiasticas:
1352 747 1385 766 eo
1416 739 1533 775 populiis
1559 741 1707 767 convenire
1731 739 1760 766 in

970 790 1057 813 ctetus
1073 790 1221 817 assuescat,
1234 786 1262 813 in
1273 793 1335 813 eum
1351 785 1432 813 ﬁnem
1452 789 1482 812 ut
1507 786 1697 814 communibus
1710 795 1761 814 vo-

972 832 1007 859 tis
1024 832 1109 860 Deum
1127 832 1273 867 propitium
1289 832 1430 865 facientes,
1440 837 1468 860 et
1477 833 1660 860 communiter
1679 834 1762 860 tioxo-

129 875 241 909 ἀγοντες
254 895 262 907 ,
285 877 325 908 εἰς
341 878 435 913 κοινήν
460 886 490 904 τε
512 878 613 913 μᾶλλον
640 879 768 914 ὁμόνοιαν
786 879 917 906 συνελαύ-

979 879 1067 914 ogiam
1089 878 1114 906 ei
1129 878 1293 911 oiIerentes,
1308 878 1344 905 ita
1362 878 1448 914 magis
1468 885 1530 905 cum
1544 878 1571 905 in
1588 886 1761 906 communem

129 929 238 954 νωνται,
263 922 311 949 καὶ
342 923 436 959 κοινὴν
457 924 616 960 καρπῶνται
638 925 689 960 τὴν
713 925 850 961 σωτηρίαν
872 925 919 952 καὶ

130 965 278 999 ὠφέλειαν.

164 1010 215 1046 λβ¹.
231 1012 264 1038 Αἱ
280 1011 370 1039 θυσίαι
385 1013 434 1048 μὲν
455 1014 504 1047 τῆς
520 1014 595 1049 ἱερᾶς
622 1015 701 1050 ἡμῶν
722 1015 850 1051 λατρείας
862 1017 922 1048 τοῖς

133 1056 254 1091 ἱερεῦσιν
280 1059 438 1086 ἀνάκεινται
464 1057 505 1091 οἷς
535 1061 682 1096 ὑπηρετῶν
708 1062 856 1098 προθύμως
872 1063 921 1089 καὶ

129 1104 304 1138 προσφέρων,
325 1105 426 1140 πολλῆς
440 1105 490 1140 τῆς
507 1106 551 1132 διὰ
572 1106 676 1134 τούτων
696 1107 861 1139 ἀπολαύσεις
874 1108 920 1134 καὶ

130 1149 290 1183 εὐεργεσίας
303 1152 351 1178 καὶ
363 1152 483 1187 χάριτος.
502 1153 602 1179 Δύναιο
613 1153 634 1180 δ’
649 1153 682 1180 ἂν
701 1154 748 1180 καὶ
764 1154 806 1186 σὺ,
824 1154 921 1189 βουλψ

131 1194 199 1227 θεὶς,
215 1196 355 1223 κάλλιστον
367 1198 553 1234 αὐτουργῆσαι
565 1199 625 1234 θεῷ
637 1199 712 1234 θῦμα
722 1201 769 1226 καὶ
778 1200 919 1235 ἐρασμιώ-

130 1248 222 1274 τατον,
236 1241 293 1276 βίον
308 1242 383 1278 αὐτῷ
398 1243 626 1280 καλλιερούμενος
647 1245 778 1281 καθαρὸν,
799 1246 846 1273 καὶ
866 1246 923 1272 δια-

131 1287 204 1318 νοίας
219 1287 362 1324 ὀρθότητα.

168 1377 218 1413 λγ’.
231 1378 316 1410 Εἰδὼς
328 1379 357 1406 δὲ
368 1379 406 1412 ὼς
419 1380 526 1415 μεγάλη
537 1380 607 1417 ῥοπὴ
618 1380 686 1417 πρὸς
702 1381 752 1417 τὴν
762 1381 818 1408 τῶν
832 1382 922 1410 ἄλλων

131 1423 275 1459 διοίκησιν,
294 1424 373 1460 ῥώμη
394 1426 441 1452 καὶ
462 1426 545 1461 τάχος
570 1427 702 1460 διανοίας,
729 1429 796 1463 μηδὲ
818 1429 921 1465 ταύτης

132 1470 268 1504 ἀφίστασο
295 1471 346 1506 τῆς
366 1472 536 1507 ἐπιμελείας.
565 1474 706 1509 Ἀγχίνουν
731 1475 780 1510 μὲν
799 1477 854 1510 γὰρ
872 1477 922 1503 οὐκ

131 1516 191 1542 ἐστι
203 1516 331 1551 γενέσθαι
347 1518 393 1544 τὸν
406 1519 534 1555 μὴξφύσει
549 1520 630 1546 τοῦτο
645 1522 803 1556 πεφυκότα·
820 1521 920 1558 μελέτη

132 1563 162 1590 δὲ
176 1564 223 1590 καὶ¹
235 1565 408 1599 πραγμάτων
423 1567 516 1601 πεῖρα,
537 1567 684 1603 πρόχειρον
697 1569 860 1603 ἐμποιοῦσαι
872 1569 922 1606 τὴν

132 1611 246 1644 γνῶσιν,
272 1612 404 1645 πολλάκις
440 1613 469 1639 έν
490 1614 582 1645 αὐτοῖς
602 1617 659 1647 τοῖς
681 1615 772 1651 ἔργοις
797 1616 924 1652 ὀξύτερον

134 1656 238 1690 ἔδειξαν
257 1658 598 1695 τὸν-ἐγγεγυμνασμένον,
622 1661 640 1697 ἤ
665 1663 729 1694 τοὺς
749 1663 852 1698 ταύτης
874 1664 924 1698 τῆς

133 1703 276 1739 δυνάμεως
294 1706 364 1732 κατὰ
389 1706 470 1740 φύσιν
486 1708 700 1743 μετεσχηκότας.
728 1710 768 1735 Δι’
791 1709 807 1735 ὃ
822 1709 924 1745 φρόνη-

136 1758 178 1776 σιν
194 1751 290 1777 ἀσκεῖν
306 1753 438 1788 προσήκει
451 1753 495 1779 διὰ
510 1753 568 1788 βίου
579 1767 588 1773 -
604 1753 671 1789 αὕτη
690 1754 719 1780 δὲ
743 1756 925 1791 παραγίνεται

139 1796 239 1833 μελέτῃ
252 1797 302 1832 μὶν
317 1798 365 1824 καὶ
381 1799 474 1834 μνήμῃ
488 1799 614 1835 πράξεων
635 1800 843 1837 πρεσϐυτέρων,
862 1802 925 1838 ὁμι-

137 1842 185 1878 λίᾳ
199 1842 228 1869 δὲ
242 1844 289 1870 καὶ
316 1845 444 1877 συνουσίᾳ
456 1845 509 1880 τῶν
535 1846 687 1881 περιόντων
710 1848 816 1883 ἀνδρῶν
831 1848 927 1884 φρονί-

139 1897 208 1923 μων,
219 1889 267 1916 καὶ
282 1889 414 1926 ἐμπειρίᾳ
427 1890 456 1916 δὲ
468 1891 523 1917 τῶν
537 1891 609 1918 κατὰ
622 1892 672 1918 σὺν
688 1892 746 1928 βίον
770 1894 926 1929 πρακτέων.

138 1935 242 1970 Πρᾶξις
265 1936 319 1972 γὰρ
351 1938 465 1973 μιμήσει
492 1938 546 1970 καὶ,
571 1937 653 1974 βουλῇ
690 1939 739 1965 καὶ
764 1939 927 1976 διαχειρίσει

138 1983 239 2019 κράτος
248 1983 429 2015 συλλαϐοῦσα,
440 1984 490 2019 τῆς
503 1983 607 2011 ἄνωθεν
620 1985 707 2020 ῥοπῆς
720 1985 771 2012 οὐκ
780 1987 929 2022 dumpar—

138 2028 250 2064 τούσης,
270 2030 310 2061 εἰς
323 2029 463 2066 συμφέρον
473 2030 549 2062 τέλος
561 2030 715 2058 ἀποὸαίνει.

970 924 1143 952 concordiam
1155 924 1317 956 coalescant,
1334 928 1362 951 ct
1375 931 1549 952 communem
1566 924 1688 951 referant
1699 932 1762 952 cum

968 970 1084 998 salutem
1096 974 1152 997 tum
1166 970 1248 997 etiam
1262 970 1330 997 alias
1348 970 1490 997 utilitates.

1005 1016 1049 1043 52.
1072 1015 1210 1043 Sacriﬁcia
1228 1020 1336 1042 sacrata
1353 1020 1453 1043 nostra:
1478 1015 1617 1051 religionis
1639 1021 1764 1051 spectant

970 1061 1002 1089 ad
1019 1062 1174 1089 sacerdotes
1188 1070 1194 1088 :
1207 1061 1307 1096 quibus
1324 1061 1345 1088 si
1358 1061 1475 1089 libenter
1493 1066 1518 1089 te
1534 1062 1762 1094 accommodabis,
1795 1097 1798 1101 _

970 1111 998 1134 et
1014 1107 1167 1134 oblationes
1185 1111 1244 1134 tuas
1256 1107 1375 1139 dederis,
1399 1113 1426 1134 et
1441 1108 1659 1135 benevolentiam
1679 1117 1712 1136 ex
1731 1117 1764 1136 eo

971 1153 1051 1184 facto,
1067 1158 1094 1179 et
1112 1153 1194 1179 simul
1209 1153 1323 1187 gratiam
1348 1153 1411 1180 inde
1436 1161 1491 1180 non
1510 1154 1648 1189 vulgarem
1669 1163 1764 1189 repor-

971 1197 1052 1225 tabis.
1071 1197 1176 1225 Poteris
1189 1203 1291 1230 autem,
1315 1199 1398 1226 modo
1421 1200 1530 1226 animus
1552 1200 1635 1232 adsit,
1654 1205 1682 1227 et
1706 1205 1765 1229 tute

970 1251 1019 1278 per
1032 1249 1058 1270 te
1071 1243 1285 1278 pulcherrimum
1303 1244 1357 1271 Deo
1375 1244 1474 1272 oﬁ‘errc
1488 1246 1652 1274 sacriﬁcium
1668 1251 1696 1274 et
1715 1247 1764 1274 de~

971 1289 1106 1322 lectabile,
1127 1290 1150 1317 si
1164 1291 1247 1318 vitam
1273 1291 1325 1325 ipsi
1339 1298 1436 1326 pttratn
1458 1297 1485 1318 et
1511 1292 1633 1319 animum
1658 1297 1764 1320 rectum

971 1336 1084 1371 pulchre
1103 1337 1245 1365 obtuleris.

1006 1382 1051 1409 35.
1069 1382 1109 1409 Ad
1128 1382 1166 1410 rei
1182 1391 1246 1410 vero
1264 1383 1347 1411 totius
1370 1383 1485 1419 publica
1500 1384 1766 1413 administrationem

971 1436 1033 1456 cum
1052 1428 1189 1464 intelligas
1204 1429 1354 1464 plurimum
1367 1429 1495 1457 conferre
1509 1431 1610 1457 mentis
1622 1431 1766 1458 valentiam

971 1479 1000 1502 et
1015 1475 1113 1510 agilem
1130 1475 1332 1508 dexteritatem,
1347 1476 1402 1504 noli
1418 1483 1511 1504 curam
1535 1476 1606 1504 hanc
1623 1477 1699 1504 obire
1716 1485 1766 1505 ne-

973 1521 1129 1557 gligentins.
1149 1522 1183 1549 Et
1209 1527 1284 1549 certe
1308 1523 1480 1557 prudentiam
1498 1523 1525 1550 in
1547 1524 1689 1558 procincm
1711 1532 1767 1551 non

974 1566 1085 1594 habebit
1104 1567 1149 1594 ille
1169 1567 1214 1602 qui
1230 1575 1285 1594 non
1306 1571 1348 1594 est
1368 1575 1383 1594 a
1398 1572 1495 1595 natura
1511 1568 1545 1595 ad
1565 1568 1637 1595 illam
1659 1576 1768 1603 compa—

974 1617 1060 1640 ratus.
1079 1612 1217 1640 Meditatio
1231 1612 1336 1646 sedula,
1351 1613 1574 1649 cxperientiaque
1589 1621 1691 1646 rerum,
1707 1622 1768 1649 qua;

974 1659 1157 1694 cognitionem
1173 1659 1206 1687 ad
1215 1667 1325 1687 manum
1341 1660 1525 1695 suppeditant,
1538 1667 1591 1687 non
1608 1668 1671 1687 raro
1679 1660 1768 1688 virum

975 1714 1027 1733 usu
1043 1705 1221 1733 exercitatum
1239 1705 1343 1733 faciunt
1359 1706 1445 1733 multo
1462 1707 1569 1733 acutius
1582 1706 1609 1732 in
1627 1706 1769 1741 procinctu

975 1753 1068 1780 videre
1080 1761 1162 1788 quam
1179 1753 1247 1780 alios
1258 1753 1359 1788 quibus
1368 1761 1383 1780 a
1398 1758 1496 1781 natura
1505 1754 1563 1781 haec
1576 1753 1690 1781 facultas
1701 1761 1769 1781 con-

976 1807 1053 1827 cessa
1083 1804 1136 1827 est.
1160 1799 1292 1833 Quocirca
1321 1799 1518 1834 providentiam
1539 1798 1618 1826 decet
1642 1806 1770 1825 exercere

977 1853 1026 1881 per
1046 1849 1132 1872 totum
1142 1844 1226 1871 totius
1239 1843 1301 1871 vita:
1311 1851 1433 1870 cursum.
1445 1843 1601 1878 Acquiritur
1616 1842 1660 1869 illa
1678 1847 1769 1869 autem

978 1891 1044 1919 dum
1069 1890 1215 1917 recolimus
1228 1894 1257 1916 et
1273 1889 1437 1916 meditamur
1449 1897 1491 1916 res
1505 1889 1568 1916 olim
1581 1894 1678 1924 gestas,
1704 1889 1770 1916 dum

978 1942 1156 1970 congressum
1184 1934 1344 1961 aerctantur
1370 1938 1398 1960 ct
1431 1933 1591 1961 familiarem
1617 1941 1770 1962 sermonem

978 1981 1155 2017 prudentium
1166 1980 1193 2007 in
1207 1980 1261 2007 vita
1277 1980 1479 2011 exsistentium,
1495 1980 1560 2007 dum
1575 1988 1665 2008 rerum
1682 1980 1772 2015 quoti-

979 2028 1089 2055 dianam
1100 2027 1297 2062 experientiam
1313 2026 1476 2062 colligimus.
1493 2027 1572 2054 Actio
1590 2027 1661 2054 enim
1678 2027 1772 2062 acqui-

981 2074 1017 2101 rit
1027 2073 1099 2100 vires
1112 2081 1162 2108 per
1176 2073 1367 2103 imitationem.
1380 2073 1524 2100 consilium
1534 2078 1562 2100 ct
1574 2074 1770 2108 operationem,

980 2124 1063 2155 atque
1090 2119 1127 2146 ita
1142 2118 1235 2146 divino
1253 2126 1309 2146 non
1329 2119 1491 2146 adversante
1513 2119 1614 2146 auxilio
1635 2119 1662 2146 in
1691 2119 1772 2147 ﬁnem

981 2165 1155 2193 commodum
1169 2164 1309 2192 conducit.

176 2206 224 2234 λδ’.
239 2207 316 2242 Μηδὲ
330 2207 386 2233 τῶν
401 2207 466 2242 περὶ
477 2207 507 2233 τὸ
520 2207 600 2242 σῶμα
614 2207 644 2234 δὲ
658 2206 737 2242 ἡμῶν
748 2207 796 2234 καὶ
821 2209 923 2243 σχημά-

1016 2213 1062 2240 54.
1083 2211 1225 2243 Habitum,
1242 2211 1367 2247 ﬁguram,
1384 2216 1489 2239 motum
1506 2210 1628 2246 corporis
1642 2210 1698 2237 noli
1712 2215 1774 2237 tan-

140 2261 195 2280 των
210 2253 257 2279 καὶ
272 2252 417 2287 κινήσεων,
432 2251 470 2282 ὡς
489 2251 618 2282 εὐτελῶν,
645 2252 780 2288 ὑπερόρα.
806 2252 860 2286 Καὶ
872 2252 927 2288 γὰρ

141 2300 189 2327 καὶ
203 2300 220 2334 ὴ
236 2300 265 2326 έν
281 2299 375 2330 αὐτοῖς
397 2298 497 2333 ἀρίστη
522 2297 598 2330 τάξις
629 2298 677 2324 καὶ
694 2299 861 2330 κατάστασις
880 2299 931 2325 οὐκ

144 2346 285 2380 ἐλάχιστον
308 2344 391 2380 μέρος
409 2344 569 2379 φρονήσεως
586 2343 674 2376 ἔδοξεν
701 2341 772 2370 εἶναι
785 2351 792 2358 ·
809 2345 857 2371 καὶ
876 2344 931 2372 τῶν

143 2393 306 2428 ἀνθρώπων,
327 2393 385 2419 ὅσοι
406 2391 443 2428 μὴ
470 2391 586 2418 συνιδεῖν
612 2392 681 2418 εἰσιν
703 2393 735 2418 ἐκ
758 2392 806 2418 τοῦ
831 2393 931 2428 ῥᾴστου

142 2439 226 2465 δεινοὶ
239 2439 288 2474 τὴν
308 2439 338 2465 ὲν
361 2439 395 2474 τῇ
410 2439 482 2473 ψυχῇ
492 2437 609 2472 δύναμιν
617 2438 665 2464 καὶ.
679 2437 710 2464 τὸ
724 2438 834 2470 κάλλος,
857 2435 931 2465 οὗτοι

143 2486 200 2516 τοῖς
223 2485 323 2516 ἔξωθεν
348 2485 469 2519 θεάμασι
490 2483 693 2519 ξεναγούμενοι,
718 2485 839 2511 καὶτῶν
870 2474 955 2520 asa).

143 2531 199 2558 λων
212 2532 325 2566 ἐρασταὶ
337 2531 385 2558 καὶ
403 2531 546 2557 ἐπαινέται
573 2530 763 2558 καθίστανται.
784 2531 835 2558 Διά
853 2532 934 2558 τοῦτο

143 2578 185 2604 δεῖ
199 2578 247 2604 καὶ
266 2577 414 2613 προσώπου
425 2577 555 2610 διαθέσει,
568 2577 616 2604 καὶ
631 2577 720 2612 κόμης
746 2578 873 2612 ἀσκήσει,
887 2578 934 2605 καὶ

145 2623 276 2659 περιϐολῇ
294 2623 407 2658 ἐσθῆτος
420 2623 534 2658 κόσμιον
548 2623 663 2659 ὁρᾶσθαι
676 2624 723 2650 καὶ
738 2622 848 2658 σεμνὸν,
863 2625 932 2659 μήτε

145 2671 186 2703 είς
205 2670 235 2697 τὸ
249 2669 388 2705 βλακῶδες
409 2670 458 2697 καὶ
473 2670 620 2706 περίεργον
640 2669 834 2705 ἐκφερόμενον,
863 2672 932 2706 μήτε

146 2716 228 2744 πάλιν
245 2718 318 2753 πέρα
332 2716 380 2742 τοῦ
401 2717 511 2751 μετρίου
533 2717 601 2751 πρὸς
621 2716 652 2742 τὸ
667 2715 844 2750 ἠμελημένον
863 2716 934 2742 καθ-

147 2764 304 2798 ελκόμενον.
343 2763 490 2799 Ἑκάτερον
514 2762 568 2796 γὰρ
591 2762 714 2797 ἀπρεπὲς
741 2764 788 2788 καὶ
814 2763 934 2789 εὐκατα-

148 2810 291 2844 φρόνητον,
322 2810 368 2836 καὶ
399 2809 515 2845 ἀρχικῆς
543 2808 682 2841 πολιτείας
706 2808 856 2844 ἀλλότριον.
878 2810 934 2836 Καὶ

151 2855 316 2891 βαδίσματος
340 2855 369 2882 δὲ
397 2856 496 2892 πρέπει
528 2854 567 2890 τῷ
585 2854 695 2890 ἄρχοντι
711 2854 833 2889 εὐταξία,
860 2855 931 2891 μήτε

982 2265 1064 2293 quam
1087 2257 1151 2284 vilia
1166 2261 1352 2284 contemnere.
1375 2256 1449 2284 Ordo
1465 2255 1538 2283 enim
1561 2256 1587 2282 in
1603 2256 1656 2283 illis
1671 2256 1717 2290 qui
1733 2261 1774 2284 est

981 2303 1102 2339 optimus
1128 2303 1304 2336 observatus,
1324 2307 1352 2330 et
1377 2301 1519 2337 dispositio
1548 2301 1697 2336 praeclara,
1719 2309 1773 2327 nou

982 2349 1095 2377 minima
1113 2348 1223 2376 videtur
1248 2356 1309 2376 esse
1330 2347 1483 2382 prudentiae
1498 2347 1598 2382 portio.
1620 2346 1659 2373 llli
1682 2351 1773 2373 autem

983 2395 1083 2430 quibus
1095 2403 1150 2422 non
1166 2397 1208 2422 est
1221 2395 1341 2431 positum
1356 2394 1383 2421 in
1395 2394 1509 2429 proclivi
1522 2394 1588 2426 vim,
1605 2393 1773 2426 facultatem,

984 2439 1217 2475 pulchritudinem
1236 2440 1265 2466 in
1280 2439 1373 2466 animo
1385 2439 1591 2466 delitescentem
1613 2439 1723 2471 intueri,
1738 2439 1776 2466 fa-

984 2485 1035 2513 cile
1058 2485 1196 2512 ducuntur
1215 2484 1335 2512 externis
1348 2483 1521 2518 spectaculis,
1534 2487 1561 2510 et
1572 2491 1663 2510 rerum
1690 2484 1778 2511 oculis

984 2540 1040 2560 non
1057 2532 1244 2566 subjectarum
1260 2530 1359 2558 exinde
1372 2535 1508 2558 amatores
1521 2530 1658 2558 exsistunt
1668 2534 1695 2558 et
1708 2538 1777 2564 pra:-

985 2575 1078 2607 con'es.
1099 2578 1164 2606 ideo
1173 2579 1252 2606 decet
1270 2577 1346 2604 vultu
1360 2578 1431 2605 bene
1445 2577 1590 2612 disposito,
1606 2584 1683 2604 coma
1696 2584 1780 2603 σκοτ-

985 2629 1060 2658 nata,
1075 2625 1178 2652 vestitu
1202 2628 1230 2650 et
1242 2623 1342 2650 amictu
1361 2623 1520 2658 gravitatem
1539 2631 1593 2657 pra:
1615 2630 1644 2650 se
1660 2621 1732 2649 ferre
1748 2627 1778 2649 et

985 2670 1128 2697 decorem:
1140 2676 1194 2696 non
1204 2669 1237 2696 ad
1246 2668 1387 2696 mollitiem
1397 2669 1439 2696 vel
1452 2669 1639 2696 curiositatem
1650 2669 1772 2701 deviare,

986 2723 1038 2743 nec
1053 2715 1123 2742 ultra
1136 2723 1217 2750 quam
1232 2723 1282 2749 par
1297 2714 1381 2742 estad
1397 2715 1549 2750 neglectum
1560 2714 1711 2741 transferri.
1722 2714 1779 2741 De-

986 2763 1064 2790 decet
1079 2762 1151 2789 enim
1172 2765 1317 2796 utrumque
1339 2765 1366 2788 et
1385 2765 1572 2795 contemptum
1588 2760 1668 2795 parit,
1684 2764 1712 2787 et
1730 2760 1781 2787 ab-

987 2809 1106 2836 horret:
1118 2807 1251 2843 principis
1262 2808 1312 2835 viri
1327 2808 1433 2835 ratione
1447 2812 1474 2835 et
1486 2813 1569 2835 statu.
1583 2806 1636 2834 Sed
1652 2811 1679 2834 et
1698 2807 1779 2842 prin-

987 2855 1077 2890 cipcm
1094 2854 1179 2882 .decet
1204 2854 1328 2883 incessus
1344 2854 1414 2882 bene
1434 2854 1624 2889 compositus:
1643 2861 1707 2881 nam
1727 2861 1781 2881 nec
