1940 3087
190 134 242 166 667

753 133 885 164 ΡΗΟΤΙΙ
903 134 1000 165 ΡΑΊἫ
1004 134 1156 166 IARCH/E
1174 136 1228 168 (ΣΡ.

1758 137 1809 169 668

191 191 293 218 moveri
320 190 401 218 debet
415 189 547 218 dissoluto
567 193 596 217 et
620 189 746 217 muliebri
761 194 848 222 motu,
888 198 976 225 neque

1031 191 1066 222 εἰς
1080 190 1111 217 τὸ
1138 190 1314 226 θηλυπρεπὲς
1341 191 1387 218 καὶ
1413 191 1525 218 ἔκλυτον
1549 190 1748 227 ἀσχημονοῦντι
1762 192 1810 227 τὴν

192 245 287 264 rursus
313 237 459 264 novitatem
478 235 604 263 affectare
616 243 664 270 per
680 235 844 268 confertum,
871 240 977 270 pertur—

191 283 295 315 batum,
310 283 444 317 disparem
461 282 627 317 ingressum.
643 281 731 308 omnis
749 285 838 308 autem
854 281 977 316 corporis

191 329 274 356 motio
289 329 384 355 ordine
398 328 509 355 omnino
520 328 688 362 disponatur.

223 375 270 402 55.
291 374 416 401 Cavenda
434 378 473 401 est
493 373 556 400 etin
572 380 697 400 sermone
716 372 853 400 velocitas.
870 372 918 399 Est
930 380 978 399 au-

191 425 245 447 tem
270 419 314 446 illa
337 419 451 446 forsitan
479 419 593 453 alicujus
623 425 688 445 usus
710 417 738 444 in
757 417 932 445 contentiosis
950 422 977 444 et

190 465 307 492 eristicis
316 465 518 500 congressibus,
539 472 591 491 nec
620 464 708 490 virum
728 464 841 490 dedecet
861 470 976 498 genero-

189 518 267 538 sum:
283 510 330 537 sed
344 511 427 538 stulta
441 515 482 538 est
500 516 527 537 et
539 510 700 545 periculosa,
716 510 837 537 adhibita
860 509 881 537 si
896 509 930 536 sit
949 509 976 536 in

188 556 330 591 colloquiis
354 556 530 583 familiaribus
544 565 551 584 :
566 556 592 583 in
609 555 744 583 mandatis
762 555 871 587 dandis,
886 554 977 590 politi-

189 603 229 629 cis
248 603 401 637 praesertim
417 607 444 629 et
457 610 514 629 rem
533 602 718 637 spectantibus
729 609 911 634 communem,
924 601 975 628 hu-

188 648 261 676 milis
274 653 317 675 est
331 652 359 675 et
377 648 478 675 nullius
496 648 586 683 pretii.
603 648 768 675 Exaccurate
785 647 886 678 dicere.
905 647 977 674 cele-

187 693 254 721 riter
269 694 403 728 perlicere
419 693 536 725 actibus,
550 693 732 725 sermonibus,
757 693 885 725 motibus,
914 700 976 720 cum

187 739 287 766 decore
312 738 426 770 versari,
450 738 548 765 divinae
572 738 653 766 sortis
682 738 756 765 illum
778 745 838 766 esse
853 741 882 765 et
907 737 977 765 ultra

187 792 360 812 communem
377 785 467 820 arguit
490 784 534 819 qui
556 784 594 812 ita
615 789 786 820 comparatus
809 789 860 812 est.
875 784 976 812 Verum

188 838 251 857 raro
277 830 423 858 admodum
441 835 468 858 et
482 830 623 858 dilliculter
637 830 809 865 contingitut
822 829 902 857 simul
916 837 976 856 om-

1029 236 1145 272 κίνησιν,
1166 237 1236 272 μήτε
1252 236 1304 272 μὴν
1318 236 1360 268 εις
1384 236 1415 263 τὸ
1434 236 1533 272 ἁθρόον
1552 237 1600 263 καὶ
1610 237 1811 272 τεταραγμένον

1027 282 1075 308 καὶ
1095 281 1237 317 ἀνώμαλον
1261 282 1363 318 ταύτην
1395 282 1636 318 ὲκνεωτερίζοντι·
1663 282 1710 309 καὶ
1729 282 1809 314 ὅλως,

1026 328 1102 354 πᾶσα
1113 327 1220 362 κίνησις
1234 327 1309 360 τάξει
1325 327 1492 362 κοσμείσθω.

1062 373 1108 400 λε’.
1132 374 1178 400 Δεῖ
1191 373 1221 400 δὲ
1241 373 1333 400 καὶτὸ
1363 374 1392 401 ἐν
1411 373 1502 408 λόγοις
1515 373 1597 409 τάχος
1626 373 1809 401 εὒλαῦεῖσθαι.

1026 419 1179 455 Ταχυλογία
1192 420 1257 455 γὰρ,
1270 421 1298 447 ὲν
1324 420 1373 455 μὲν
1400 420 1592 455 ἀγωνιστικῶς
1613 420 1746 454 διαλέξεσι
1765 421 1811 447 καὶ

1027 465 1164 501 ἁμίλλαις,
1175 466 1225 492 οὐκ
1246 465 1484 501 εὐκαταφρόνητον
1500 465 1575 498 ἴσως,
1587 465 1646 492 οὐδὲ
1658 466 1753 500 ἀγενές
1762 475 1768 480 ·
1782 466 1810 492 ὲν

1026 511 1182 547 δημηγορίᾳ
1190 512 1228 545 δὲ,
1240 511 1353 546 ἀνόητον
1368 512 1415 539 καὶ
1437 511 1595 546 ἐπισφαλές.
1611 512 1686 538 Ἑνδὲ
1696 511 1812 547 προστά-

1027 566 1124 592 γμασι,
1138 559 1186 585 καὶ
1195 557 1314 593 μάλιστα
1324 559 1380 589 τοῖς
1393 558 1550 591 πολιτικοῖς,
1560 558 1606 584 καὶ
1619 559 1718 589 κοινοῖς
1735 558 1811 584 εύτε-

1026 603 1072 633 λὲς
1090 603 1136 629 καὶ
1151 600 1498 638 ταπεινόνξἙντελέστερον
1510 603 1637 636 δἐἰπεῖν,
1651 603 1772 640 ταχύτης
1782 604 1811 629 ὲν

1026 648 1125 683 πράξει
1144 648 1192 675 καὶ
1210 648 1298 682 λόγοις
1315 648 1362 675 καὶ
1379 649 1521 684 κινήμασι,
1539 649 1588 675 σὺν
1605 647 1727 684 εὐταξίᾳ,
1740 648 1812 675 θεῖον

1028 695 1079 729 μέν
1092 703 1153 721 τινα
1171 694 1218 721 καὶ
1238 694 1366 729 ὑπερφυῆ
1383 695 1528 729 ἀποφαίνει
1551 694 1597 721 τὸν
1612 695 1718 729 ἔχοντα.
1734 695 1811 721 Σπά-

1026 748 1082 766 νιον
1094 739 1133 772 δὲ,
1149 740 1195 766 καὶ
1207 739 1341 766 συνελθεῖν
1354 739 1412 775 ἃμα
1437 739 1528 766 πάντα
1556 739 1758 775 χαλεπώτατον.
1774 739 1812 766 Τὸ

1027 785 1056 812 δὲ
1073 786 1102 812 ὲν
1115 784 1221 817 τούτοις
1233 785 1392 821 σύμμετρον
1404 785 1452 812 σὺν
1463 785 1585 821 εὐταξίᾳ,
1603 785 1701 820 σεμνόν
1712 794 1742 812 τε
1764 785 1813 812 καὶ

1027 830 1201 866 ἀξιάγαστον,
1227 831 1273 857 καὶ
1301 831 1399 865 μεστὸν
1414 831 1497 865 δγκου
1522 832 1570 858 καὶ
1600 832 1647 858 σὺν
1670 830 1810 866 εὐλαϐείᾳ,

187 876 233 904 nia
251 877 278 903 in
296 884 379 903 unum
399 877 556 911 conspirent
571 886 578 904 :
596 877 744 904 moderatio
771 881 876 909 ornata,
889 876 976 910 gravi-

1031 877 1151 905 ποθεινὸν
1170 878 1286 913 ὁρᾶσθαι
1299 877 1516 913 παρασκευάζει,
1536 879 1584 905 καὶ
1609 879 1703 914 ἄρχειν
1714 878 1811 912 ἐπιτη-

187 926 229 950 tas
256 922 314 949 visu
340 923 430 958 digna,
446 930 508 950 cum
524 923 643 957 pondere
657 922 773 958 quodam
796 927 823 950 et
849 922 975 950 cautione

187 968 343 1003 conjuncta,
359 977 390 996 ea
409 969 596 1003 possidentem
616 969 792 1004 conspicuum
805 976 866 996 cum
876 969 975 1003 jucun-

188 1014 274 1041 ditate
287 1014 416 1049 quadam,
437 1018 464 1042 et
477 1019 601 1042 ornatum
613 1014 701 1042 reddit
717 1015 750 1042 ad
775 1015 973 1050 imperandum,

187 1064 225 1091 et.
243 1060 266 1087 si
281 1060 343 1095 quid
361 1060 457 1096 vulgus
475 1060 546 1096 quod
562 1061 694 1096 optinmm
711 1065 838 1089 censetur
849 1061 975 1096 adamare

187 1111 279 1141 queat,
291 1106 432 1141 placitum.
448 1106 608 1134 Volubilitas
625 1114 690 1134 vero
713 1106 772 1134 sine
790 1106 844 1133 ulla
859 1106 975 1141 disposi-

188 1151 261 1179 tione
276 1152 318 1179 vel
327 1152 421 1179 ordine
435 1151 569 1179 furiosum
581 1151 710 1187 quiddam
723 1155 751 1179 et
765 1151 890 1178 insanum
901 1151 976 1178 vide-

189 1202 234 1225 tur
249 1207 255 1225 :
270 1198 369 1232 saepius
383 1198 492 1225 aberrat
506 1205 521 1225 a
536 1202 620 1231 recto,
629 1197 734 1225 etiamsi
742 1197 885 1232 aliquando
895 1197 975 1232 prod-

187 1251 247 1271 esse
277 1244 379 1279 poterit
393 1244 580 1271 vehementer.
596 1243 720 1271 Tarditas
734 1250 795 1270 cum
807 1243 976 1276 confusione,

188 1290 302 1317 stultum
315 1290 390 1326 quid,
405 1289 514 1317 imbelle
528 1298 534 1316 :
553 1289 679 1317 aberrare
688 1288 795 1316 videtur
808 1288 976 1323 plerumque,

1027 923 1173 958 δειότερον,
1186 924 1267 961 εἴπερ
1288 924 1336 951 καὶ
1357 925 1388 951 ἐν
1410 925 1466 956 τοῖς
1483 925 1604 960 ἀρίστοις
1629 924 1687 951 ἐστι
1715 933 1742 950 τι
1771 924 1812 959 τῷ

1027 969 1125 1005 πλήθει
1138 970 1354 1006 ἐρασμιώτερον.
1372 970 1498 1006 Ταχύτης
1514 970 1542 996 δὲ
1565 971 1614 997 σὺν
1639 969 1747 1006 ἀταξίᾳ,
1764 970 1813 1005 έμ-

1027 1014 1149 1050 πληκτον
1182 1015 1229 1041 καὶ
1261 1015 1387 1050 μανικὸν,
1420 1014 1468 1042 καὶ
1494 1015 1694 1050 παραδιορθοῦν
1726 1014 1812 1041 ὲνῐιηε

1029 1061 1145 1096 μεγάλα,
1170 1061 1219 1088 καὶ
1243 1061 1360 1096 σφάλλον
1381 1061 1418 1093 ὡς
1454 1060 1489 1088 τὰ
1514 1060 1600 1088 πολλὰ
1620 1060 1811 1096 παραπλήσια.

1033 1107 1065 1134 'H
1078 1107 1105 1134 δὲ
1130 1107 1178 1133 σὺν
1204 1106 1303 1143 ἀταξίᾳ
1331 1106 1476 1142 βραδύτης,
1497 1106 1600 1141 νωθρὸν
1627 1107 1675 1133 καὶ
1692 1105 1808 1140 ⁴ἠλίθιον,

1026 1153 1075 1179 καὶ
1104 1151 1221 1186 σφάλλον
1250 1151 1300 1187 μὲν
1325 1151 1410 1178 ἐνίοτε
1436 1150 1482 1178 καὶ
1518 1150 1634 1186 μεγάλα,
1663 1149 1812 1186 κατορθοῦν

1027 1197 1055 1224 δὲ
1085 1197 1227 1232 ἐλάχιστα,
1259 1197 1308 1224 καὶ
1330 1197 1418 1224 ταῦτα
1440 1196 1501 1224 λίαν
1521 1195 1649 1230 ταπεινὰ,
1675 1195 1811 1231 καὶπρὸς

1027 1241 1077 1273 τὰς
1093 1241 1190 1274 λοιπὰς
1206 1241 1312 1269 ἐκείνου
1326 1241 1439 1278 πράξεις
1454 1242 1535 1277 μόνον
1548 1241 1812 1277 παραμετροὺμενα,

1029 1288 1240 1324 κατορθώματα.

186 1337 338 1372 etquidem
361 1337 389 1363 in
404 1337 519 1372 magnis,
536 1336 599 1364 licet
614 1335 752 1363 interdum
769 1335 869 1370 aliquid
898 1335 1022 1370 perﬁciat
1050 1335 1137 1363 boni:
1154 1336 1201 1364 sed
1226 1335 1293 1364 illud
1324 1340 1407 1364 tenue
1435 1340 1463 1364 et
1494 1335 1595 1363 nullius
1619 1335 1708 1371 pretii,
1725 1335 1813 1371 quod-

186 1390 240 1418 que
253 1390 306 1410 non
320 1383 399 1410 aliter
426 1382 558 1410 habeatur
572 1382 684 1414 bonum.
708 1390 788 1417 quam
800 1382 927 1410 collatum
941 1382 974 1409 ad
984 1387 1097 1410 caeteras
1112 1382 1172 1417 ejus
1189 1382 1319 1411 actiones.

222 1429 267 1457 56.
286 1428 351 1456 Risu
377 1429 527 1464 disrumpi,
552 1436 614 1456 cum
638 1428 808 1456 deformitate
835 1429 926 1456 vultus
950 1433 976 1456 et

1062 1428 1117 1461 λς’.
1139 1429 1177 1456 Τὸ
1199 1429 1267 1465 πρὸς
1289 1429 1410 1465 γέλωτας
1430 1429 1655 1467 διαθρύπτεσθαι,
1668 1428 1737 1463 μετὰ
1764 1428 1813 1455 τοῦ

187 1482 294 1501 morum
312 1473 455 1507 dedecore,
479 1473 660 1501 constantiam
682 1477 710 1500 et
728 1473 888 1510 gravitatem
910 1481 977 1501 con-

188 1520 299 1547 tumelia
314 1519 405 1548 allicit.

223 1567 268 1593 57.
290 1565 420 1593 lmmunis
433 1565 468 1592 sit
482 1573 543 1593 cum
557 1565 669 1593 auditus
688 1569 745 1593 tum
760 1565 841 1593 etiam
856 1565 946 1602 lingua
962 1574 977 1594 a

188 1611 364 1647 turpiloquio.
380 1611 554 1646 Quaecunque
570 1619 632 1639 cum
648 1611 788 1646 voluptate
805 1612 866 1647 quis
884 1612 978 1640 audire

187 1658 278 1695 gestit,
303 1659 348 1685 illa
364 1658 459 1685 eadem
481 1657 556 1685 ell'ari
579 1665 634 1685 non
657 1657 778 1692 pudelit:
801 1662 829 1686 et
843 1666 904 1693 quae
917 1658 978 1694 quis

188 1703 278 1731 dicere
292 1711 347 1731 non
374 1702 521 1734 erubescit,
536 1707 611 1730 certe
636 1709 689 1730 nec
715 1702 859 1730 erubescet
877 1711 977 1738 perpe-

188 1755 272 1783 trare,
285 1751 366 1785 cujus
379 1749 418 1777 rei
432 1750 469 1777 ita
480 1748 565 1777 edidit
575 1748 845 1776 demonstrationem.
861 1748 978 1777 Omnino

188 1804 285 1824 caveas
295 1804 329 1823 ne
346 1795 437 1831 lingua
460 1794 622 1831 prolabaris,
644 1802 717 1829 saepe
732 1794 804 1821 enim
817 1794 859 1822 vel
870 1794 978 1822 levissi-

187 1850 233 1870 mo
259 1849 385 1869 sermone
406 1841 492 1877 lapsa,
506 1841 601 1877 ingens
615 1839 707 1867 intulit
723 1840 926 1873 detrimentum,
951 1845 979 1868 et

189 1893 265 1916 certo
278 1888 311 1915 de
324 1888 414 1922 capite
427 1887 579 1923 periclitata
594 1891 645 1918 est,
661 1885 780 1921 jecitque
795 1886 891 1913 aleam.

223 1935 267 1962 58.
290 1933 377 1961 Aures
399 1934 489 1968 praebe
506 1933 613 1968 patulas
625 1932 723 1966 injuria
737 1931 852 1964 affectis,
874 1932 980 1960 clausas

187 1985 283 2007 contra
298 1980 330 2007 ad
344 1979 518 2007 allicientium
531 1978 629 2014 injuria
642 1977 776 2006 lenocinia
787 1981 815 2004 et
825 1977 979 2012 probabiles

187 2026 370 2054 inductiones.

222 2072 266 2100 59.
283 2072 365 2099 Labia
380 2072 548 2100 accusatoria
566 2077 595 2100 et
606 2073 797 2108 sycophantiea
812 2079 975 2107 aspernere:

187 2126 250 2147 nam
264 2127 320 2146 non
337 2126 398 2146 raro
412 2124 440 2146 et
453 2119 553 2146 liberos
577 2118 668 2146 furere
689 2119 717 2146 in
731 2123 868 2154 parentes,
885 2123 913 2146 et
926 2126 976 2153 pa-

187 2169 282 2192 rentes
307 2164 335 2192 in
353 2165 464 2196 liberos,
490 2165 648 2200 adegerunt,
673 2165 734 2192 vitae
747 2165 852 2192 vincula
868 2169 896 2192 et
908 2173 976 2192 con-

1026 1474 1191 1510 ἀσχημονεῖν
1214 1475 1264 1511 τὴν
1282 1476 1399 1511 μορφὴν,
1413 1476 1461 1503 καὶ
1481 1475 1528 1502 τοῦ
1552 1475 1635 1512 ἤθους
1664 1475 1738 1502 ἐστὶν
1766 1474 1814 1508 ἑξ-

1027 1519 1148 1555 υόρίζειν
1162 1520 1211 1555 τὴν
1223 1520 1393 1548 εὐστάθειαν.

1061 1565 1403 1602 λζ’.Δίσχρορρημοσύνης
1425 1566 1454 1593 δὲ
1474 1566 1567 1602 πάσης
1595 1566 1642 1593 καὶ
1671 1565 1741 1600 ἀκοὴ
1765 1565 1815 1592 καὶ

1027 1610 1139 1645 γλῶσσα
1149 1611 1337 1647 καθαρευέτω.
1357 1613 1391 1639 Ἀ
1409 1613 1459 1647 μὲν
1483 1612 1538 1648 γάρ
1561 1620 1604 1644 τις
1630 1611 1739 1639 ἀκούων
1753 1611 1816 1646 ἥδεο

1027 1665 1084 1689 ται,
1100 1655 1187 1684 ταῦτα
1197 1657 1243 1684 καὶ
1255 1657 1345 1692 λέγειν
1357 1659 1408 1685 οὐκ
1422 1658 1591 1693 αἰσχύνεται,
1608 1658 1649 1684 ὅτι
1664 1658 1712 1684 καὶ
1726 1657 1815 1693 πράτ-

1027 1710 1084 1729 τειν
1096 1702 1146 1729 οὐκ
1159 1703 1383 1739 αἰσχυνθήσεται,
1402 1704 1523 1739 μεγάλην
1542 1703 1679 1740 παρέσχεν
1700 1703 1813 1729 ἀπόδει-

1028 1748 1079 1782 ξιν.
1097 1749 1135 1776 Δι’
1152 1749 1214 1775 ὅλου
1235 1749 1273 1779 δὲ,
1297 1742 1423 1785 γλώσσης
1444 1749 1582 1786 φυλάσσου
1599 1748 1814 1785 παρολισθῆσαι.

1035 1796 1151 1832 Ῥήματι
1189 1796 1244 1832 γὰρ
1266 1796 1427 1833 βραχυτάτῳ
1455 1796 1586 1828 πολλάκις
1613 1795 1814 1830 ὑποσςραλεῖσα,

1030 1842 1151 1878 μεγάλην
1168 1842 1266 1878 ἤνεγκε
1285 1842 1395 1878 ζημίαν,
1421 1843 1519 1875 αὐτοὺς
1533 1842 1596 1874 τοὺς
1613 1841 1679 1877 περὶ
1696 1840 1744 1868 τοῦ
1764 1842 1816 1877 ζῇν

1028 1889 1160 1924 ἐσχάτους
1177 1888 1353 1924 ἁναρῥίψασα
1371 1889 1480 1920 κύϐους.

1064 1933 1115 1968 λη’.
1131 1934 1196 1968 Ἔχε
1221 1934 1255 1960 τὰ
1285 1930 1342 1960 ὦτα
1370 1934 1425 1965 τοῖς
1444 1933 1494 1969 μέν
1511 1931 1698 1968 ἀδικουμένοις
1731 1932 1817 1966 ἠνεῳ-

1031 1978 1130 2014 γμένα,
1144 1978 1212 2014 πρὸς
1236 1978 1266 2005 δὲ
1289 1979 1337 2010 τὰς
1352 1978 1405 2005 τῶν
1431 1977 1594 2004 ἀδικούντων
1606 1977 1753 2012 ἐπαγωγὰς
1768 1977 1817 2003 καὶ

1029 2023 1220 2058 πιθανολογίας
1235 2024 1480 2059 ἀποκεκλεισμὲνα.

1064 2069 1113 2097 λθ¹.
1128 2069 1212 2105 Χείλη
1232 2069 1260 2096 δὲ
1281 2070 1423 2105 κατήγορα
1440 2089 1448 2101 ,
1474 2069 1522 2096 καὶ
1543 2068 1725 2104 συκοφαντίας
1750 2069 1819 2095 ἀπο-

1029 2115 1146 2151 στρέφου
1163 2124 1170 2131 ·
1187 2115 1316 2147 πολλάκις
1339 2115 1393 2151 γὰρ
1408 2115 1507 2148 παῖδας
1523 2115 1595 2142 κατὰ
1612 2114 1748 2151 πατέρων,
1769 2113 1819 2140 καὶ
1834 2113 1839 2115 ί

1029 2162 1150 2197 πατέρας
1175 2160 1290 2196 ἐξέμηνε
1315 2161 1385 2187 κατὰ
1399 2161 1513 2192 παίδων,
1534 2161 1581 2187 καὶ
1597 2160 1654 2195 βίον
1666 2159 1756 2194 ἔσχισε
1768 2167 1819 2185 συ·-

187 2210 319 2238 nexiones
347 2209 535 2244 disruperunt,
548 2214 576 2236 et
589 2209 615 2236 in
632 2218 661 2237 se
673 2210 789 2237 invicem
816 2210 976 2245 consangui-

1032 2208 1128 2242 ζυγίας
1155 2207 1203 2234 καὶ
1231 2208 1372 2241 συγγενεῖς
1399 2207 1569 2241 ὲπανέστησε
1587 2206 1648 2233 κατ’
1681 2205 1818 2240 ἀλλήλων.

187 2264 255 2284 neos
268 2257 431 2283 excitarunt.
453 2256 524 2289 Quid
549 2261 639 2283 autem
657 2256 701 2284 illa
727 2256 832 2283 minora
862 2264 981 2284 comme-

188 2311 266 2330 moro
285 2303 296 2329 ?
311 2303 353 2330 vel
367 2303 446 2330 unica
462 2302 639 2338 sycophantae
653 2310 704 2330 vox
713 2302 836 2329 civitates
845 2306 872 2330 et
884 2302 980 2330 domos

189 2349 310 2384 integras
327 2348 462 2376 subvertit
478 2356 558 2383 saepe.

222 2394 267 2421 40.
288 2393 327 2421 Ne
342 2394 380 2422 sis
408 2393 435 2420 in
466 2393 586 2421 amicitia
616 2393 735 2421 incunda
759 2394 857 2426 velox;
884 2393 979 2421 initam

188 2447 257 2467 vero
271 2440 344 2467 omni
359 2440 441 2468 modo
457 2448 530 2467 nexu
546 2447 675 2467 conserva
689 2439 879 2473 indissolubili,
892 2444 978 2466 totum

187 2487 214 2514 in
232 2491 258 2514 te
271 2486 386 2521 proximi
398 2486 526 2514 derivans
539 2494 620 2518 onus,
636 2486 689 2513 nisi
702 2485 772 2514 forte
780 2493 841 2513 cum
850 2485 971 2520 periculo

188 2538 240 2560 tum
266 2532 363 2559 animae
387 2532 527 2567 jungatur.
548 2531 703 2559 Certamina
713 2536 741 2558 et
752 2531 894 2559 discordiaa
907 2530 978 2558 inter

186 2575 289 2603 amicos
304 2576 330 2602 in
344 2580 531 2611 contemptum
552 2576 691 2603 adducunt
711 2575 867 2603 universum
886 2575 976 2602 homi-

187 2630 254 2650 num
268 2622 438 2658 propositum
453 2627 481 2650 et
506 2622 714 2658 dispositionem
731 2631 737 2649 :
750 2629 800 2650 nec
816 2622 901 2656 culpa:
916 2627 976 2649 tan—

186 2674 244 2696 tum
260 2669 380 2701 obnoxii,
395 2669 442 2696 sed
457 2674 485 2696 et
499 2670 558 2696 sine
573 2670 653 2704 culpa
667 2669 712 2704 qui
724 2673 798 2702 sunt,
812 2669 839 2696 in
852 2669 974 2697 eamdem

187 2715 372 2750 suspicionem
390 2715 547 2742 trahuntur.
568 2714 676 2743 illorum
689 2715 781 2742 fruere
799 2715 917 2742 amicitia
928 2715 974 2750 qui

185 2769 248 2789 cum
273 2761 331 2788 aliis
360 2761 420 2788 sine
444 2760 506 2788 fuco
534 2761 666 2788 sinceram
694 2769 802 2796 semper
827 2761 973 2789 amicitiam

186 2807 373 2835 custodierunt
388 2816 395 2841 ;
413 2808 459 2843 qui
479 2815 530 2835 nec
544 2808 624 2834 oculo
640 2807 732 2835 invido
746 2808 836 2835 intuiti
851 2808 973 2835 suntllo-

184 2852 290 2888 rentes,
304 2861 354 2880 nec
374 2853 476 2889 positos
492 2853 518 2881 in
534 2853 655 2882 adversis
669 2853 856 2890 neglexerunt.
885 2853 971 2882 Exsti-

1031 2252 1086 2278 Καὶ
1102 2252 1127 2278 τί
1141 2251 1232 2297 λέγως
1247 2252 1339 2284 πόλεις
1354 2252 1417 2284 ὅλας
1444 2251 1492 2279 καὶ
1508 2252 1596 2283 οἰκίας
1610 2250 1741 2286 ἀνέτρεψε
1767 2251 1819 2286 μία

1030 2297 1106 2333 φωνὴ
1121 2297 1300 2332 συκοφάντου.

1065 2393 1101 2428 μ’.
1115 2393 1161 2427 Μὴ
1171 2393 1256 2427 ταχὺς
1268 2391 1341 2429 ᾖσθα
1350 2391 1491 2427 ζευγνύειν
1503 2391 1543 2423 εἰς
1559 2390 1651 2426 φιλίαν
1659 2399 1667 2405 ·
1684 2390 1819 2423 συζεύξας

1027 2439 1066 2470 δὲ,
1082 2440 1164 2466 παντὶ
1180 2439 1273 2475 τρόπῳ
1287 2439 1335 2465 τὸν
1345 2438 1444 2473 δεσμὸν
1468 2438 1567 2465 ἄλυτον
1581 2437 1719 2472 συντήρει,
1743 2436 1820 2463 ἆπαν

1027 2485 1073 2512 τοῦ
1089 2485 1202 2521 πλησίον
1227 2485 1332 2520 ἀνέχων
1349 2484 1380 2510 τὸ
1398 2484 1490 2520 βάρος,
1516 2483 1587 2518 πλὴν
1613 2483 1638 2509 εί
1661 2482 1746 2518 μήπω
1765 2482 1821 2517 ψυ-

1028 2531 1078 2566 χῆς
1105 2530 1228 2557 κίνδυνον
1245 2530 1361 2564 ἐπάγει·
1392 2530 1420 2555 αἱ
1449 2529 1504 2564 γὰρ
1530 2528 1599 2564 πρὸς
1627 2529 1691 2559 τοὺς
1720 2527 1820 2562 φίλους

1027 2577 1182 2608 διαστάσεις
1193 2576 1243 2610 τὴν
1267 2576 1333 2610 ὃλην
1356 2575 1518 2610 προαίρεσιν
1547 2573 1744 2609 ὲκφαυλίζουσι
1763 2573 1821 2599 τῶν

1025 2623 1190 2659 ἀνθρώπων,
1204 2624 1252 2650 καὶ
1269 2623 1300 2650 ού
1310 2623 1354 2649 τὸν
1367 2623 1499 2650 ὑπαίτιον
1514 2622 1608 2658 μόνον,
1620 2621 1689 2648 ἀλλὰ
1709 2622 1755 2647 καὶ
1770 2623 1822 2647 τὸν

1027 2669 1148 2696 ἀναίτιον
1157 2669 1196 2700 εἰς
1206 2668 1256 2705 τὴν
1270 2668 1355 2704 αὐτὴν
1365 2668 1493 2695 ὑπόνοιαν
1507 2667 1698 2694 κατασπῶσιν.
1730 2666 1822 2693 Ἐκεί-

1016 2714 1082 2746 ’νοις
1097 2715 1125 2741 δὲ
1142 2715 1260 2750 κέχρησο
1277 2714 1363 2748 φίλοις
1380 2714 1406 2740 οἳ
1417 2714 1485 2749 πρὸς
1507 2714 1618 2748 ἑτέρους
1637 2712 1708 2739 κατὰ
1728 2712 1822 2738 πάντα

1025 2761 1120 2796 καιρὸν
1134 2760 1226 2788 ἄδολον
1238 2760 1399 2787 διεσώσαντο
1421 2759 1470 2795 τὴν
1494 2758 1596 2794 φιλίαν,
1623 2758 1669 2784 καὶ
1687 2757 1756 2792 μήτε
1771 2758 1823 2784 εὐ-

1024 2806 1159 2842 πραγοῦσι
1167 2807 1315 2842 βασκανίας
1325 2805 1457 2832 ἐπέϐαλον
1466 2804 1615 2840 ὀφθαλμὸν,
1629 2805 1699 2839 μήτε
1708 2803 1818 2838 ὴμέλη-

1025 2861 1075 2881 σαν
1084 2853 1325 2889 δυσπραγούντων.
1340 2852 1437 2881 Πολλοὶ
1449 2852 1502 2888 γὰρ
1514 2852 1607 2884 κακῶς
1620 2852 1670 2888 μὲν
1682 2852 1822 2887 πράττου·
