  <div class='ocr_page' id='page_1' title='image "/cluster/home/n/w/nwhite01/storage/ocr_20150623/102/njp.32101010943874/356.png"; bbox 0 0 1940 3087; ppageno 0'>
   <div class='ocr_carea' id='block_1_1' title="bbox 120 159 173 192">
    <p class='ocr_par' dir='ltr' id='par_1_1' title="bbox 120 159 173 192">
     <span class='ocr_line' id='line_1_1' title="bbox 120 159 173 192; baseline 0.019 -1"><span class='ocrx_word' id='word_1_1' title='bbox 120 159 173 192; x_wconf 81' lang='lat'><strong>669</strong></span> 
     </span>
    </p>
   </div>
   <div class='ocr_carea' id='block_1_2' title="bbox 714 155 1166 188">
    <p class='ocr_par' dir='ltr' id='par_1_2' title="bbox 714 155 1166 188">
     <span class='ocr_line' id='line_1_2' title="bbox 714 155 1166 188; baseline -0.002 0"><span class='ocrx_word' id='word_1_2' title='bbox 714 155 984 188; x_wconf 74' lang='lat' dir='ltr'><strong>EPISTOLARUM</strong></span> <span class='ocrx_word' id='word_1_3' title='bbox 1004 157 1120 187; x_wconf 84' lang='lat' dir='ltr'><strong>LIBER</strong></span> <span class='ocrx_word' id='word_1_4' title='bbox 1141 157 1166 187; x_wconf 90' lang='grc'>1.</span> 
     </span>
    </p>
   </div>
   <div class='ocr_carea' id='block_1_3' title="bbox 1698 159 1750 190">
    <p class='ocr_par' dir='ltr' id='par_1_3' title="bbox 1698 159 1750 190">
     <span class='ocr_line' id='line_1_3' title="bbox 1698 159 1750 190; baseline -0.019 0"><span class='ocrx_word' id='word_1_5' title='bbox 1698 159 1750 190; x_wconf 85' lang='grc'>670</span> 
     </span>
    </p>
   </div>
   <div class='ocr_carea' id='block_1_4' title="bbox 105 209 906 250">
    <p class='ocr_par' dir='ltr' id='par_1_4' title="bbox 105 213 906 250">
     <span class='ocr_line' id='line_1_4' title="bbox 105 213 906 250; baseline -0.005 -7"><span class='ocrx_word' id='word_1_6' title='bbox 105 241 107 244; x_wconf 77' lang='grc'><strong>,</strong></span> <span class='ocrx_word' id='word_1_7' title='bbox 122 224 164 243; x_wconf 93' lang='grc' dir='ltr'><strong>σιν</strong></span> <span class='ocrx_word' id='word_1_8' title='bbox 178 213 368 250; x_wconf 76' lang='grc' dir='ltr'>ἐπεκούρησαν</span> <span class='ocrx_word' id='word_1_9' title='bbox 377 223 406 241; x_wconf 90' lang='grc' dir='ltr'><strong>τε</strong></span> <span class='ocrx_word' id='word_1_10' title='bbox 417 214 465 241; x_wconf 80' lang='grc' dir='ltr'>καὶ</span> <span class='ocrx_word' id='word_1_11' title='bbox 481 214 654 249; x_wconf 77' lang='grc' dir='ltr'><strong>συνήργησαν</strong></span> <span class='ocrx_word' id='word_1_12' title='bbox 665 214 720 245; x_wconf 82' lang='grc' dir='ltr'>τοῖς</span> <span class='ocrx_word' id='word_1_13' title='bbox 732 213 831 248; x_wconf 78' lang='grc' dir='ltr'><strong>φίλοις,</strong></span> <span class='ocrx_word' id='word_1_14' title='bbox 845 213 875 239; x_wconf 86' lang='grc' dir='ltr'>εὖ</span> <span class='ocrx_word' id='word_1_15' title='bbox 884 213 906 238; x_wconf 83' lang='grc' dir='ltr'>δὲ</span> 
     </span>
    </p>
   </div>
   <div class='ocr_carea' id='block_1_5' title="bbox 958 209 1750 250">
    <p class='ocr_par' dir='ltr' id='par_1_5' title="bbox 964 209 1750 249">
     <span class='ocr_line' id='line_1_5' title="bbox 964 209 1750 249; baseline 0.003 -10"><span class='ocrx_word' id='word_1_16' title='bbox 964 216 1020 240; x_wconf 90' lang='lat' dir='ltr'><strong>tere</strong></span> <span class='ocrx_word' id='word_1_17' title='bbox 1046 213 1124 240; x_wconf 89' lang='lat' dir='ltr'><strong>multi</strong></span> <span class='ocrx_word' id='word_1_18' title='bbox 1143 213 1188 248; x_wconf 87' lang='lat' dir='ltr'><strong>qui</strong></span> <span class='ocrx_word' id='word_1_19' title='bbox 1211 214 1332 242; x_wconf 86' lang='lat' dir='ltr'><strong>tulerunt</strong></span> <span class='ocrx_word' id='word_1_20' title='bbox 1355 221 1433 249; x_wconf 90' lang='lat' dir='ltr'><strong>opem</strong></span> <span class='ocrx_word' id='word_1_21' title='bbox 1457 214 1563 242; x_wconf 85' lang='lat' dir='ltr'><strong>alliictis</strong></span> <span class='ocrx_word' id='word_1_22' title='bbox 1581 218 1610 242; x_wconf 76' lang='lat' dir='ltr'><strong>et</strong></span> <span class='ocrx_word' id='word_1_23' title='bbox 1627 209 1750 242; x_wconf 63' lang='lat' dir='ltr'><strong>auitiliati</strong></span> 
     </span>
    </p>
   </div>
   <div class='ocr_carea' id='block_1_6' title="bbox 121 258 910 296">
    <p class='ocr_par' dir='ltr' id='par_1_6' title="bbox 121 258 910 296">
     <span class='ocr_line' id='line_1_6' title="bbox 121 258 910 296; baseline -0.003 -10"><span class='ocrx_word' id='word_1_24' title='bbox 121 259 289 296; x_wconf 80' lang='grc' dir='ltr'>φερομένων,</span> <span class='ocrx_word' id='word_1_25' title='bbox 301 259 367 294; x_wconf 83' lang='grc' dir='ltr'>ὁρᾷν</span> <span class='ocrx_word' id='word_1_26' title='bbox 381 259 431 285; x_wconf 83' lang='grc' dir='ltr'>οὐκ</span> <span class='ocrx_word' id='word_1_27' title='bbox 444 259 562 294; x_wconf 71' lang='grc' dir='ltr'>ἤνεγκαν</span> <span class='ocrx_word' id='word_1_28' title='bbox 572 258 622 293; x_wconf 84' lang='grc' dir='ltr'>τὴν</span> <span class='ocrx_word' id='word_1_29' title='bbox 633 258 794 294; x_wconf 79' lang='grc' dir='ltr'><strong>εὐημερίαν·</strong></span> <span class='ocrx_word' id='word_1_30' title='bbox 805 259 853 285; x_wconf 81' lang='grc' dir='ltr'>καὶ</span> <span class='ocrx_word' id='word_1_31' title='bbox 863 258 910 289; x_wconf 83' lang='grc' dir='ltr'>οὓς</span> 
     </span>
    </p>
   </div>
   <div class='ocr_carea' id='block_1_7' title="bbox 121 303 910 342">
    <p class='ocr_par' dir='ltr' id='par_1_7' title="bbox 121 303 910 342">
     <span class='ocr_line' id='line_1_7' title="bbox 121 303 910 342; baseline -0.003 -10"><span class='ocrx_word' id='word_1_32' title='bbox 121 306 171 333; x_wconf 81' lang='grc' dir='ltr'>οὐκ</span> <span class='ocrx_word' id='word_1_33' title='bbox 184 305 281 342; x_wconf 75' lang='grc' dir='ltr'>ήλεγξε</span> <span class='ocrx_word' id='word_1_34' title='bbox 291 305 385 340; x_wconf 82' lang='grc' dir='ltr'>καιρὸς</span> <span class='ocrx_word' id='word_1_35' title='bbox 401 304 582 339; x_wconf 81' lang='grc' dir='ltr'><strong>συμπαθείας,</strong></span> <span class='ocrx_word' id='word_1_36' title='bbox 594 303 706 335; x_wconf 81' lang='grc' dir='ltr'><strong>τούτους</strong></span> <span class='ocrx_word' id='word_1_37' title='bbox 726 305 852 340; x_wconf 77' lang='grc' dir='ltr'><strong>ἐφώρασε</strong></span> <span class='ocrx_word' id='word_1_38' title='bbox 878 304 910 330; x_wconf 82' lang='grc' dir='ltr'>τὸ</span> 
     </span>
    </p>
   </div>
   <div class='ocr_carea' id='block_1_8' title="bbox 122 350 909 386">
    <p class='ocr_par' dir='ltr' id='par_1_8' title="bbox 122 350 909 386">
     <span class='ocr_line' id='line_1_8' title="bbox 122 350 909 386; baseline -0.004 -6"><span class='ocrx_word' id='word_1_39' title='bbox 122 353 208 383; x_wconf 80' lang='grc' dir='ltr'>πάθος</span> <span class='ocrx_word' id='word_1_40' title='bbox 219 351 267 378; x_wconf 83' lang='grc' dir='ltr'>τοῦ</span> <span class='ocrx_word' id='word_1_41' title='bbox 284 351 394 385; x_wconf 85' lang='grc' dir='ltr'>φθόνου.</span> <span class='ocrx_word' id='word_1_42' title='bbox 408 350 473 377; x_wconf 83' lang='grc' dir='ltr'><strong>Κτῶ</strong></span> <span class='ocrx_word' id='word_1_43' title='bbox 482 350 571 377; x_wconf 82' lang='grc' dir='ltr'>τοίνυν</span> <span class='ocrx_word' id='word_1_44' title='bbox 589 350 694 385; x_wconf 83' lang='grc' dir='ltr'>φίλους,</span> <span class='ocrx_word' id='word_1_45' title='bbox 708 350 746 386; x_wconf 82' lang='grc' dir='ltr'>μὴ</span> <span class='ocrx_word' id='word_1_46' title='bbox 756 351 820 382; x_wconf 84' lang='grc' dir='ltr'>τοὺς</span> <span class='ocrx_word' id='word_1_47' title='bbox 835 350 909 385; x_wconf 88' lang='grc' dir='ltr'>φαύ-</span> 
     </span>
    </p>
   </div>
   <div class='ocr_carea' id='block_1_9' title="bbox 123 396 907 432">
    <p class='ocr_par' dir='ltr' id='par_1_9' title="bbox 123 396 907 432">
     <span class='ocr_line' id='line_1_9' title="bbox 123 396 907 432; baseline -0.001 -8"><span class='ocrx_word' id='word_1_48' title='bbox 123 398 196 430; x_wconf 81' lang='grc' dir='ltr'>λους,</span> <span class='ocrx_word' id='word_1_49' title='bbox 215 397 283 424; x_wconf 82' lang='grc' dir='ltr'><strong>ἀλλά</strong></span> <span class='ocrx_word' id='word_1_50' title='bbox 295 398 358 429; x_wconf 87' lang='grc' dir='ltr'>τοὺς</span> <span class='ocrx_word' id='word_1_51' title='bbox 375 397 514 432; x_wconf 78' lang='grc' dir='ltr'>ἀρίστους.</span> <span class='ocrx_word' id='word_1_52' title='bbox 532 396 580 423; x_wconf 82' lang='grc' dir='ltr'>Ἐκ</span> <span class='ocrx_word' id='word_1_53' title='bbox 589 397 644 432; x_wconf 90' lang='grc' dir='ltr'><strong>γάρ</strong></span> <span class='ocrx_word' id='word_1_54' title='bbox 657 397 712 424; x_wconf 84' lang='grc' dir='ltr'><strong>τῶν</strong></span> <span class='ocrx_word' id='word_1_55' title='bbox 733 397 907 432; x_wconf 80' lang='grc' dir='ltr'>φιλουμένων</span> 
     </span>
    </p>
   </div>
   <div class='ocr_carea' id='block_1_10' title="bbox 124 441 908 479">
    <p class='ocr_par' dir='ltr' id='par_1_10' title="bbox 124 441 908 479">
     <span class='ocr_line' id='line_1_10' title="bbox 124 441 908 479; baseline -0.001 -9"><span class='ocrx_word' id='word_1_56' title='bbox 124 444 162 476; x_wconf 81' lang='grc' dir='ltr'><strong>ὡς</strong></span> <span class='ocrx_word' id='word_1_57' title='bbox 176 443 211 470; x_wconf 77' lang='grc' dir='ltr'><strong>τὰ</strong></span> <span class='ocrx_word' id='word_1_58' title='bbox 223 442 308 470; x_wconf 86' lang='grc' dir='ltr'>πολλὰ</span> <span class='ocrx_word' id='word_1_59' title='bbox 328 443 450 479; x_wconf 75' lang='grc' dir='ltr'><strong>κρίνεται</strong></span> <span class='ocrx_word' id='word_1_60' title='bbox 471 443 507 469; x_wconf 85' lang='grc' dir='ltr'>τὰ</span> <span class='ocrx_word' id='word_1_61' title='bbox 528 441 582 477; x_wconf 72' lang='grc' dir='ltr'><strong>ἤθη</strong></span> <span class='ocrx_word' id='word_1_62' title='bbox 593 442 647 468; x_wconf 83' lang='grc' dir='ltr'><strong>τῶν</strong></span> <span class='ocrx_word' id='word_1_63' title='bbox 666 442 769 476; x_wconf 90' lang='grc' dir='ltr'>φίλων·</span> <span class='ocrx_word' id='word_1_64' title='bbox 791 443 839 469; x_wconf 83' lang='grc' dir='ltr'>καὶ</span> <span class='ocrx_word' id='word_1_65' title='bbox 864 442 908 469; x_wconf 79' lang='grc' dir='ltr'><strong>διὰ</strong></span> 
     </span>
    </p>
   </div>
   <div class='ocr_carea' id='block_1_11' title="bbox 125 488 910 524">
    <p class='ocr_par' dir='ltr' id='par_1_11' title="bbox 125 488 910 524">
     <span class='ocr_line' id='line_1_11' title="bbox 125 488 910 524; baseline -0.003 -8"><span class='ocrx_word' id='word_1_66' title='bbox 125 490 175 524; x_wconf 80' lang='grc' dir='ltr'>μὲν</span> <span class='ocrx_word' id='word_1_67' title='bbox 192 489 246 516; x_wconf 84' lang='grc' dir='ltr'>τῶν</span> <span class='ocrx_word' id='word_1_68' title='bbox 272 488 425 516; x_wconf 81' lang='grc' dir='ltr'>σπουδαίων</span> <span class='ocrx_word' id='word_1_69' title='bbox 447 489 546 524; x_wconf 81' lang='grc' dir='ltr'>ῥᾷστον</span> <span class='ocrx_word' id='word_1_70' title='bbox 562 489 595 515; x_wconf 86' lang='grc' dir='ltr'><strong>ἀν</strong></span> <span class='ocrx_word' id='word_1_71' title='bbox 619 496 673 520; x_wconf 88' lang='grc' dir='ltr'>τις,</span> <span class='ocrx_word' id='word_1_72' title='bbox 697 488 744 515; x_wconf 78' lang='grc' dir='ltr'>καὶ</span> <span class='ocrx_word' id='word_1_73' title='bbox 762 495 910 522; x_wconf 70' lang='grc' dir='ltr'>παραστρα-</span> 
     </span>
    </p>
   </div>
   <div class='ocr_carea' id='block_1_12' title="bbox 123 533 910 570">
    <p class='ocr_par' dir='ltr' id='par_1_12' title="bbox 123 533 910 570">
     <span class='ocr_line' id='line_1_12' title="bbox 123 533 910 570; baseline -0.003 -8"><span class='ocrx_word' id='word_1_74' title='bbox 123 535 180 566; x_wconf 82' lang='grc' dir='ltr'>λεὶς</span> <span class='ocrx_word' id='word_1_75' title='bbox 194 534 216 567; x_wconf 72' lang='grc' dir='ltr'>ῐ,</span> <span class='ocrx_word' id='word_1_76' title='bbox 230 535 398 570; x_wconf 76' lang='grc' dir='ltr'>ἐπαναχθείη</span> <span class='ocrx_word' id='word_1_77' title='bbox 408 542 416 550; x_wconf 88' lang='grc'><strong>·</strong></span> <span class='ocrx_word' id='word_1_78' title='bbox 431 535 456 560; x_wconf 80' lang='grc' dir='ltr'>οἱ</span> <span class='ocrx_word' id='word_1_79' title='bbox 469 533 566 568; x_wconf 81' lang='grc' dir='ltr'>φαῦλοι</span> <span class='ocrx_word' id='word_1_80' title='bbox 581 533 610 560; x_wconf 75' lang='grc' dir='ltr'>δὲ</span> <span class='ocrx_word' id='word_1_81' title='bbox 625 534 673 561; x_wconf 81' lang='grc' dir='ltr'>καὶ</span> <span class='ocrx_word' id='word_1_82' title='bbox 691 535 741 569; x_wconf 86' lang='grc' dir='ltr'>τὴν</span> <span class='ocrx_word' id='word_1_83' title='bbox 756 533 910 569; x_wconf 83' lang='grc' dir='ltr'>προσοῦσαν</span> 
     </span>
    </p>
   </div>
   <div class='ocr_carea' id='block_1_13' title="bbox 123 580 907 617">
    <p class='ocr_par' dir='ltr' id='par_1_13' title="bbox 123 580 907 617">
     <span class='ocr_line' id='line_1_13' title="bbox 123 580 907 617; baseline -0.003 -9"><span class='ocrx_word' id='word_1_84' title='bbox 123 582 300 617; x_wconf 80' lang='grc' dir='ltr'>λυμαίνονται</span> <span class='ocrx_word' id='word_1_85' title='bbox 313 580 532 615; x_wconf 86' lang='grc' dir='ltr'>καλοκαγαθίαν·</span> <span class='ocrx_word' id='word_1_86' title='bbox 547 581 595 608; x_wconf 79' lang='grc' dir='ltr'>καὶ</span> <span class='ocrx_word' id='word_1_87' title='bbox 610 582 635 607; x_wconf 86' lang='grc' dir='ltr'>οἰ</span> <span class='ocrx_word' id='word_1_88' title='bbox 657 581 705 616; x_wconf 81' lang='grc' dir='ltr'>μὲν</span> <span class='ocrx_word' id='word_1_89' title='bbox 732 581 780 607; x_wconf 74' lang='grc' dir='ltr'>καὶ</span> <span class='ocrx_word' id='word_1_90' title='bbox 797 581 828 607; x_wconf 82' lang='grc' dir='ltr'>τὸ</span> <span class='ocrx_word' id='word_1_91' title='bbox 849 580 907 606; x_wconf 78' lang='grc' dir='ltr'>λεῖ-</span> 
     </span>
    </p>
   </div>
   <div class='ocr_carea' id='block_1_14' title="bbox 125 626 908 663">
    <p class='ocr_par' dir='ltr' id='par_1_14' title="bbox 125 626 908 663">
     <span class='ocr_line' id='line_1_14' title="bbox 125 626 908 663; baseline -0.003 -9"><span class='ocrx_word' id='word_1_92' title='bbox 125 636 176 654; x_wconf 89' lang='grc' dir='ltr'><strong>πον</strong></span> <span class='ocrx_word' id='word_1_93' title='bbox 192 629 232 659; x_wconf 80' lang='grc' dir='ltr'>εἰς</span> <span class='ocrx_word' id='word_1_94' title='bbox 245 627 355 663; x_wconf 81' lang='grc' dir='ltr'>ἀρετὴν,</span> <span class='ocrx_word' id='word_1_95' title='bbox 366 626 400 653; x_wconf 89' lang='grc' dir='ltr'><strong>δι’</strong></span> <span class='ocrx_word' id='word_1_96' title='bbox 416 627 520 654; x_wconf 76' lang='grc' dir='ltr'>ἑαυτῶν</span> <span class='ocrx_word' id='word_1_97' title='bbox 530 626 751 662; x_wconf 79' lang='grc' dir='ltr'>ὲπιτειχίζοντες,</span> <span class='ocrx_word' id='word_1_98' title='bbox 764 626 908 658; x_wconf 73' lang='grc' dir='ltr'><strong>ἀνελλιπὲς</strong></span> 
     </span>
    </p>
   </div>
   <div class='ocr_carea' id='block_1_15' title="bbox 124 673 910 709">
    <p class='ocr_par' dir='ltr' id='par_1_15' title="bbox 124 673 910 709">
     <span class='ocr_line' id='line_1_15' title="bbox 124 673 910 709; baseline -0.001 -9"><span class='ocrx_word' id='word_1_99' title='bbox 124 674 267 709; x_wconf 82' lang='grc' dir='ltr'>φαίνεσθαι</span> <span class='ocrx_word' id='word_1_100' title='bbox 282 673 419 699; x_wconf 84' lang='grc' dir='ltr'>ποιοῦσιν·</span> <span class='ocrx_word' id='word_1_101' title='bbox 433 673 451 708; x_wconf 83' lang='grc' dir='ltr'>ὴ</span> <span class='ocrx_word' id='word_1_102' title='bbox 466 673 494 699; x_wconf 83' lang='grc' dir='ltr'>δὲ</span> <span class='ocrx_word' id='word_1_103' title='bbox 513 673 581 709; x_wconf 79' lang='grc' dir='ltr'>πρὸς</span> <span class='ocrx_word' id='word_1_104' title='bbox 592 674 655 704; x_wconf 77' lang='grc' dir='ltr'>τοὺς</span> <span class='ocrx_word' id='word_1_105' title='bbox 671 673 791 707; x_wconf 82' lang='grc' dir='ltr'>φαύλους</span> <span class='ocrx_word' id='word_1_106' title='bbox 816 674 910 708; x_wconf 86' lang='grc' dir='ltr'>ὲπιμι-</span> 
     </span>
    </p>
   </div>
   <div class='ocr_carea' id='block_1_16' title="bbox 125 720 910 756">
    <p class='ocr_par' dir='ltr' id='par_1_16' title="bbox 125 720 910 756">
     <span class='ocr_line' id='line_1_16' title="bbox 125 720 910 756; baseline 0 -9"><span class='ocrx_word' id='word_1_107' title='bbox 125 721 179 753; x_wconf 77' lang='lat' dir='ltr'><strong>Eia,</strong></span> <span class='ocrx_word' id='word_1_108' title='bbox 193 722 240 748; x_wconf 80' lang='grc' dir='ltr'>καὶ</span> <span class='ocrx_word' id='word_1_109' title='bbox 253 721 320 756; x_wconf 84' lang='grc' dir='ltr'>ὅπερ</span> <span class='ocrx_word' id='word_1_110' title='bbox 349 721 424 747; x_wconf 75' lang='grc' dir='ltr'>ἐστὶν</span> <span class='ocrx_word' id='word_1_111' title='bbox 440 721 587 748; x_wconf 83' lang='grc' dir='ltr'>ὑπόλοιπον</span> <span class='ocrx_word' id='word_1_112' title='bbox 602 721 714 756; x_wconf 84' lang='grc' dir='ltr'>ἀρετῆς,</span> <span class='ocrx_word' id='word_1_113' title='bbox 739 720 817 748; x_wconf 86' lang='grc' dir='ltr'>νόθον</span> <span class='ocrx_word' id='word_1_114' title='bbox 843 721 910 747; x_wconf 88' lang='grc' dir='ltr'>ἀπο-</span> 
     </span>
    </p>
   </div>
   <div class='ocr_carea' id='block_1_17' title="bbox 125 767 908 803">
    <p class='ocr_par' dir='ltr' id='par_1_17' title="bbox 125 767 908 803">
     <span class='ocr_line' id='line_1_17' title="bbox 125 767 908 803; baseline 0 -9"><span class='ocrx_word' id='word_1_115' title='bbox 125 768 224 802; x_wconf 88' lang='grc' dir='ltr'>φαίνει.</span> <span class='ocrx_word' id='word_1_116' title='bbox 243 768 289 801; x_wconf 85' lang='grc' dir='ltr'><strong>Μὴ</strong></span> <span class='ocrx_word' id='word_1_117' title='bbox 303 768 380 802; x_wconf 80' lang='grc' dir='ltr'>ζήτει</span> <span class='ocrx_word' id='word_1_118' title='bbox 403 768 432 794; x_wconf 81' lang='grc' dir='ltr'>δὲ</span> <span class='ocrx_word' id='word_1_119' title='bbox 447 768 523 802; x_wconf 87' lang='grc' dir='ltr'><strong>παρά</strong></span> <span class='ocrx_word' id='word_1_120' title='bbox 543 768 629 802; x_wconf 85' lang='grc' dir='ltr'>φίλων</span> <span class='ocrx_word' id='word_1_121' title='bbox 653 767 763 794; x_wconf 82' lang='grc' dir='ltr'><strong>ἀκούειν</strong></span> <span class='ocrx_word' id='word_1_122' title='bbox 776 767 811 794; x_wconf 89' lang='grc' dir='ltr'><strong>τά</strong></span> <span class='ocrx_word' id='word_1_123' title='bbox 829 767 908 803; x_wconf 83' lang='grc' dir='ltr'>ἡδέα,</span> 
     </span>
    </p>
   </div>
   <div class='ocr_carea' id='block_1_18' title="bbox 124 814 909 850">
    <p class='ocr_par' dir='ltr' id='par_1_18' title="bbox 124 814 909 850">
     <span class='ocr_line' id='line_1_18' title="bbox 124 814 909 850; baseline 0.001 -11"><span class='ocrx_word' id='word_1_124' title='bbox 124 814 193 840; x_wconf 87' lang='grc' dir='ltr'><strong>ἀλλά</strong></span> <span class='ocrx_word' id='word_1_125' title='bbox 215 814 250 840; x_wconf 82' lang='grc' dir='ltr'>τὰ.</span> <span class='ocrx_word' id='word_1_126' title='bbox 272 814 360 850; x_wconf 82' lang='grc' dir='ltr'>ἀληθῆ</span> <span class='ocrx_word' id='word_1_127' title='bbox 377 815 476 849; x_wconf 77' lang='grc' dir='ltr'>μᾶλλον</span> <span class='ocrx_word' id='word_1_128' title='bbox 489 821 497 829; x_wconf 89' lang='grc'><strong>·</strong></span> <span class='ocrx_word' id='word_1_129' title='bbox 519 815 544 841; x_wconf 85' lang='grc' dir='ltr'>ει</span> <span class='ocrx_word' id='word_1_130' title='bbox 563 815 618 850; x_wconf 83' lang='grc' dir='ltr'><strong>γὰρ</strong></span> <span class='ocrx_word' id='word_1_131' title='bbox 642 815 749 850; x_wconf 77' lang='grc' dir='ltr'><strong>ἐχθροῖς</strong></span> <span class='ocrx_word' id='word_1_132' title='bbox 774 815 834 850; x_wconf 81' lang='grc' dir='ltr'>μὲν,</span> <span class='ocrx_word' id='word_1_133' title='bbox 853 814 909 841; x_wconf 78' lang='grc' dir='ltr'>οὐδ’</span> 
     </span>
    </p>
   </div>
   <div class='ocr_carea' id='block_1_19' title="bbox 123 859 947 909">
    <p class='ocr_par' dir='ltr' id='par_1_19' title="bbox 123 859 947 909">
     <span class='ocr_line' id='line_1_19' title="bbox 123 859 947 909; baseline 0.001 -23"><span class='ocrx_word' id='word_1_134' title='bbox 123 859 295 895; x_wconf 84' lang='grc' dir='ltr'>ἀληθεύουσι,</span> <span class='ocrx_word' id='word_1_135' title='bbox 312 860 479 893; x_wconf 83' lang='grc' dir='ltr'>πιστευτέον,</span> <span class='ocrx_word' id='word_1_136' title='bbox 493 860 582 895; x_wconf 85' lang='grc' dir='ltr'>φίλοις</span> <span class='ocrx_word' id='word_1_137' title='bbox 600 861 628 888; x_wconf 79' lang='grc' dir='ltr'>δὲ</span> <span class='ocrx_word' id='word_1_138' title='bbox 656 860 781 896; x_wconf 82' lang='grc' dir='ltr'>διέφθορε</span> <span class='ocrx_word' id='word_1_139' title='bbox 809 861 844 887; x_wconf 80' lang='grc' dir='ltr'>τὰ</span> <span class='ocrx_word' id='word_1_140' title='bbox 858 860 909 895; x_wconf 86' lang='grc' dir='ltr'>τῆς</span> <span class='ocrx_word' id='word_1_141' title='bbox 922 879 947 909; x_wconf 78' lang='grc' dir='ltr'>Β</span> 
     </span>
    </p>
   </div>
   <div class='ocr_carea' id='block_1_20' title="bbox 123 906 908 943">
    <p class='ocr_par' dir='ltr' id='par_1_20' title="bbox 123 906 908 943">
     <span class='ocr_line' id='line_1_20' title="bbox 123 906 908 943; baseline 0.003 -11"><span class='ocrx_word' id='word_1_142' title='bbox 123 906 263 941; x_wconf 84' lang='grc' dir='ltr'>ἀληθείας,</span> <span class='ocrx_word' id='word_1_143' title='bbox 280 907 326 933; x_wconf 73' lang='grc' dir='ltr'><strong>καὶ</strong></span> <span class='ocrx_word' id='word_1_144' title='bbox 336 907 367 933; x_wconf 73' lang='grc' dir='ltr'><strong>τὸ</strong></span> <span class='ocrx_word' id='word_1_145' title='bbox 386 907 435 943; x_wconf 84' lang='grc' dir='ltr'><strong>ήδὺ</strong></span> <span class='ocrx_word' id='word_1_146' title='bbox 447 907 538 941; x_wconf 84' lang='grc' dir='ltr'>λέγειν</span> <span class='ocrx_word' id='word_1_147' title='bbox 551 906 663 942; x_wconf 83' lang='grc' dir='ltr'>ζητοῦσι</span> <span class='ocrx_word' id='word_1_148' title='bbox 678 907 810 939; x_wconf 83' lang='grc' dir='ltr'>κάκεῖνοι,</span> <span class='ocrx_word' id='word_1_149' title='bbox 827 907 908 934; x_wconf 84' lang='grc' dir='ltr'>πόθεν</span> 
     </span>
    </p>
   </div>
   <div class='ocr_carea' id='block_1_21' title="bbox 123 952 907 989">
    <p class='ocr_par' dir='ltr' id='par_1_21' title="bbox 123 952 907 989">
     <span class='ocr_line' id='line_1_21' title="bbox 123 952 907 989; baseline 0.003 -11"><span class='ocrx_word' id='word_1_150' title='bbox 123 952 190 988; x_wconf 77' lang='grc' dir='ltr'>ἡμῖν</span> <span class='ocrx_word' id='word_1_151' title='bbox 214 952 361 987; x_wconf 81' lang='grc' dir='ltr'>ἀλλαχόθεν</span> <span class='ocrx_word' id='word_1_152' title='bbox 390 953 408 988; x_wconf 84' lang='grc' dir='ltr'><strong>ἠ</strong></span> <span class='ocrx_word' id='word_1_153' title='bbox 430 953 480 988; x_wconf 86' lang='grc' dir='ltr'>τῆς</span> <span class='ocrx_word' id='word_1_154' title='bbox 503 953 632 989; x_wconf 84' lang='grc' dir='ltr'>ἀληθείας</span> <span class='ocrx_word' id='word_1_155' title='bbox 657 953 770 981; x_wconf 75' lang='grc' dir='ltr'>ἐσοιτοε</span> <span class='ocrx_word' id='word_1_156' title='bbox 794 953 907 988; x_wconf 84' lang='grc' dir='ltr'>γνῶσις,</span> 
     </span>
    </p>
   </div>
   <div class='ocr_carea' id='block_1_22' title="bbox 123 998 909 1035">
    <p class='ocr_par' dir='ltr' id='par_1_22' title="bbox 123 998 909 1035">
     <span class='ocr_line' id='line_1_22' title="bbox 123 998 909 1035; baseline 0.003 -10"><span class='ocrx_word' id='word_1_157' title='bbox 123 998 169 1025; x_wconf 78' lang='grc' dir='ltr'><strong>καὶ</strong></span> <span class='ocrx_word' id='word_1_158' title='bbox 183 999 362 1035; x_wconf 79' lang='grc' dir='ltr'>ὴὲπιστροφὴ</span> <span class='ocrx_word' id='word_1_159' title='bbox 370 999 439 1035; x_wconf 72' lang='lat'><strong>(28),</strong></span> <span class='ocrx_word' id='word_1_160' title='bbox 453 1000 508 1027; x_wconf 83' lang='grc' dir='ltr'>τῶν</span> <span class='ocrx_word' id='word_1_161' title='bbox 517 1000 532 1020; x_wconf 78' lang='grc' dir='ltr'>ιι</span> <span class='ocrx_word' id='word_1_162' title='bbox 546 1000 597 1027; x_wconf 83' lang='grc' dir='ltr'>οὐκ</span> <span class='ocrx_word' id='word_1_163' title='bbox 614 1001 720 1034; x_wconf 86' lang='grc' dir='ltr'>εύαγῶς</span> <span class='ocrx_word' id='word_1_164' title='bbox 736 1000 821 1028; x_wconf 76' lang='grc' dir='ltr'>ἐνίοτε</span> <span class='ocrx_word' id='word_1_165' title='bbox 841 1000 909 1035; x_wconf 88' lang='grc' dir='ltr'>παρ’</span> 
     </span>
    </p>
   </div>
   <div class='ocr_carea' id='block_1_23' title="bbox 123 1044 909 1082">
    <p class='ocr_par' dir='ltr' id='par_1_23' title="bbox 123 1044 909 1082">
     <span class='ocr_line' id='line_1_23' title="bbox 123 1044 909 1082; baseline 0.004 -12"><span class='ocrx_word' id='word_1_166' title='bbox 123 1044 201 1079; x_wconf 80' lang='grc' dir='ltr'>ἡμῶν</span> <span class='ocrx_word' id='word_1_167' title='bbox 226 1044 381 1080; x_wconf 84' lang='grc' dir='ltr'>λεγομένων</span> <span class='ocrx_word' id='word_1_168' title='bbox 405 1045 422 1080; x_wconf 80' lang='grc' dir='ltr'>ἢ</span> <span class='ocrx_word' id='word_1_169' title='bbox 452 1046 689 1082; x_wconf 56' lang='grc' dir='ltr'>πραττομένωνη</span> <span class='ocrx_word' id='word_1_170' title='bbox 719 1046 764 1072; x_wconf 83' lang='grc' dir='ltr'><strong>Διὸ</strong></span> <span class='ocrx_word' id='word_1_171' title='bbox 780 1047 909 1081; x_wconf 83' lang='grc' dir='ltr'>μέγιστον</span> 
     </span>
    </p>
   </div>
   <div class='ocr_carea' id='block_1_24' title="bbox 122 1089 909 1128">
    <p class='ocr_par' dir='ltr' id='par_1_24' title="bbox 122 1089 909 1128">
     <span class='ocr_line' id='line_1_24' title="bbox 122 1089 909 1128; baseline 0.006 -13"><span class='ocrx_word' id='word_1_172' title='bbox 122 1089 191 1125; x_wconf 82' lang='grc' dir='ltr'><strong>ἠγοῦ</strong></span> <span class='ocrx_word' id='word_1_173' title='bbox 206 1089 300 1124; x_wconf 79' lang='grc' dir='ltr'>φίλους</span> <span class='ocrx_word' id='word_1_174' title='bbox 313 1090 437 1118; x_wconf 76' lang='grc' dir='ltr'>κολάκων</span> <span class='ocrx_word' id='word_1_175' title='bbox 460 1091 610 1126; x_wconf 80' lang='grc' dir='ltr'>διαφέρειν.</span> <span class='ocrx_word' id='word_1_176' title='bbox 625 1093 658 1119; x_wconf 86' lang='grc' dir='ltr'><strong>Οί</strong></span> <span class='ocrx_word' id='word_1_177' title='bbox 687 1092 737 1127; x_wconf 78' lang='grc' dir='ltr'>μὲν</span> <span class='ocrx_word' id='word_1_178' title='bbox 754 1092 809 1128; x_wconf 81' lang='grc' dir='ltr'><strong>γὰρ</strong></span> <span class='ocrx_word' id='word_1_179' title='bbox 838 1093 909 1120; x_wconf 84' lang='grc' dir='ltr'>κατὰ</span> 
     </span>
    </p>
   </div>
   <div class='ocr_carea' id='block_1_25' title="bbox 123 1134 909 1174">
    <p class='ocr_par' dir='ltr' id='par_1_25' title="bbox 123 1134 909 1174">
     <span class='ocr_line' id='line_1_25' title="bbox 123 1134 909 1174; baseline 0.008 -14"><span class='ocrx_word' id='word_1_180' title='bbox 123 1134 269 1170; x_wconf 85' lang='grc' dir='ltr'>πρόσωπον</span> <span class='ocrx_word' id='word_1_181' title='bbox 279 1136 466 1169; x_wconf 78' lang='grc' dir='ltr'>ὲπαινοῦντες,</span> <span class='ocrx_word' id='word_1_182' title='bbox 482 1137 512 1164; x_wconf 80' lang='grc' dir='ltr'>σέ</span> <span class='ocrx_word' id='word_1_183' title='bbox 524 1146 554 1164; x_wconf 86' lang='grc' dir='ltr'><strong>τε</strong></span> <span class='ocrx_word' id='word_1_184' title='bbox 567 1137 631 1171; x_wconf 85' lang='grc' dir='ltr'>τῶν,</span> <span class='ocrx_word' id='word_1_185' title='bbox 644 1138 681 1170; x_wconf 83' lang='grc' dir='ltr'>ὡς</span> <span class='ocrx_word' id='word_1_186' title='bbox 692 1139 774 1171; x_wconf 78' lang='grc' dir='ltr'>εἰκὸς,</span> <span class='ocrx_word' id='word_1_187' title='bbox 785 1139 909 1174; x_wconf 86' lang='grc' dir='ltr'>ἁμαρτα-</span> 
     </span>
    </p>
   </div>
   <div class='ocr_carea' id='block_1_26' title="bbox 122 1180 909 1220">
    <p class='ocr_par' dir='ltr' id='par_1_26' title="bbox 122 1180 909 1220">
     <span class='ocr_line' id='line_1_26' title="bbox 122 1180 909 1220; baseline 0.008 -15"><span class='ocrx_word' id='word_1_188' title='bbox 122 1180 243 1214; x_wconf 84' lang='grc' dir='ltr'>νομένων</span> <span class='ocrx_word' id='word_1_189' title='bbox 266 1180 441 1217; x_wconf 83' lang='grc' dir='ltr'>συναίσθησιν</span> <span class='ocrx_word' id='word_1_190' title='bbox 464 1182 557 1210; x_wconf 77' lang='grc' dir='ltr'>λαὸεῖν</span> <span class='ocrx_word' id='word_1_191' title='bbox 581 1183 631 1210; x_wconf 82' lang='grc' dir='ltr'>οὐκ</span> <span class='ocrx_word' id='word_1_192' title='bbox 644 1184 719 1217; x_wconf 82' lang='grc' dir='ltr'>ὲῶσι,</span> <span class='ocrx_word' id='word_1_193' title='bbox 747 1184 795 1211; x_wconf 78' lang='grc' dir='ltr'>καὶ</span> <span class='ocrx_word' id='word_1_194' title='bbox 823 1184 909 1220; x_wconf 85' lang='grc' dir='ltr'>μείζω</span> 
     </span>
    </p>
   </div>
   <div class='ocr_carea' id='block_1_27' title="bbox 121 1226 906 1262">
    <p class='ocr_par' dir='ltr' id='par_1_27' title="bbox 121 1226 906 1262">
     <span class='ocr_line' id='line_1_27' title="bbox 121 1226 906 1262; baseline 0.008 -10"><span class='ocrx_word' id='word_1_195' title='bbox 121 1226 208 1253; x_wconf 84' lang='grc' dir='ltr'>ταῦτα</span> <span class='ocrx_word' id='word_1_196' title='bbox 216 1227 284 1262; x_wconf 79' lang='grc' dir='ltr'>πρὸς</span> <span class='ocrx_word' id='word_1_197' title='bbox 293 1228 356 1260; x_wconf 81' lang='grc' dir='ltr'>τοὺς</span> <span class='ocrx_word' id='word_1_198' title='bbox 372 1228 468 1261; x_wconf 79' lang='grc' dir='ltr'>ἄλλους</span> <span class='ocrx_word' id='word_1_199' title='bbox 480 1230 541 1261; x_wconf 86' lang='grc' dir='ltr'>ταῖς</span> <span class='ocrx_word' id='word_1_200' title='bbox 551 1229 688 1262; x_wconf 78' lang='grc' dir='ltr'>διαϐολαῖς</span> <span class='ocrx_word' id='word_1_201' title='bbox 703 1231 881 1258; x_wconf 79' lang='grc' dir='ltr'>ἀποτελοῦσιν</span> <span class='ocrx_word' id='word_1_202' title='bbox 898 1240 906 1248; x_wconf 88' lang='grc'><strong>·</strong></span> 
     </span>
    </p>
   </div>
   <div class='ocr_carea' id='block_1_28' title="bbox 121 1272 908 1311">
    <p class='ocr_par' dir='ltr' id='par_1_28' title="bbox 121 1272 908 1311">
     <span class='ocr_line' id='line_1_28' title="bbox 121 1272 908 1311; baseline 0.008 -13"><span class='ocrx_word' id='word_1_203' title='bbox 121 1272 148 1299; x_wconf 76' lang='lat' dir='ltr'><strong>ot</strong></span> <span class='ocrx_word' id='word_1_204' title='bbox 163 1272 191 1299; x_wconf 75' lang='grc' dir='ltr'>δὲ</span> <span class='ocrx_word' id='word_1_205' title='bbox 216 1272 265 1299; x_wconf 79' lang='grc' dir='ltr'>καὶ</span> <span class='ocrx_word' id='word_1_206' title='bbox 293 1273 334 1306; x_wconf 78' lang='grc' dir='ltr'>σὲ,</span> <span class='ocrx_word' id='word_1_207' title='bbox 354 1273 393 1309; x_wconf 85' lang='grc' dir='ltr'>τῷ</span> <span class='ocrx_word' id='word_1_208' title='bbox 411 1274 456 1301; x_wconf 84' lang='grc' dir='ltr'><strong>διὰ</strong></span> <span class='ocrx_word' id='word_1_209' title='bbox 479 1274 571 1310; x_wconf 83' lang='grc' dir='ltr'>φιλίας</span> <span class='ocrx_word' id='word_1_210' title='bbox 590 1275 705 1311; x_wconf 73' lang='grc' dir='ltr'>ἐλέγχῳ,</span> <span class='ocrx_word' id='word_1_211' title='bbox 731 1277 847 1304; x_wconf 84' lang='grc' dir='ltr'>συνιδεῖν</span> <span class='ocrx_word' id='word_1_212' title='bbox 877 1278 908 1305; x_wconf 82' lang='grc' dir='ltr'>τὸ</span> 
     </span>
    </p>
   </div>
   <div class='ocr_carea' id='block_1_29' title="bbox 122 1320 907 1359">
    <p class='ocr_par' dir='ltr' id='par_1_29' title="bbox 122 1320 907 1359">
     <span class='ocr_line' id='line_1_29' title="bbox 122 1320 907 1359; baseline 0.008 -15"><span class='ocrx_word' id='word_1_213' title='bbox 122 1320 319 1354; x_wconf 78' lang='grc' dir='ltr'>παρανομηθὲν</span> <span class='ocrx_word' id='word_1_214' title='bbox 345 1320 446 1355; x_wconf 84' lang='grc' dir='ltr'>μᾶλλον</span> <span class='ocrx_word' id='word_1_215' title='bbox 472 1321 630 1357; x_wconf 80' lang='grc' dir='ltr'>δυναμοῦσι,</span> <span class='ocrx_word' id='word_1_216' title='bbox 653 1322 704 1349; x_wconf 75' lang='grc' dir='ltr'><strong>κάν</strong></span> <span class='ocrx_word' id='word_1_217' title='bbox 729 1332 755 1349; x_wconf 90' lang='grc' dir='ltr'><strong>τι</strong></span> <span class='ocrx_word' id='word_1_218' title='bbox 768 1322 814 1359; x_wconf 80' lang='grc' dir='ltr'><strong>δέῃ</strong></span> <span class='ocrx_word' id='word_1_219' title='bbox 839 1323 907 1359; x_wconf 82' lang='grc' dir='ltr'>πρὸς</span> 
     </span>
    </p>
   </div>
   <div class='ocr_carea' id='block_1_30' title="bbox 120 1365 907 1405">
    <p class='ocr_par' dir='ltr' id='par_1_30' title="bbox 120 1365 907 1405">
     <span class='ocr_line' id='line_1_30' title="bbox 120 1365 907 1405; baseline 0.008 -14"><span class='ocrx_word' id='word_1_220' title='bbox 120 1365 185 1396; x_wconf 84' lang='grc' dir='ltr'>τοὺς</span> <span class='ocrx_word' id='word_1_221' title='bbox 208 1365 260 1398; x_wconf 72' lang='grc' dir='ltr'><strong>ἔξω</strong></span> <span class='ocrx_word' id='word_1_222' title='bbox 275 1365 377 1400; x_wconf 80' lang='grc' dir='ltr'>λέγειν,</span> <span class='ocrx_word' id='word_1_223' title='bbox 408 1367 469 1394; x_wconf 78' lang='grc' dir='ltr'>ἀντὶ</span> <span class='ocrx_word' id='word_1_224' title='bbox 491 1369 659 1404; x_wconf 83' lang='grc' dir='ltr'>κατηγορίας</span> <span class='ocrx_word' id='word_1_225' title='bbox 685 1370 832 1405; x_wconf 85' lang='grc' dir='ltr'>ἀπολογίαν</span> <span class='ocrx_word' id='word_1_226' title='bbox 859 1369 907 1398; x_wconf 81' lang='grc' dir='ltr'><strong>τοῦ</strong></span> 
     </span>
    </p>
   </div>
   <div class='ocr_carea' id='block_1_31' title="bbox 121 1409 905 1447">
    <p class='ocr_par' dir='ltr' id='par_1_31' title="bbox 121 1409 905 1447">
     <span class='ocr_line' id='line_1_31' title="bbox 121 1409 905 1447; baseline 0.009 -12"><span class='ocrx_word' id='word_1_227' title='bbox 121 1409 290 1444; x_wconf 78' lang='grc' dir='ltr'>πραχθέντος</span> <span class='ocrx_word' id='word_1_228' title='bbox 306 1411 528 1447; x_wconf 86' lang='grc' dir='ltr'>ὲκμηχανῶνται.</span> <span class='ocrx_word' id='word_1_229' title='bbox 546 1414 628 1441; x_wconf 84' lang='grc' dir='ltr'>Ὀσον</span> <span class='ocrx_word' id='word_1_230' title='bbox 650 1411 697 1441; x_wconf 81' lang='grc' dir='ltr'>οὖν</span> <span class='ocrx_word' id='word_1_231' title='bbox 712 1414 758 1441; x_wconf 87' lang='grc' dir='ltr'>τοῦ</span> <span class='ocrx_word' id='word_1_232' title='bbox 784 1415 830 1442; x_wconf 76' lang='grc' dir='ltr'><strong>ἐπὶ</strong></span> <span class='ocrx_word' id='word_1_233' title='bbox 854 1424 905 1442; x_wconf 72' lang='grc' dir='ltr'>κα-</span> 
     </span>
    </p>
   </div>
   <div class='ocr_carea' id='block_1_32' title="bbox 120 1454 905 1497">
    <p class='ocr_par' dir='ltr' id='par_1_32' title="bbox 120 1454 905 1497">
     <span class='ocr_line' id='line_1_32' title="bbox 120 1454 905 1497; baseline 0.011 -18"><span class='ocrx_word' id='word_1_234' title='bbox 120 1454 184 1480; x_wconf 90' lang='grc' dir='ltr'>κίαν</span> <span class='ocrx_word' id='word_1_235' title='bbox 199 1456 364 1490; x_wconf 80' lang='grc' dir='ltr'>προκόπτειν</span> <span class='ocrx_word' id='word_1_236' title='bbox 390 1458 421 1485; x_wconf 77' lang='grc' dir='ltr'>τὸ</span> <span class='ocrx_word' id='word_1_237' title='bbox 443 1458 545 1494; x_wconf 85' lang='grc' dir='ltr'>ἀρετὴν</span> <span class='ocrx_word' id='word_1_238' title='bbox 570 1460 664 1487; x_wconf 77' lang='grc' dir='ltr'>ἀσκεῖν</span> <span class='ocrx_word' id='word_1_239' title='bbox 691 1460 838 1497; x_wconf 83' lang='grc' dir='ltr'>διενήνοχε,</span> <span class='ocrx_word' id='word_1_240' title='bbox 857 1462 905 1489; x_wconf 78' lang='grc' dir='ltr'><strong>καὶ</strong></span> 
     </span>
    </p>
   </div>
   <div class='ocr_carea' id='block_1_33' title="bbox 120 1499 906 1541">
    <p class='ocr_par' dir='ltr' id='par_1_33' title="bbox 120 1499 906 1541">
     <span class='ocr_line' id='line_1_33' title="bbox 120 1499 906 1541; baseline 0.011 -15"><span class='ocrx_word' id='word_1_241' title='bbox 120 1499 167 1527; x_wconf 81' lang='grc' dir='ltr'><strong>τοῦ</strong></span> <span class='ocrx_word' id='word_1_242' title='bbox 180 1500 372 1530; x_wconf 81' lang='grc' dir='ltr'>διαϐάλλεσθαι</span> <span class='ocrx_word' id='word_1_243' title='bbox 387 1504 416 1530; x_wconf 75' lang='grc' dir='ltr'>ὲν</span> <span class='ocrx_word' id='word_1_244' title='bbox 428 1505 485 1536; x_wconf 88' lang='grc' dir='ltr'>τοῖς</span> <span class='ocrx_word' id='word_1_245' title='bbox 495 1505 657 1541; x_wconf 80' lang='grc' dir='ltr'>ἀρχομένοις</span> <span class='ocrx_word' id='word_1_246' title='bbox 672 1506 702 1534; x_wconf 82' lang='grc' dir='ltr'>τὸ</span> <span class='ocrx_word' id='word_1_247' title='bbox 715 1508 765 1539; x_wconf 84' lang='grc' dir='ltr'><strong>τὰς</strong></span> <span class='ocrx_word' id='word_1_248' title='bbox 777 1508 906 1540; x_wconf 78' lang='grc' dir='ltr'>διαϐολὰς</span> 
     </span>
    </p>
   </div>
   <div class='ocr_carea' id='block_1_34' title="bbox 961 259 1750 296">
    <p class='ocr_par' dir='ltr' id='par_1_34' title="bbox 961 259 1750 296">
     <span class='ocr_line' id='line_1_34' title="bbox 961 259 1750 296; baseline 0.004 -11"><span class='ocrx_word' id='word_1_249' title='bbox 961 261 1025 285; x_wconf 88' lang='lat' dir='ltr'><strong>sunt</strong></span> <span class='ocrx_word' id='word_1_250' title='bbox 1043 259 1147 292; x_wconf 84' lang='lat' dir='ltr'><strong>amicis,</strong></span> <span class='ocrx_word' id='word_1_251' title='bbox 1162 263 1190 286; x_wconf 85' lang='lat' dir='ltr'><strong>at</strong></span> <span class='ocrx_word' id='word_1_252' title='bbox 1203 259 1359 287; x_wconf 74' lang='lat' dir='ltr'><strong>felicitatem</strong></span> <span class='ocrx_word' id='word_1_253' title='bbox 1376 260 1403 287; x_wconf 93' lang='lat' dir='ltr'><strong>in</strong></span> <span class='ocrx_word' id='word_1_254' title='bbox 1417 260 1555 296; x_wconf 84' lang='lat' dir='ltr'><strong>prosperis</strong></span> <span class='ocrx_word' id='word_1_255' title='bbox 1571 268 1665 288; x_wconf 89' lang='lat' dir='ltr'><strong>eorum</strong></span> <span class='ocrx_word' id='word_1_256' title='bbox 1679 260 1750 288; x_wconf 81' lang='lat' dir='ltr'><strong>ferre</strong></span> 
     </span>
    </p>
   </div>
   <div class='ocr_carea' id='block_1_35' title="bbox 960 306 1751 342">
    <p class='ocr_par' dir='ltr' id='par_1_35' title="bbox 960 306 1751 342">
     <span class='ocr_line' id='line_1_35' title="bbox 960 306 1751 342; baseline 0.003 -10"><span class='ocrx_word' id='word_1_257' title='bbox 960 306 1107 340; x_wconf 84' lang='lat' dir='ltr'><strong>nequivere</strong></span> <span class='ocrx_word' id='word_1_258' title='bbox 1122 315 1130 334; x_wconf 91' lang='lat'><strong>:</strong></span> <span class='ocrx_word' id='word_1_259' title='bbox 1157 314 1226 341; x_wconf 90' lang='lat' dir='ltr'><strong>quos</strong></span> <span class='ocrx_word' id='word_1_260' title='bbox 1240 307 1398 341; x_wconf 90' lang='lat' dir='ltr'><strong>neutiquam</strong></span> <span class='ocrx_word' id='word_1_261' title='bbox 1413 307 1550 342; x_wconf 75' lang='lat' dir='ltr'><strong>redarguit</strong></span> <span class='ocrx_word' id='word_1_262' title='bbox 1565 307 1654 334; x_wconf 87' lang='lat' dir='ltr'><strong>oblata</strong></span> <span class='ocrx_word' id='word_1_263' title='bbox 1678 315 1751 334; x_wconf 87' lang='lat' dir='ltr'><strong>com-</strong></span> 
     </span>
    </p>
   </div>
   <div class='ocr_carea' id='block_1_36' title="bbox 960 352 1750 388">
    <p class='ocr_par' dir='ltr' id='par_1_36' title="bbox 960 352 1750 388">
     <span class='ocr_line' id='line_1_36' title="bbox 960 352 1750 388; baseline 0.004 -10"><span class='ocrx_word' id='word_1_264' title='bbox 960 352 1107 380; x_wconf 87' lang='lat' dir='ltr'><strong>miserandi</strong></span> <span class='ocrx_word' id='word_1_265' title='bbox 1130 352 1247 384; x_wconf 82' lang='lat' dir='ltr'><strong>occasio,</strong></span> <span class='ocrx_word' id='word_1_266' title='bbox 1266 353 1326 380; x_wconf 84' lang='lat' dir='ltr'><strong>illos</strong></span> <span class='ocrx_word' id='word_1_267' title='bbox 1338 353 1452 381; x_wconf 73' lang='lat' dir='ltr'><strong>allectus</strong></span> <span class='ocrx_word' id='word_1_268' title='bbox 1474 353 1583 380; x_wconf 65' lang='lat' dir='ltr'><strong>invidiae</strong></span> <span class='ocrx_word' id='word_1_269' title='bbox 1598 353 1686 388; x_wconf 81' lang='lat' dir='ltr'><strong>palam</strong></span> <span class='ocrx_word' id='word_1_270' title='bbox 1712 353 1750 381; x_wconf 82' lang='lat' dir='ltr'><strong>fe-</strong></span> 
     </span>
    </p>
   </div>
   <div class='ocr_carea' id='block_1_37' title="bbox 961 397 1748 434">
    <p class='ocr_par' dir='ltr' id='par_1_37' title="bbox 961 397 1748 434">
     <span class='ocr_line' id='line_1_37' title="bbox 961 397 1748 434; baseline 0.001 -9"><span class='ocrx_word' id='word_1_271' title='bbox 961 399 1008 426; x_wconf 86' lang='lat' dir='ltr'><strong>cit.</strong></span> <span class='ocrx_word' id='word_1_272' title='bbox 1020 397 1095 426; x_wconf 87' lang='lat' dir='ltr'><strong>Habe</strong></span> <span class='ocrx_word' id='word_1_273' title='bbox 1114 406 1178 434; x_wconf 80' lang='lat' dir='ltr'><strong>ergo</strong></span> <span class='ocrx_word' id='word_1_274' title='bbox 1199 398 1247 425; x_wconf 86' lang='lat' dir='ltr'><strong>tibi</strong></span> <span class='ocrx_word' id='word_1_275' title='bbox 1262 399 1364 426; x_wconf 89' lang='lat' dir='ltr'><strong>amicos</strong></span> <span class='ocrx_word' id='word_1_276' title='bbox 1376 406 1431 425; x_wconf 90' lang='lat' dir='ltr'><strong>non</strong></span> <span class='ocrx_word' id='word_1_277' title='bbox 1447 399 1533 426; x_wconf 84' lang='lat' dir='ltr'><strong>malos</strong></span> <span class='ocrx_word' id='word_1_278' title='bbox 1561 399 1608 426; x_wconf 92' lang='lat' dir='ltr'><strong>sed</strong></span> <span class='ocrx_word' id='word_1_279' title='bbox 1620 399 1748 434; x_wconf 86' lang='lat' dir='ltr'><strong>optimos.</strong></span> 
     </span>
    </p>
   </div>
   <div class='ocr_carea' id='block_1_38' title="bbox 961 445 1750 481">
    <p class='ocr_par' dir='ltr' id='par_1_38' title="bbox 961 445 1750 481">
     <span class='ocr_line' id='line_1_38' title="bbox 961 445 1750 481; baseline 0.001 -9"><span class='ocrx_word' id='word_1_280' title='bbox 961 445 1041 473; x_wconf 86' lang='lat' dir='ltr'><strong>Certe</strong></span> <span class='ocrx_word' id='word_1_281' title='bbox 1054 446 1099 480; x_wconf 89' lang='lat' dir='ltr'><strong>qui</strong></span> <span class='ocrx_word' id='word_1_282' title='bbox 1121 445 1148 472; x_wconf 93' lang='lat' dir='ltr'><strong>in</strong></span> <span class='ocrx_word' id='word_1_283' title='bbox 1162 446 1264 473; x_wconf 89' lang='lat' dir='ltr'><strong>amicos</strong></span> <span class='ocrx_word' id='word_1_284' title='bbox 1276 445 1422 481; x_wconf 82' lang='lat' dir='ltr'><strong>eliguntur,</strong></span> <span class='ocrx_word' id='word_1_285' title='bbox 1444 454 1535 473; x_wconf 90' lang='lat' dir='ltr'><strong>mores</strong></span> <span class='ocrx_word' id='word_1_286' title='bbox 1548 451 1577 473; x_wconf 89' lang='lat' dir='ltr'><strong>et</strong></span> <span class='ocrx_word' id='word_1_287' title='bbox 1592 446 1750 481; x_wconf 88' lang='lat' dir='ltr'><strong>dispositio-</strong></span> 
     </span>
    </p>
   </div>
   <div class='ocr_carea' id='block_1_39' title="bbox 961 492 1750 527">
    <p class='ocr_par' dir='ltr' id='par_1_39' title="bbox 961 492 1750 527">
     <span class='ocr_line' id='line_1_39' title="bbox 961 492 1750 527; baseline 0.003 -9"><span class='ocrx_word' id='word_1_288' title='bbox 961 499 1011 519; x_wconf 88' lang='lat' dir='ltr'><strong>nes</strong></span> <span class='ocrx_word' id='word_1_289' title='bbox 1025 492 1169 526; x_wconf 83' lang='lat' dir='ltr'><strong>propalant</strong></span> <span class='ocrx_word' id='word_1_290' title='bbox 1193 492 1268 526; x_wconf 90' lang='lat' dir='ltr'><strong>ipsos</strong></span> <span class='ocrx_word' id='word_1_291' title='bbox 1282 492 1453 526; x_wconf 78' lang='lat' dir='ltr'><strong>cligentium.</strong></span> <span class='ocrx_word' id='word_1_292' title='bbox 1468 492 1519 519; x_wconf 89' lang='lat' dir='ltr'><strong>Per</strong></span> <span class='ocrx_word' id='word_1_293' title='bbox 1533 492 1632 527; x_wconf 89' lang='lat' dir='ltr'><strong>probos</strong></span> <span class='ocrx_word' id='word_1_294' title='bbox 1647 497 1675 519; x_wconf 91' lang='lat' dir='ltr'><strong>et</strong></span> <span class='ocrx_word' id='word_1_295' title='bbox 1698 492 1750 520; x_wconf 88' lang='lat' dir='ltr'><strong>lto-</strong></span> 
     </span>
    </p>
   </div>
   <div class='ocr_carea' id='block_1_40' title="bbox 961 538 1750 574">
    <p class='ocr_par' dir='ltr' id='par_1_40' title="bbox 961 538 1750 574">
     <span class='ocr_line' id='line_1_40' title="bbox 961 538 1750 574; baseline 0.001 -9"><span class='ocrx_word' id='word_1_296' title='bbox 961 543 1064 571; x_wconf 89' lang='lat' dir='ltr'><strong>nestos,</strong></span> <span class='ocrx_word' id='word_1_297' title='bbox 1084 539 1106 566; x_wconf 91' lang='lat' dir='ltr'><strong>si</strong></span> <span class='ocrx_word' id='word_1_298' title='bbox 1120 539 1180 573; x_wconf 82' lang='lat' dir='ltr'><strong>quis</strong></span> <span class='ocrx_word' id='word_1_299' title='bbox 1195 538 1223 565; x_wconf 92' lang='lat' dir='ltr'><strong>in</strong></span> <span class='ocrx_word' id='word_1_300' title='bbox 1248 539 1340 574; x_wconf 88' lang='lat' dir='ltr'><strong>aliquo</strong></span> <span class='ocrx_word' id='word_1_301' title='bbox 1358 539 1451 574; x_wconf 89' lang='lat' dir='ltr'><strong>lapsus</strong></span> <span class='ocrx_word' id='word_1_302' title='bbox 1465 539 1510 571; x_wconf 88' lang='lat' dir='ltr'><strong>sit,</strong></span> <span class='ocrx_word' id='word_1_303' title='bbox 1527 539 1608 566; x_wconf 90' lang='lat' dir='ltr'><strong>tacite</strong></span> <span class='ocrx_word' id='word_1_304' title='bbox 1627 539 1654 566; x_wconf 91' lang='lat' dir='ltr'><strong>in</strong></span> <span class='ocrx_word' id='word_1_305' title='bbox 1668 539 1750 566; x_wconf 86' lang='lat' dir='ltr'><strong>amis-</strong></span> 
     </span>
    </p>
   </div>
   <div class='ocr_carea' id='block_1_41' title="bbox 963 585 1748 619">
    <p class='ocr_par' dir='ltr' id='par_1_41' title="bbox 963 585 1748 619">
     <span class='ocr_line' id='line_1_41' title="bbox 963 585 1748 619; baseline 0.001 -8"><span class='ocrx_word' id='word_1_306' title='bbox 963 592 1023 611; x_wconf 87' lang='lat' dir='ltr'><strong>sutn</strong></span> <span class='ocrx_word' id='word_1_307' title='bbox 1037 585 1126 612; x_wconf 91' lang='lat' dir='ltr'><strong>locum</strong></span> <span class='ocrx_word' id='word_1_308' title='bbox 1144 585 1307 612; x_wconf 85' lang='lat' dir='ltr'><strong>reducetur:</strong></span> <span class='ocrx_word' id='word_1_309' title='bbox 1326 585 1442 619; x_wconf 87' lang='lat' dir='ltr'><strong>improbi</strong></span> <span class='ocrx_word' id='word_1_310' title='bbox 1459 585 1606 612; x_wconf 78' lang='lat' dir='ltr'><strong>bonitatem</strong></span> <span class='ocrx_word' id='word_1_311' title='bbox 1621 592 1674 619; x_wconf 90' lang='lat' dir='ltr'><strong>qua</strong></span> <span class='ocrx_word' id='word_1_312' title='bbox 1687 585 1748 619; x_wconf 89' lang='lat' dir='ltr'><strong>quis</strong></span> 
     </span>
    </p>
   </div>
   <div class='ocr_carea' id='block_1_42' title="bbox 961 628 1747 665">
    <p class='ocr_par' dir='ltr' id='par_1_42' title="bbox 961 628 1747 665">
     <span class='ocr_line' id='line_1_42' title="bbox 961 628 1747 665; baseline 0 -9"><span class='ocrx_word' id='word_1_313' title='bbox 961 630 1091 665; x_wconf 62' lang='lat' dir='ltr'><strong>praditus</strong></span> <span class='ocrx_word' id='word_1_314' title='bbox 1114 633 1156 657; x_wconf 85' lang='lat' dir='ltr'><strong>est</strong></span> <span class='ocrx_word' id='word_1_315' title='bbox 1169 629 1379 665; x_wconf 80' lang='lat' dir='ltr'><strong>depopulantur.</strong></span> <span class='ocrx_word' id='word_1_316' title='bbox 1396 628 1488 661; x_wconf 84' lang='lat' dir='ltr'><strong>Probi,</strong></span> <span class='ocrx_word' id='word_1_317' title='bbox 1512 629 1534 656; x_wconf 89' lang='lat' dir='ltr'><strong>si</strong></span> <span class='ocrx_word' id='word_1_318' title='bbox 1547 629 1612 663; x_wconf 91' lang='lat' dir='ltr'><strong>quid</strong></span> <span class='ocrx_word' id='word_1_319' title='bbox 1624 629 1694 656; x_wconf 81' lang='lat' dir='ltr'><strong>desit</strong></span> <span class='ocrx_word' id='word_1_320' title='bbox 1713 629 1747 656; x_wconf 87' lang='lat' dir='ltr'><strong>de</strong></span> 
     </span>
    </p>
   </div>
   <div class='ocr_carea' id='block_1_43' title="bbox 961 675 1748 710">
    <p class='ocr_par' dir='ltr' id='par_1_43' title="bbox 961 675 1748 710">
     <span class='ocr_line' id='line_1_43' title="bbox 961 675 1748 710; baseline 0 -8"><span class='ocrx_word' id='word_1_321' title='bbox 961 675 1069 702; x_wconf 86' lang='lat' dir='ltr'><strong>virtutis</strong></span> <span class='ocrx_word' id='word_1_322' title='bbox 1081 683 1220 708; x_wconf 87' lang='lat' dir='ltr'><strong>mensura,</strong></span> <span class='ocrx_word' id='word_1_323' title='bbox 1236 683 1252 702; x_wconf 86' lang='lat' dir='ltr'><strong>e</strong></span> <span class='ocrx_word' id='word_1_324' title='bbox 1272 683 1322 702; x_wconf 89' lang='lat' dir='ltr'><strong>suo</strong></span> <span class='ocrx_word' id='word_1_325' title='bbox 1336 683 1409 710; x_wconf 89' lang='lat' dir='ltr'><strong>penu</strong></span> <span class='ocrx_word' id='word_1_326' title='bbox 1434 675 1597 710; x_wconf 89' lang='lat' dir='ltr'><strong>supplendo,</strong></span> <span class='ocrx_word' id='word_1_327' title='bbox 1613 675 1748 702; x_wconf 83' lang='lat' dir='ltr'><strong>defectum</strong></span> 
     </span>
    </p>
   </div>
   <div class='ocr_carea' id='block_1_44' title="bbox 963 720 1750 754">
    <p class='ocr_par' dir='ltr' id='par_1_44' title="bbox 963 720 1750 754">
     <span class='ocr_line' id='line_1_44' title="bbox 963 720 1750 754; baseline -0.001 -6"><span class='ocrx_word' id='word_1_328' title='bbox 963 720 1061 748; x_wconf 90' lang='lat' dir='ltr'><strong>tollunt</strong></span> <span class='ocrx_word' id='word_1_329' title='bbox 1076 724 1104 747; x_wconf 88' lang='lat' dir='ltr'><strong>et</strong></span> <span class='ocrx_word' id='word_1_330' title='bbox 1121 720 1291 747; x_wconf 85' lang='lat' dir='ltr'><strong>resarciunt:</strong></span> <span class='ocrx_word' id='word_1_331' title='bbox 1309 720 1356 748; x_wconf 80' lang='lat' dir='ltr'><strong>sed</strong></span> <span class='ocrx_word' id='word_1_332' title='bbox 1368 728 1432 753; x_wconf 74' lang='lat' dir='ltr'><strong>eum</strong></span> <span class='ocrx_word' id='word_1_333' title='bbox 1450 720 1581 754; x_wconf 89' lang='lat' dir='ltr'><strong>improbis</strong></span> <span class='ocrx_word' id='word_1_334' title='bbox 1605 727 1750 747; x_wconf 82' lang='lat' dir='ltr'><strong>conversa-</strong></span> 
     </span>
    </p>
   </div>
   <div class='ocr_carea' id='block_1_45' title="bbox 963 762 1749 801">
    <p class='ocr_par' dir='ltr' id='par_1_45' title="bbox 963 762 1749 801">
     <span class='ocr_line' id='line_1_45' title="bbox 963 762 1749 801; baseline -0.001 -8"><span class='ocrx_word' id='word_1_335' title='bbox 963 767 1010 799; x_wconf 85' lang='lat' dir='ltr'><strong>tio,</strong></span> <span class='ocrx_word' id='word_1_336' title='bbox 1025 766 1154 801; x_wconf 86' lang='lat' dir='ltr'><strong>quidquid</strong></span> <span class='ocrx_word' id='word_1_337' title='bbox 1165 766 1230 793; x_wconf 92' lang='lat' dir='ltr'><strong>boni</strong></span> <span class='ocrx_word' id='word_1_338' title='bbox 1243 766 1279 793; x_wconf 87' lang='lat' dir='ltr'><strong>sit</strong></span> <span class='ocrx_word' id='word_1_339' title='bbox 1298 766 1443 800; x_wconf 83' lang='lat' dir='ltr'><strong>reliquum,</strong></span> <span class='ocrx_word' id='word_1_340' title='bbox 1463 762 1583 793; x_wconf 74' lang='lat' dir='ltr'><strong>declarat</strong></span> <span class='ocrx_word' id='word_1_341' title='bbox 1594 773 1655 793; x_wconf 87' lang='lat' dir='ltr'><strong>esse</strong></span> <span class='ocrx_word' id='word_1_342' title='bbox 1670 765 1749 793; x_wconf 87' lang='lat' dir='ltr'><strong>adul-</strong></span> 
     </span>
    </p>
   </div>
   <div class='ocr_carea' id='block_1_46' title="bbox 962 811 1751 847">
    <p class='ocr_par' dir='ltr' id='par_1_46' title="bbox 962 811 1751 847">
     <span class='ocr_line' id='line_1_46' title="bbox 962 811 1751 847; baseline -0.001 -8"><span class='ocrx_word' id='word_1_343' title='bbox 962 816 1060 839; x_wconf 87' lang='lat' dir='ltr'><strong>terum.</strong></span> <span class='ocrx_word' id='word_1_344' title='bbox 1079 812 1138 839; x_wconf 82' lang='lat' dir='ltr'><strong>Noli</strong></span> <span class='ocrx_word' id='word_1_345' title='bbox 1154 812 1188 839; x_wconf 91' lang='lat' dir='ltr'><strong>ab</strong></span> <span class='ocrx_word' id='word_1_346' title='bbox 1198 812 1294 839; x_wconf 88' lang='lat' dir='ltr'><strong>amicis</strong></span> <span class='ocrx_word' id='word_1_347' title='bbox 1304 812 1419 839; x_wconf 82' lang='lat' dir='ltr'><strong>libenter</strong></span> <span class='ocrx_word' id='word_1_348' title='bbox 1428 819 1460 839; x_wconf 87' lang='lat' dir='ltr'><strong>ea</strong></span> <span class='ocrx_word' id='word_1_349' title='bbox 1474 820 1534 847; x_wconf 59' lang='lat' dir='ltr'><strong>quas</strong></span> <span class='ocrx_word' id='word_1_350' title='bbox 1549 811 1686 839; x_wconf 83' lang='lat' dir='ltr'><strong>delectent</strong></span> <span class='ocrx_word' id='word_1_351' title='bbox 1700 819 1751 838; x_wconf 91' lang='lat' dir='ltr'><strong>au-</strong></span> 
     </span>
    </p>
   </div>
   <div class='ocr_carea' id='block_1_47' title="bbox 961 858 1750 893">
    <p class='ocr_par' dir='ltr' id='par_1_47' title="bbox 961 858 1750 893">
     <span class='ocr_line' id='line_1_47' title="bbox 961 858 1750 893; baseline -0.003 -7"><span class='ocrx_word' id='word_1_352' title='bbox 961 858 1029 890; x_wconf 84' lang='lat' dir='ltr'><strong>dire,</strong></span> <span class='ocrx_word' id='word_1_353' title='bbox 1055 858 1144 893; x_wconf 87' lang='lat' dir='ltr'><strong>potius</strong></span> <span class='ocrx_word' id='word_1_354' title='bbox 1173 863 1263 885; x_wconf 87' lang='lat' dir='ltr'><strong>autem</strong></span> <span class='ocrx_word' id='word_1_355' title='bbox 1278 866 1340 885; x_wconf 91' lang='lat' dir='ltr'><strong>cum</strong></span> <span class='ocrx_word' id='word_1_356' title='bbox 1355 858 1469 885; x_wconf 81' lang='lat' dir='ltr'><strong>veritate</strong></span> <span class='ocrx_word' id='word_1_357' title='bbox 1484 858 1577 893; x_wconf 80' lang='lat' dir='ltr'><strong>juncta</strong></span> <span class='ocrx_word' id='word_1_358' title='bbox 1594 866 1600 884; x_wconf 94' lang='lat'><strong>:</strong></span> <span class='ocrx_word' id='word_1_359' title='bbox 1628 858 1651 885; x_wconf 85' lang='lat' dir='ltr'><strong>si</strong></span> <span class='ocrx_word' id='word_1_360' title='bbox 1676 858 1750 885; x_wconf 90' lang='lat' dir='ltr'><strong>enim</strong></span> 
     </span>
    </p>
   </div>
   <div class='ocr_carea' id='block_1_48' title="bbox 960 903 1750 939">
    <p class='ocr_par' dir='ltr' id='par_1_48' title="bbox 960 903 1750 939">
     <span class='ocr_line' id='line_1_48' title="bbox 960 903 1750 939; baseline 0.001 -9"><span class='ocrx_word' id='word_1_361' title='bbox 960 904 1077 931; x_wconf 88' lang='lat' dir='ltr'><strong>inimicis</strong></span> <span class='ocrx_word' id='word_1_362' title='bbox 1091 912 1126 931; x_wconf 84' lang='lat' dir='ltr'><strong>ne</strong></span> <span class='ocrx_word' id='word_1_363' title='bbox 1149 911 1243 931; x_wconf 88' lang='lat' dir='ltr'><strong>verum</strong></span> <span class='ocrx_word' id='word_1_364' title='bbox 1267 904 1377 939; x_wconf 84' lang='lat' dir='ltr'><strong>quidem</strong></span> <span class='ocrx_word' id='word_1_365' title='bbox 1398 903 1552 931; x_wconf 81' lang='lat' dir='ltr'><strong>dicentibus</strong></span> <span class='ocrx_word' id='word_1_366' title='bbox 1579 903 1646 931; x_wconf 87' lang='lat' dir='ltr'><strong>fides</strong></span> <span class='ocrx_word' id='word_1_367' title='bbox 1669 904 1750 931; x_wconf 88' lang='lat' dir='ltr'><strong>adbi-</strong></span> 
     </span>
    </p>
   </div>
   <div class='ocr_carea' id='block_1_49' title="bbox 960 949 1750 984">
    <p class='ocr_par' dir='ltr' id='par_1_49' title="bbox 960 949 1750 984">
     <span class='ocr_line' id='line_1_49' title="bbox 960 949 1750 984; baseline 0 -8"><span class='ocrx_word' id='word_1_368' title='bbox 960 950 1058 982; x_wconf 90' lang='lat' dir='ltr'><strong>benda,</strong></span> <span class='ocrx_word' id='word_1_369' title='bbox 1076 953 1103 976; x_wconf 90' lang='lat' dir='ltr'><strong>et</strong></span> <span class='ocrx_word' id='word_1_370' title='bbox 1115 949 1141 976; x_wconf 87' lang='lat' dir='ltr'><strong>id</strong></span> <span class='ocrx_word' id='word_1_371' title='bbox 1159 950 1336 984; x_wconf 87' lang='lat' dir='ltr'><strong>quod’verum</strong></span> <span class='ocrx_word' id='word_1_372' title='bbox 1356 949 1439 977; x_wconf 89' lang='lat' dir='ltr'><strong>estab</strong></span> <span class='ocrx_word' id='word_1_373' title='bbox 1451 950 1546 977; x_wconf 88' lang='lat' dir='ltr'><strong>amicis</strong></span> <span class='ocrx_word' id='word_1_374' title='bbox 1563 949 1688 984; x_wconf 80' lang='lat' dir='ltr'><strong>deperiit,</strong></span> <span class='ocrx_word' id='word_1_375' title='bbox 1716 956 1750 976; x_wconf 85' lang='lat' dir='ltr'><strong>eo</strong></span> 
     </span>
    </p>
   </div>
   <div class='ocr_carea' id='block_1_50' title="bbox 959 994 1748 1031">
    <p class='ocr_par' dir='ltr' id='par_1_50' title="bbox 959 994 1748 1031">
     <span class='ocr_line' id='line_1_50' title="bbox 959 994 1748 1031; baseline -0.003 -8"><span class='ocrx_word' id='word_1_376' title='bbox 959 996 1032 1031; x_wconf 86' lang='lat' dir='ltr'><strong>quod</strong></span> <span class='ocrx_word' id='word_1_377' title='bbox 1052 995 1080 1023; x_wconf 88' lang='lat' dir='ltr'><strong>id</strong></span> <span class='ocrx_word' id='word_1_378' title='bbox 1098 996 1169 1030; x_wconf 92' lang='lat' dir='ltr'><strong>quod</strong></span> <span class='ocrx_word' id='word_1_379' title='bbox 1188 995 1305 1023; x_wconf 87' lang='lat' dir='ltr'><strong>dulciter</strong></span> <span class='ocrx_word' id='word_1_380' title='bbox 1324 995 1426 1023; x_wconf 84' lang='lat' dir='ltr'><strong>arridet</strong></span> <span class='ocrx_word' id='word_1_381' title='bbox 1439 1000 1544 1022; x_wconf 88' lang='lat' dir='ltr'><strong>tantum</strong></span> <span class='ocrx_word' id='word_1_382' title='bbox 1559 994 1683 1029; x_wconf 88' lang='lat' dir='ltr'><strong>proloqui</strong></span> <span class='ocrx_word' id='word_1_383' title='bbox 1698 1002 1748 1021; x_wconf 91' lang='lat' dir='ltr'><strong>vo—</strong></span> 
     </span>
    </p>
   </div>
   <div class='ocr_carea' id='block_1_51' title="bbox 959 1041 1749 1076">
    <p class='ocr_par' dir='ltr' id='par_1_51' title="bbox 959 1041 1749 1076">
     <span class='ocr_line' id='line_1_51' title="bbox 959 1041 1749 1076; baseline -0.001 -7"><span class='ocrx_word' id='word_1_384' title='bbox 959 1042 1072 1075; x_wconf 87' lang='lat' dir='ltr'><strong>luerint,</strong></span> <span class='ocrx_word' id='word_1_385' title='bbox 1104 1041 1177 1068; x_wconf 87' lang='lat' dir='ltr'><strong>unde</strong></span> <span class='ocrx_word' id='word_1_386' title='bbox 1192 1041 1244 1068; x_wconf 88' lang='lat' dir='ltr'><strong>erit</strong></span> <span class='ocrx_word' id='word_1_387' title='bbox 1260 1045 1290 1068; x_wconf 88' lang='lat' dir='ltr'><strong>ut</strong></span> <span class='ocrx_word' id='word_1_388' title='bbox 1312 1041 1339 1068; x_wconf 95' lang='lat' dir='ltr'><strong>in</strong></span> <span class='ocrx_word' id='word_1_389' title='bbox 1357 1041 1478 1069; x_wconf 85' lang='lat' dir='ltr'><strong>veritatis</strong></span> <span class='ocrx_word' id='word_1_390' title='bbox 1496 1041 1688 1076; x_wconf 76' lang='lat' dir='ltr'><strong>cognitionem,</strong></span> <span class='ocrx_word' id='word_1_391' title='bbox 1714 1041 1749 1068; x_wconf 85' lang='lat' dir='ltr'><strong>ad</strong></span> 
     </span>
    </p>
   </div>
   <div class='ocr_carea' id='block_1_52' title="bbox 960 1086 1749 1120">
    <p class='ocr_par' dir='ltr' id='par_1_52' title="bbox 960 1086 1749 1120">
     <span class='ocr_line' id='line_1_52' title="bbox 960 1086 1749 1120; baseline -0.003 -5"><span class='ocrx_word' id='word_1_392' title='bbox 960 1088 1032 1115; x_wconf 88' lang='lat' dir='ltr'><strong>illam</strong></span> <span class='ocrx_word' id='word_1_393' title='bbox 1045 1087 1180 1120; x_wconf 84' lang='lat' dir='ltr'><strong>conversi,</strong></span> <span class='ocrx_word' id='word_1_394' title='bbox 1199 1087 1365 1114; x_wconf 88' lang='lat' dir='ltr'><strong>deducamur</strong></span> <span class='ocrx_word' id='word_1_395' title='bbox 1379 1087 1390 1113; x_wconf 83' lang='lat'><strong>?</strong></span> <span class='ocrx_word' id='word_1_396' title='bbox 1405 1087 1478 1114; x_wconf 91' lang='lat' dir='ltr'><strong>unde</strong></span> <span class='ocrx_word' id='word_1_397' title='bbox 1487 1091 1518 1114; x_wconf 90' lang='lat' dir='ltr'><strong>ut</strong></span> <span class='ocrx_word' id='word_1_398' title='bbox 1527 1087 1561 1114; x_wconf 91' lang='lat' dir='ltr'><strong>ab</strong></span> <span class='ocrx_word' id='word_1_399' title='bbox 1577 1086 1609 1113; x_wconf 89' lang='lat' dir='ltr'><strong>iis</strong></span> <span class='ocrx_word' id='word_1_400' title='bbox 1624 1086 1749 1113; x_wconf 81' lang='lat' dir='ltr'><strong>disceda-</strong></span> 
     </span>
    </p>
   </div>
   <div class='ocr_carea' id='block_1_53' title="bbox 946 1131 1749 1170">
    <p class='ocr_par' dir='ltr' id='par_1_53' title="bbox 946 1131 1749 1170">
     <span class='ocr_line' id='line_1_53' title="bbox 946 1131 1749 1170; baseline -0.001 -10"><span class='ocrx_word' id='word_1_401' title='bbox 946 1141 1021 1170; x_wconf 41' lang='lat' dir='ltr'><strong>‘mus</strong></span> <span class='ocrx_word' id='word_1_402' title='bbox 1044 1141 1105 1168; x_wconf 73' lang='lat' dir='ltr'><strong>quae</strong></span> <span class='ocrx_word' id='word_1_403' title='bbox 1119 1140 1169 1160; x_wconf 90' lang='lat' dir='ltr'><strong>nos</strong></span> <span class='ocrx_word' id='word_1_404' title='bbox 1185 1140 1280 1168; x_wconf 90' lang='lat' dir='ltr'><strong>parum</strong></span> <span class='ocrx_word' id='word_1_405' title='bbox 1293 1133 1338 1167; x_wconf 88' lang='lat' dir='ltr'><strong>pie</strong></span> <span class='ocrx_word' id='word_1_406' title='bbox 1352 1133 1488 1160; x_wconf 84' lang='lat' dir='ltr'><strong>interdum</strong></span> <span class='ocrx_word' id='word_1_407' title='bbox 1505 1132 1621 1159; x_wconf 89' lang='lat' dir='ltr'><strong>dicimus</strong></span> <span class='ocrx_word' id='word_1_408' title='bbox 1639 1132 1681 1159; x_wconf 88' lang='lat' dir='ltr'><strong>vel</strong></span> <span class='ocrx_word' id='word_1_409' title='bbox 1707 1131 1749 1159; x_wconf 84' lang='lat' dir='ltr'><strong>fa-</strong></span> 
     </span>
    </p>
   </div>
   <div class='ocr_carea' id='block_1_54' title="bbox 958 1176 1750 1212">
    <p class='ocr_par' dir='ltr' id='par_1_54' title="bbox 958 1176 1750 1212">
     <span class='ocr_line' id='line_1_54' title="bbox 958 1176 1750 1212; baseline 0 -7"><span class='ocrx_word' id='word_1_410' title='bbox 958 1177 1070 1205; x_wconf 79' lang='lat' dir='ltr'><strong>cimus?</strong></span> <span class='ocrx_word' id='word_1_411' title='bbox 1090 1176 1221 1205; x_wconf 80' lang='lat' dir='ltr'><strong>Existima</strong></span> <span class='ocrx_word' id='word_1_412' title='bbox 1232 1177 1332 1205; x_wconf 89' lang='lat' dir='ltr'><strong>idcirco</strong></span> <span class='ocrx_word' id='word_1_413' title='bbox 1349 1177 1515 1212; x_wconf 81' lang='lat' dir='ltr'><strong>plurifariam</strong></span> <span class='ocrx_word' id='word_1_414' title='bbox 1526 1177 1637 1204; x_wconf 75' lang='lat' dir='ltr'><strong>differre</strong></span> <span class='ocrx_word' id='word_1_415' title='bbox 1655 1185 1750 1205; x_wconf 86' lang='lat' dir='ltr'><strong>assen-</strong></span> 
     </span>
    </p>
   </div>
   <div class='ocr_carea' id='block_1_55' title="bbox 958 1223 1748 1256">
    <p class='ocr_par' dir='ltr' id='par_1_55' title="bbox 958 1223 1748 1256">
     <span class='ocr_line' id='line_1_55' title="bbox 958 1223 1748 1256; baseline -0.001 -5"><span class='ocrx_word' id='word_1_416' title='bbox 958 1228 1060 1251; x_wconf 88' lang='lat' dir='ltr'><strong>tatores</strong></span> <span class='ocrx_word' id='word_1_417' title='bbox 1078 1223 1113 1251; x_wconf 90' lang='lat' dir='ltr'><strong>ab</strong></span> <span class='ocrx_word' id='word_1_418' title='bbox 1134 1223 1240 1251; x_wconf 90' lang='lat' dir='ltr'><strong>amicis.</strong></span> <span class='ocrx_word' id='word_1_419' title='bbox 1255 1223 1293 1250; x_wconf 83' lang='lat' dir='ltr'><strong>Illi</strong></span> <span class='ocrx_word' id='word_1_420' title='bbox 1314 1231 1406 1251; x_wconf 87' lang='lat' dir='ltr'><strong>coram</strong></span> <span class='ocrx_word' id='word_1_421' title='bbox 1436 1223 1578 1250; x_wconf 83' lang='lat' dir='ltr'><strong>laudantes</strong></span> <span class='ocrx_word' id='word_1_422' title='bbox 1604 1227 1631 1250; x_wconf 92' lang='lat' dir='ltr'><strong>et</strong></span> <span class='ocrx_word' id='word_1_423' title='bbox 1654 1223 1681 1250; x_wconf 89' lang='lat' dir='ltr'><strong>in</strong></span> <span class='ocrx_word' id='word_1_424' title='bbox 1706 1231 1748 1256; x_wconf 88' lang='lat' dir='ltr'><strong>os,</strong></span> 
     </span>
    </p>
   </div>
   <div class='ocr_carea' id='block_1_56' title="bbox 957 1268 1748 1304">
    <p class='ocr_par' dir='ltr' id='par_1_56' title="bbox 957 1268 1748 1304">
     <span class='ocr_line' id='line_1_56' title="bbox 957 1268 1748 1304; baseline 0 -8"><span class='ocrx_word' id='word_1_425' title='bbox 957 1269 1033 1297; x_wconf 91' lang='lat' dir='ltr'><strong>nullo</strong></span> <span class='ocrx_word' id='word_1_426' title='bbox 1045 1277 1127 1297; x_wconf 87' lang='lat' dir='ltr'><strong>sensu</strong></span> <span class='ocrx_word' id='word_1_427' title='bbox 1142 1274 1167 1297; x_wconf 86' lang='lat' dir='ltr'><strong>te</strong></span> <span class='ocrx_word' id='word_1_428' title='bbox 1180 1268 1249 1296; x_wconf 77' lang='lat' dir='ltr'><strong>allici</strong></span> <span class='ocrx_word' id='word_1_429' title='bbox 1263 1269 1422 1304; x_wconf 87' lang='lat' dir='ltr'><strong>permittent</strong></span> <span class='ocrx_word' id='word_1_430' title='bbox 1437 1276 1531 1297; x_wconf 88' lang='lat' dir='ltr'><strong>eorum</strong></span> <span class='ocrx_word' id='word_1_431' title='bbox 1546 1277 1606 1304; x_wconf 76' lang='lat' dir='ltr'><strong>quae</strong></span> <span class='ocrx_word' id='word_1_432' title='bbox 1621 1273 1709 1296; x_wconf 88' lang='lat' dir='ltr'><strong>sunta</strong></span> <span class='ocrx_word' id='word_1_433' title='bbox 1722 1274 1748 1296; x_wconf 85' lang='lat' dir='ltr'><strong>te</strong></span> 
     </span>
    </p>
   </div>
   <div class='ocr_carea' id='block_1_57' title="bbox 958 1314 1748 1350">
    <p class='ocr_par' dir='ltr' id='par_1_57' title="bbox 958 1314 1748 1350">
     <span class='ocr_line' id='line_1_57' title="bbox 958 1314 1748 1350; baseline 0 -8"><span class='ocrx_word' id='word_1_434' title='bbox 958 1315 1051 1342; x_wconf 88' lang='lat' dir='ltr'><strong>minus</strong></span> <span class='ocrx_word' id='word_1_435' title='bbox 1068 1319 1140 1342; x_wconf 87' lang='lat' dir='ltr'><strong>recte</strong></span> <span class='ocrx_word' id='word_1_436' title='bbox 1149 1320 1243 1350; x_wconf 75' lang='lat' dir='ltr'><strong>gesta;</strong></span> <span class='ocrx_word' id='word_1_437' title='bbox 1258 1314 1330 1349; x_wconf 90' lang='lat' dir='ltr'><strong>apud</strong></span> <span class='ocrx_word' id='word_1_438' title='bbox 1351 1314 1422 1341; x_wconf 88' lang='lat' dir='ltr'><strong>alios</strong></span> <span class='ocrx_word' id='word_1_439' title='bbox 1438 1319 1530 1342; x_wconf 87' lang='lat' dir='ltr'><strong>autem</strong></span> <span class='ocrx_word' id='word_1_440' title='bbox 1545 1314 1748 1346; x_wconf 80' lang='lat' dir='ltr'><strong>calumniando,</strong></span> 
     </span>
    </p>
   </div>
   <div class='ocr_carea' id='block_1_58' title="bbox 957 1358 1748 1394">
    <p class='ocr_par' dir='ltr' id='par_1_58' title="bbox 957 1358 1748 1394">
     <span class='ocr_line' id='line_1_58' title="bbox 957 1358 1748 1394; baseline 0 -8"><span class='ocrx_word' id='word_1_441' title='bbox 957 1358 1060 1393; x_wconf 83' lang='lat' dir='ltr'><strong>majora</strong></span> <span class='ocrx_word' id='word_1_442' title='bbox 1082 1366 1142 1386; x_wconf 85' lang='lat' dir='ltr'><strong>esse</strong></span> <span class='ocrx_word' id='word_1_443' title='bbox 1164 1366 1244 1394; x_wconf 86' lang='lat' dir='ltr'><strong>quam</strong></span> <span class='ocrx_word' id='word_1_444' title='bbox 1258 1363 1322 1386; x_wconf 85' lang='lat' dir='ltr'><strong>sunt</strong></span> <span class='ocrx_word' id='word_1_445' title='bbox 1346 1366 1441 1386; x_wconf 84' lang='lat' dir='ltr'><strong>revera</strong></span> <span class='ocrx_word' id='word_1_446' title='bbox 1465 1359 1645 1387; x_wconf 84' lang='lat' dir='ltr'><strong>clamabunt:</strong></span> <span class='ocrx_word' id='word_1_447' title='bbox 1668 1360 1748 1387; x_wconf 85' lang='lat' dir='ltr'><strong>amici</strong></span> 
     </span>
    </p>
   </div>
   <div class='ocr_carea' id='block_1_59' title="bbox 952 1405 1750 1440">
    <p class='ocr_par' dir='ltr' id='par_1_59' title="bbox 952 1405 1750 1440">
     <span class='ocr_line' id='line_1_59' title="bbox 952 1405 1750 1440; baseline 0.004 -10"><span class='ocrx_word' id='word_1_448' title='bbox 952 1412 1033 1438; x_wconf 63' lang='lat' dir='ltr'><strong>.vero,</strong></span> <span class='ocrx_word' id='word_1_449' title='bbox 1049 1405 1265 1440; x_wconf 82' lang='lat' dir='ltr'><strong>reprehensione</strong></span> <span class='ocrx_word' id='word_1_450' title='bbox 1279 1412 1328 1432; x_wconf 92' lang='lat' dir='ltr'><strong>sua</strong></span> <span class='ocrx_word' id='word_1_451' title='bbox 1340 1405 1437 1437; x_wconf 86' lang='lat' dir='ltr'><strong>amica,</strong></span> <span class='ocrx_word' id='word_1_452' title='bbox 1453 1410 1594 1440; x_wconf 89' lang='lat' dir='ltr'><strong>peccatum</strong></span> <span class='ocrx_word' id='word_1_453' title='bbox 1612 1410 1642 1433; x_wconf 91' lang='lat' dir='ltr'><strong>ut</strong></span> <span class='ocrx_word' id='word_1_454' title='bbox 1657 1406 1750 1433; x_wconf 88' lang='lat' dir='ltr'><strong>videre</strong></span> 
     </span>
    </p>
   </div>
   <div class='ocr_carea' id='block_1_60' title="bbox 956 1451 1749 1489">
    <p class='ocr_par' dir='ltr' id='par_1_60' title="bbox 956 1451 1749 1489">
     <span class='ocr_line' id='line_1_60' title="bbox 956 1451 1749 1489; baseline 0.001 -10"><span class='ocrx_word' id='word_1_455' title='bbox 956 1452 1045 1489; x_wconf 85' lang='lat' dir='ltr'><strong>possis</strong></span> <span class='ocrx_word' id='word_1_456' title='bbox 1059 1453 1168 1485; x_wconf 87' lang='lat' dir='ltr'><strong>melius,</strong></span> <span class='ocrx_word' id='word_1_457' title='bbox 1187 1451 1304 1479; x_wconf 80' lang='lat' dir='ltr'><strong>eiiicient</strong></span> <span class='ocrx_word' id='word_1_458' title='bbox 1320 1460 1327 1484; x_wconf 90' lang='lat'>;</span> <span class='ocrx_word' id='word_1_459' title='bbox 1346 1452 1419 1486; x_wconf 86' lang='lat' dir='ltr'><strong>quod</strong></span> <span class='ocrx_word' id='word_1_460' title='bbox 1436 1452 1458 1479; x_wconf 92' lang='lat' dir='ltr'><strong>si</strong></span> <span class='ocrx_word' id='word_1_461' title='bbox 1474 1460 1542 1487; x_wconf 91' lang='lat' dir='ltr'><strong>opus</strong></span> <span class='ocrx_word' id='word_1_462' title='bbox 1552 1452 1586 1480; x_wconf 87' lang='lat' dir='ltr'><strong>sit</strong></span> <span class='ocrx_word' id='word_1_463' title='bbox 1600 1452 1671 1488; x_wconf 88' lang='lat' dir='ltr'><strong>apud</strong></span> <span class='ocrx_word' id='word_1_464' title='bbox 1684 1452 1749 1480; x_wconf 84' lang='lat' dir='ltr'><strong>alie-</strong></span> 
     </span>
    </p>
   </div>
   <div class='ocr_carea' id='block_1_61' title="bbox 957 1497 1750 1531">
    <p class='ocr_par' dir='ltr' id='par_1_61' title="bbox 957 1497 1750 1531">
     <span class='ocr_line' id='line_1_61' title="bbox 957 1497 1750 1531; baseline -0.003 -4"><span class='ocrx_word' id='word_1_465' title='bbox 957 1507 1008 1527; x_wconf 89' lang='lat' dir='ltr'><strong>nos</strong></span> <span class='ocrx_word' id='word_1_466' title='bbox 1027 1499 1062 1527; x_wconf 89' lang='lat' dir='ltr'><strong>de</strong></span> <span class='ocrx_word' id='word_1_467' title='bbox 1081 1507 1115 1527; x_wconf 90' lang='lat' dir='ltr'><strong>eo</strong></span> <span class='ocrx_word' id='word_1_468' title='bbox 1127 1498 1210 1526; x_wconf 89' lang='lat' dir='ltr'><strong>verba</strong></span> <span class='ocrx_word' id='word_1_469' title='bbox 1231 1498 1331 1531; x_wconf 86' lang='lat' dir='ltr'><strong>facere,</strong></span> <span class='ocrx_word' id='word_1_470' title='bbox 1351 1505 1404 1524; x_wconf 87' lang='lat' dir='ltr'><strong>non</strong></span> <span class='ocrx_word' id='word_1_471' title='bbox 1421 1497 1457 1525; x_wconf 94' lang='lat' dir='ltr'><strong>illi</strong></span> <span class='ocrx_word' id='word_1_472' title='bbox 1483 1499 1684 1526; x_wconf 83' lang='lat' dir='ltr'><strong>accusationem</strong></span> <span class='ocrx_word' id='word_1_473' title='bbox 1702 1499 1750 1526; x_wconf 81' lang='lat' dir='ltr'><strong>sed</strong></span> 
     </span>
    </p>
   </div>
   <div class='ocr_carea' id='block_1_62' title="bbox 119 1544 906 1587">
    <p class='ocr_par' dir='ltr' id='par_1_62' title="bbox 119 1546 906 1587">
     <span class='ocr_line' id='line_1_62' title="bbox 119 1546 906 1587; baseline 0.013 -15"><span class='ocrx_word' id='word_1_474' title='bbox 119 1546 248 1580; x_wconf 84' lang='grc' dir='ltr'>διαλύειν,</span> <span class='ocrx_word' id='word_1_475' title='bbox 264 1549 390 1576; x_wconf 84' lang='grc' dir='ltr'>τοσοῦτον</span> <span class='ocrx_word' id='word_1_476' title='bbox 402 1550 443 1577; x_wconf 88' lang='grc' dir='ltr'><strong>δεῖ</strong></span> <span class='ocrx_word' id='word_1_477' title='bbox 454 1551 529 1587; x_wconf 82' lang='grc' dir='ltr'>παρὰ</span> <span class='ocrx_word' id='word_1_478' title='bbox 547 1553 589 1580; x_wconf 69' lang='grc' dir='ltr'>σοὶ</span> <span class='ocrx_word' id='word_1_479' title='bbox 614 1553 678 1584; x_wconf 85' lang='grc' dir='ltr'>τοὺς</span> <span class='ocrx_word' id='word_1_480' title='bbox 701 1552 796 1586; x_wconf 76' lang='grc' dir='ltr'>εὖνους</span> <span class='ocrx_word' id='word_1_481' title='bbox 822 1555 906 1582; x_wconf 78' lang='grc' dir='ltr'>πλέον</span> 
     </span>
    </p>
   </div>
   <div class='ocr_carea' id='block_1_63' title="bbox 958 1544 1751 1587">
    <p class='ocr_par' dir='ltr' id='par_1_63' title="bbox 958 1544 1751 1582">
     <span class='ocr_line' id='line_1_63' title="bbox 958 1544 1751 1582; baseline -0.004 -8"><span class='ocrx_word' id='word_1_482' title='bbox 958 1545 1108 1582; x_wconf 83' lang='lat' dir='ltr'><strong>apologiam</strong></span> <span class='ocrx_word' id='word_1_483' title='bbox 1138 1545 1315 1573; x_wconf 88' lang='lat' dir='ltr'><strong>meditantur.</strong></span> <span class='ocrx_word' id='word_1_484' title='bbox 1330 1544 1360 1571; x_wconf 87' lang='lat' dir='ltr'><strong>in</strong></span> <span class='ocrx_word' id='word_1_485' title='bbox 1378 1549 1511 1579; x_wconf 90' lang='lat' dir='ltr'><strong>quantum</strong></span> <span class='ocrx_word' id='word_1_486' title='bbox 1534 1544 1616 1580; x_wconf 78' lang='lat' dir='ltr'><strong>igitur</strong></span> <span class='ocrx_word' id='word_1_487' title='bbox 1640 1545 1751 1571; x_wconf 83' lang='lat' dir='ltr'><strong>virtutis</strong></span> 
     </span>
    </p>
   </div>
   <div class='ocr_carea' id='block_1_64' title="bbox 120 1590 404 1627">
    <p class='ocr_par' dir='ltr' id='par_1_64' title="bbox 120 1590 404 1627">
     <span class='ocr_line' id='line_1_64' title="bbox 120 1590 404 1627; baseline 0.018 -10"><span class='ocrx_word' id='word_1_488' title='bbox 120 1590 193 1627; x_wconf 80' lang='grc' dir='ltr'>ἔχειν</span> <span class='ocrx_word' id='word_1_489' title='bbox 203 1593 258 1620; x_wconf 88' lang='grc' dir='ltr'>τῶν</span> <span class='ocrx_word' id='word_1_490' title='bbox 270 1593 404 1622; x_wconf 81' lang='grc' dir='ltr'><strong>κολάκων.</strong></span> 
     </span>
    </p>
   </div>
   <div class='ocr_carea' id='block_1_65' title="bbox 156 1769 905 1816">
    <p class='ocr_par' dir='ltr' id='par_1_65' title="bbox 156 1769 905 1816">
     <span class='ocr_line' id='line_1_65' title="bbox 156 1769 905 1816; baseline 0.019 -22"><span class='ocrx_word' id='word_1_491' title='bbox 156 1770 210 1804; x_wconf 87' lang='grc' dir='ltr'>μα’.</span> <span class='ocrx_word' id='word_1_492' title='bbox 227 1769 483 1816; x_wconf 17' lang='grc' dir='ltr'>Τῶννάπορρήτων,</span> <span class='ocrx_word' id='word_1_493' title='bbox 499 1773 518 1801; x_wconf 79' lang='grc' dir='ltr'>ἃ</span> <span class='ocrx_word' id='word_1_494' title='bbox 541 1774 591 1809; x_wconf 85' lang='grc' dir='ltr'>μὲν</span> <span class='ocrx_word' id='word_1_495' title='bbox 609 1775 659 1812; x_wconf 81' lang='grc' dir='ltr'>τὴν</span> <span class='ocrx_word' id='word_1_496' title='bbox 667 1773 724 1813; x_wconf 83' lang='grc' dir='ltr'>’σὴν</span> <span class='ocrx_word' id='word_1_497' title='bbox 739 1778 839 1816; x_wconf 74' lang='grc' dir='ltr'>ἀρετὴν</span> <span class='ocrx_word' id='word_1_498' title='bbox 855 1780 905 1808; x_wconf 84' lang='grc' dir='ltr'>αύ-</span> 
     </span>
    </p>
   </div>
   <div class='ocr_carea' id='block_1_66' title="bbox 119 1813 905 1860">
    <p class='ocr_par' dir='ltr' id='par_1_66' title="bbox 119 1813 905 1860">
     <span class='ocr_line' id='line_1_66' title="bbox 119 1813 905 1860; baseline 0.017 -20"><span class='ocrx_word' id='word_1_499' title='bbox 119 1813 206 1860; x_wconf 72' lang='grc' dir='ltr'>ξὰνει,</span> <span class='ocrx_word' id='word_1_500' title='bbox 221 1815 346 1843; x_wconf 81' lang='grc' dir='ltr'>κοινώνει</span> <span class='ocrx_word' id='word_1_501' title='bbox 358 1819 416 1849; x_wconf 86' lang='grc' dir='ltr'>τοῖς</span> <span class='ocrx_word' id='word_1_502' title='bbox 432 1818 533 1853; x_wconf 85' lang='grc' dir='ltr'>φίλοις·</span> <span class='ocrx_word' id='word_1_503' title='bbox 547 1820 565 1847; x_wconf 81' lang='grc' dir='ltr'>ἃ</span> <span class='ocrx_word' id='word_1_504' title='bbox 577 1820 605 1847; x_wconf 82' lang='grc' dir='ltr'>δὲ</span> <span class='ocrx_word' id='word_1_505' title='bbox 618 1821 667 1857; x_wconf 89' lang='grc' dir='ltr'>τὴν</span> <span class='ocrx_word' id='word_1_506' title='bbox 682 1813 794 1860; x_wconf 79' lang='grc' dir='ltr'>γνώμην</span> <span class='ocrx_word' id='word_1_507' title='bbox 808 1813 905 1860; x_wconf 70' lang='grc' dir='ltr'>φαυλί-</span> 
     </span>
    </p>
   </div>
   <div class='ocr_carea' id='block_1_67' title="bbox 119 1858 903 1902">
    <p class='ocr_par' dir='ltr' id='par_1_67' title="bbox 119 1858 903 1902">
     <span class='ocr_line' id='line_1_67' title="bbox 119 1858 903 1902; baseline 0.017 -16"><span class='ocrx_word' id='word_1_508' title='bbox 119 1858 172 1892; x_wconf 76' lang='grc' dir='ltr'>ζει,</span> <span class='ocrx_word' id='word_1_509' title='bbox 187 1861 250 1896; x_wconf 84' lang='grc' dir='ltr'>μήτ’</span> <span class='ocrx_word' id='word_1_510' title='bbox 265 1861 346 1894; x_wconf 81' lang='grc' dir='ltr'>αὐτὸς</span> <span class='ocrx_word' id='word_1_511' title='bbox 360 1863 504 1898; x_wconf 83' lang='grc' dir='ltr'>μετέρχου,</span> <span class='ocrx_word' id='word_1_512' title='bbox 519 1866 586 1900; x_wconf 85' lang='grc' dir='ltr'>μήτε</span> <span class='ocrx_word' id='word_1_513' title='bbox 598 1868 656 1898; x_wconf 80' lang='grc' dir='ltr'>τοῖς</span> <span class='ocrx_word' id='word_1_514' title='bbox 672 1858 759 1902; x_wconf 79' lang='grc' dir='ltr'>φίλοις</span> <span class='ocrx_word' id='word_1_515' title='bbox 772 1858 903 1899; x_wconf 70' lang='grc' dir='ltr'>ἀνατίθειο</span> 
     </span>
    </p>
   </div>
   <div class='ocr_carea' id='block_1_68' title="bbox 118 1904 904 1951">
    <p class='ocr_par' dir='ltr' id='par_1_68' title="bbox 118 1904 904 1951">
     <span class='ocr_line' id='line_1_68' title="bbox 118 1904 904 1951; baseline 0.019 -21"><span class='ocrx_word' id='word_1_516' title='bbox 118 1904 230 1951; x_wconf 82' lang='grc' dir='ltr'>ἄριστον</span> <span class='ocrx_word' id='word_1_517' title='bbox 258 1905 308 1941; x_wconf 81' lang='grc' dir='ltr'>μὲν</span> <span class='ocrx_word' id='word_1_518' title='bbox 333 1907 389 1943; x_wconf 87' lang='grc' dir='ltr'><strong>γὰρ</strong></span> <span class='ocrx_word' id='word_1_519' title='bbox 407 1908 486 1935; x_wconf 81' lang='grc' dir='ltr'>τοῦτο</span> <span class='ocrx_word' id='word_1_520' title='bbox 506 1909 552 1936; x_wconf 82' lang='grc' dir='ltr'>καὶ</span> <span class='ocrx_word' id='word_1_521' title='bbox 575 1912 659 1947; x_wconf 75' lang='grc' dir='ltr'>χωρὶς</span> <span class='ocrx_word' id='word_1_522' title='bbox 683 1913 772 1946; x_wconf 84' lang='grc' dir='ltr'>αἰτίας</span> <span class='ocrx_word' id='word_1_523' title='bbox 796 1916 904 1951; x_wconf 81' lang='grc' dir='ltr'>ἑτέρας.</span> 
     </span>
    </p>
   </div>
   <div class='ocr_carea' id='block_1_69' title="bbox 118 1950 902 1997">
    <p class='ocr_par' dir='ltr' id='par_1_69' title="bbox 118 1950 902 1997">
     <span class='ocr_line' id='line_1_69' title="bbox 118 1950 902 1997; baseline 0.018 -21"><span class='ocrx_word' id='word_1_524' title='bbox 118 1950 194 1997; x_wconf 63' lang='grc' dir='ltr'>Πλὴν</span> <span class='ocrx_word' id='word_1_525' title='bbox 204 1959 236 1985; x_wconf 86' lang='grc' dir='ltr'><strong>γε</strong></span> <span class='ocrx_word' id='word_1_526' title='bbox 247 1951 291 1987; x_wconf 86' lang='grc' dir='ltr'>δὴ,</span> <span class='ocrx_word' id='word_1_527' title='bbox 304 1953 351 1979; x_wconf 81' lang='grc' dir='ltr'>καὶ</span> <span class='ocrx_word' id='word_1_528' title='bbox 364 1954 404 1985; x_wconf 88' lang='grc' dir='ltr'><strong>είς</strong></span> <span class='ocrx_word' id='word_1_529' title='bbox 415 1954 507 1990; x_wconf 88' lang='grc' dir='ltr'>κόρον,</span> <span class='ocrx_word' id='word_1_530' title='bbox 528 1953 573 1983; x_wconf 80' lang='grc' dir='ltr'>οἷα</span> <span class='ocrx_word' id='word_1_531' title='bbox 587 1957 673 1984; x_wconf 81' lang='grc' dir='ltr'>πολλὰ</span> <span class='ocrx_word' id='word_1_532' title='bbox 686 1959 720 1986; x_wconf 85' lang='grc' dir='ltr'><strong>τὰ</strong></span> <span class='ocrx_word' id='word_1_533' title='bbox 733 1950 902 1997; x_wconf 74' lang='grc' dir='ltr'>ἀνθρώπινα,</span> 
     </span>
    </p>
   </div>
   <div class='ocr_carea' id='block_1_70' title="bbox 117 1995 905 2041">
    <p class='ocr_par' dir='ltr' id='par_1_70' title="bbox 117 1995 905 2041">
     <span class='ocr_line' id='line_1_70' title="bbox 117 1995 905 2041; baseline 0.019 -20"><span class='ocrx_word' id='word_1_534' title='bbox 117 1995 165 2022; x_wconf 82' lang='grc' dir='ltr'>τοῦ</span> <span class='ocrx_word' id='word_1_535' title='bbox 180 1997 294 2033; x_wconf 84' lang='grc' dir='ltr'>φίλτρου</span> <span class='ocrx_word' id='word_1_536' title='bbox 312 1999 473 2034; x_wconf 77' lang='grc' dir='ltr'>τραπέντος,</span> <span class='ocrx_word' id='word_1_537' title='bbox 490 2001 591 2036; x_wconf 76' lang='grc' dir='ltr'>μᾶλλον</span> <span class='ocrx_word' id='word_1_538' title='bbox 605 2004 656 2039; x_wconf 84' lang='grc' dir='ltr'>τῆς</span> <span class='ocrx_word' id='word_1_539' title='bbox 670 1995 858 2041; x_wconf 70' lang='grc' dir='ltr'>παραινέσεως</span> <span class='ocrx_word' id='word_1_540' title='bbox 874 1995 905 2036; x_wconf 82' lang='grc' dir='ltr'><strong>τδ</strong></span> 
     </span>
    </p>
   </div>
   <div class='ocr_carea' id='block_1_71' title="bbox 118 2041 905 2090">
    <p class='ocr_par' dir='ltr' id='par_1_71' title="bbox 118 2041 905 2090">
     <span class='ocr_line' id='line_1_71' title="bbox 118 2041 905 2090; baseline 0.018 -23"><span class='ocrx_word' id='word_1_541' title='bbox 118 2041 252 2090; x_wconf 74' lang='grc' dir='ltr'>χρήσιμον</span> <span class='ocrx_word' id='word_1_542' title='bbox 268 2043 435 2090; x_wconf 80' lang='grc' dir='ltr'>καθορᾶται”</span> <span class='ocrx_word' id='word_1_543' title='bbox 457 2045 486 2072; x_wconf 85' lang='grc' dir='ltr'>τὸ</span> <span class='ocrx_word' id='word_1_544' title='bbox 504 2047 554 2082; x_wconf 87' lang='grc' dir='ltr'>μὲν</span> <span class='ocrx_word' id='word_1_545' title='bbox 570 2048 627 2084; x_wconf 80' lang='grc' dir='ltr'><strong>γὰρ</strong></span> <span class='ocrx_word' id='word_1_546' title='bbox 647 2050 748 2084; x_wconf 84' lang='grc' dir='ltr'>φαῦλον</span> <span class='ocrx_word' id='word_1_547' title='bbox 768 2051 822 2079; x_wconf 88' lang='grc' dir='ltr'><strong>τῶν</strong></span> <span class='ocrx_word' id='word_1_548' title='bbox 838 2062 905 2090; x_wconf 84' lang='grc' dir='ltr'>κρυ-</span> 
     </span>
    </p>
   </div>
   <div class='ocr_carea' id='block_1_72' title="bbox 119 2086 905 2131">
    <p class='ocr_par' dir='ltr' id='par_1_72' title="bbox 119 2086 905 2131">
     <span class='ocr_line' id='line_1_72' title="bbox 119 2086 905 2131; baseline 0.018 -19"><span class='ocrx_word' id='word_1_549' title='bbox 119 2086 198 2120; x_wconf 86' lang='grc' dir='ltr'>φίων,</span> <span class='ocrx_word' id='word_1_550' title='bbox 209 2089 269 2114; x_wconf 86' lang='grc' dir='ltr'>τότε</span> <span class='ocrx_word' id='word_1_551' title='bbox 283 2089 401 2124; x_wconf 88' lang='grc' dir='ltr'>μάλιστα</span> <span class='ocrx_word' id='word_1_552' title='bbox 411 2092 474 2124; x_wconf 79' lang='grc' dir='ltr'>τοὺς</span> <span class='ocrx_word' id='word_1_553' title='bbox 485 2092 631 2129; x_wconf 84' lang='grc' dir='ltr'>λογισμοὺς</span> <span class='ocrx_word' id='word_1_554' title='bbox 642 2095 690 2122; x_wconf 82' lang='grc' dir='ltr'>τοῦ</span> <span class='ocrx_word' id='word_1_555' title='bbox 703 2086 905 2131; x_wconf 74' lang='grc' dir='ltr'>συνεγνωκότος</span> 
     </span>
    </p>
   </div>
   <div class='ocr_carea' id='block_1_73' title="bbox 119 2131 904 2172">
    <p class='ocr_par' dir='ltr' id='par_1_73' title="bbox 119 2131 904 2172">
     <span class='ocr_line' id='line_1_73' title="bbox 119 2131 904 2172; baseline 0.02 -16"><span class='ocrx_word' id='word_1_556' title='bbox 119 2131 270 2167; x_wconf 85' lang='grc' dir='ltr'>ὑποτρέχον</span> <span class='ocrx_word' id='word_1_557' title='bbox 283 2134 331 2160; x_wconf 79' lang='grc' dir='ltr'>καὶ</span> <span class='ocrx_word' id='word_1_558' title='bbox 348 2135 537 2171; x_wconf 86' lang='grc' dir='ltr'>διακυμαῖνον,</span> <span class='ocrx_word' id='word_1_559' title='bbox 556 2139 651 2168; x_wconf 79' lang='grc' dir='ltr'>θᾶττόν</span> <span class='ocrx_word' id='word_1_560' title='bbox 666 2150 695 2168; x_wconf 89' lang='grc' dir='ltr'><strong>τε</strong></span> <span class='ocrx_word' id='word_1_561' title='bbox 706 2161 713 2172; x_wconf 88' lang='grc'><strong>,</strong></span> <span class='ocrx_word' id='word_1_562' title='bbox 730 2143 778 2170; x_wconf 77' lang='grc' dir='ltr'><strong>καὶ</strong></span> <span class='ocrx_word' id='word_1_563' title='bbox 794 2144 843 2171; x_wconf 90' lang='grc' dir='ltr'>σὺν</span> <span class='ocrx_word' id='word_1_564' title='bbox 857 2146 904 2172; x_wconf 85' lang='grc' dir='ltr'>ού-</span> 
     </span>
    </p>
   </div>
   <div class='ocr_carea' id='block_1_74' title="bbox 118 2176 904 2224">
    <p class='ocr_par' dir='ltr' id='par_1_74' title="bbox 118 2176 904 2224">
     <span class='ocr_line' id='line_1_74' title="bbox 118 2176 904 2224; baseline 0.022 -23"><span class='ocrx_word' id='word_1_565' title='bbox 118 2176 174 2203; x_wconf 83' lang='grc' dir='ltr'>δενὶ</span> <span class='ocrx_word' id='word_1_566' title='bbox 193 2176 277 2224; x_wconf 78' lang='grc' dir='ltr'>ὄκνῳ.</span> <span class='ocrx_word' id='word_1_567' title='bbox 295 2179 344 2213; x_wconf 84' lang='grc' dir='ltr'>τῆς</span> <span class='ocrx_word' id='word_1_568' title='bbox 364 2181 474 2216; x_wconf 78' lang='grc' dir='ltr'>ἀγάπης</span> <span class='ocrx_word' id='word_1_569' title='bbox 495 2184 666 2221; x_wconf 86' lang='grc' dir='ltr'>ἀποστήσει,</span> <span class='ocrx_word' id='word_1_570' title='bbox 690 2188 738 2215; x_wconf 77' lang='grc' dir='ltr'>καὶ</span> <span class='ocrx_word' id='word_1_571' title='bbox 759 2190 827 2224; x_wconf 86' lang='grc' dir='ltr'>πρὸς</span> <span class='ocrx_word' id='word_1_572' title='bbox 843 2191 904 2218; x_wconf 80' lang='grc' dir='ltr'>ἐπι-</span> 
     </span>
    </p>
   </div>
   <div class='ocr_carea' id='block_1_75' title="bbox 119 2223 900 2271">
    <p class='ocr_par' dir='ltr' id='par_1_75' title="bbox 119 2223 900 2271">
     <span class='ocr_line' id='line_1_75' title="bbox 119 2223 900 2271; baseline 0.022 -24"><span class='ocrx_word' id='word_1_573' title='bbox 119 2223 238 2271; x_wconf 68' lang='grc' dir='ltr'>στροφὴν</span> <span class='ocrx_word' id='word_1_574' title='bbox 255 2224 317 2251; x_wconf 83' lang='grc' dir='ltr'><strong>ίδείν</strong></span> <span class='ocrx_word' id='word_1_575' title='bbox 340 2226 390 2252; x_wconf 83' lang='grc' dir='ltr'>οὐκ</span> <span class='ocrx_word' id='word_1_576' title='bbox 408 2228 495 2255; x_wconf 78' lang='grc' dir='ltr'>ἐάσει·</span> <span class='ocrx_word' id='word_1_577' title='bbox 516 2230 558 2256; x_wconf 87' lang='grc' dir='ltr'><strong>σοί</strong></span> <span class='ocrx_word' id='word_1_578' title='bbox 578 2239 608 2257; x_wconf 89' lang='grc' dir='ltr'><strong>τε</strong></span> <span class='ocrx_word' id='word_1_579' title='bbox 627 2231 753 2269; x_wconf 80' lang='grc' dir='ltr'>διαὸολὴν</span> <span class='ocrx_word' id='word_1_580' title='bbox 772 2223 900 2271; x_wconf 65' lang='grc' dir='ltr'>βαρεῖαν,</span> 
     </span>
    </p>
   </div>
   <div class='ocr_carea' id='block_1_76' title="bbox 955 1590 1750 1627">
    <p class='ocr_par' dir='ltr' id='par_1_76' title="bbox 955 1590 1750 1627">
     <span class='ocr_line' id='line_1_76' title="bbox 955 1590 1750 1627; baseline -0.005 -6"><span class='ocrx_word' id='word_1_581' title='bbox 955 1592 1114 1622; x_wconf 84' lang='lat' dir='ltr'><strong>exercitium</strong></span> <span class='ocrx_word' id='word_1_582' title='bbox 1129 1598 1304 1627; x_wconf 83' lang='lat' dir='ltr'><strong>progressum</strong></span> <span class='ocrx_word' id='word_1_583' title='bbox 1317 1590 1346 1617; x_wconf 91' lang='lat' dir='ltr'><strong>in</strong></span> <span class='ocrx_word' id='word_1_584' title='bbox 1367 1590 1447 1618; x_wconf 89' lang='lat' dir='ltr'><strong>malis</strong></span> <span class='ocrx_word' id='word_1_585' title='bbox 1461 1591 1608 1623; x_wconf 83' lang='lat' dir='ltr'><strong>antecedit,</strong></span> <span class='ocrx_word' id='word_1_586' title='bbox 1623 1595 1650 1617; x_wconf 89' lang='lat' dir='ltr'><strong>et</strong></span> <span class='ocrx_word' id='word_1_587' title='bbox 1663 1591 1750 1618; x_wconf 89' lang='lat' dir='ltr'><strong>satius</strong></span> 
     </span>
    </p>
   </div>
   <div class='ocr_carea' id='block_1_77' title="bbox 955 1637 1751 1675">
    <p class='ocr_par' dir='ltr' id='par_1_77' title="bbox 955 1637 1751 1675">
     <span class='ocr_line' id='line_1_77' title="bbox 955 1637 1751 1675; baseline -0.005 -7"><span class='ocrx_word' id='word_1_588' title='bbox 955 1645 998 1668; x_wconf 86' lang='lat' dir='ltr'><strong>est</strong></span> <span class='ocrx_word' id='word_1_589' title='bbox 1021 1639 1092 1675; x_wconf 86' lang='lat' dir='ltr'><strong>apud</strong></span> <span class='ocrx_word' id='word_1_590' title='bbox 1107 1638 1245 1673; x_wconf 83' lang='lat' dir='ltr'><strong>subjectos</strong></span> <span class='ocrx_word' id='word_1_591' title='bbox 1272 1637 1435 1665; x_wconf 86' lang='lat' dir='ltr'><strong>criminibus</strong></span> <span class='ocrx_word' id='word_1_592' title='bbox 1450 1637 1553 1664; x_wconf 89' lang='lat' dir='ltr'><strong>absolvi</strong></span> <span class='ocrx_word' id='word_1_593' title='bbox 1570 1645 1652 1672; x_wconf 89' lang='lat' dir='ltr'><strong>quam</strong></span> <span class='ocrx_word' id='word_1_594' title='bbox 1672 1644 1751 1665; x_wconf 86' lang='lat' dir='ltr'><strong>accu&#39;</strong></span> 
     </span>
    </p>
   </div>
   <div class='ocr_carea' id='block_1_78' title="bbox 955 1684 1749 1720">
    <p class='ocr_par' dir='ltr' id='par_1_78' title="bbox 955 1684 1749 1720">
     <span class='ocr_line' id='line_1_78' title="bbox 955 1684 1749 1720; baseline -0.003 -6"><span class='ocrx_word' id='word_1_595' title='bbox 955 1687 1020 1719; x_wconf 85' lang='lat' dir='ltr'><strong>sari,</strong></span> <span class='ocrx_word' id='word_1_596' title='bbox 1043 1686 1071 1713; x_wconf 91' lang='lat' dir='ltr'><strong>in</strong></span> <span class='ocrx_word' id='word_1_597' title='bbox 1084 1689 1187 1712; x_wconf 90' lang='lat' dir='ltr'><strong>tantum</strong></span> <span class='ocrx_word' id='word_1_598' title='bbox 1203 1690 1230 1712; x_wconf 86' lang='lat' dir='ltr'><strong>te</strong></span> <span class='ocrx_word' id='word_1_599' title='bbox 1247 1689 1357 1720; x_wconf 89' lang='lat' dir='ltr'><strong>oportet</strong></span> <span class='ocrx_word' id='word_1_600' title='bbox 1371 1684 1519 1712; x_wconf 89' lang='lat' dir='ltr'><strong>benevolos</strong></span> <span class='ocrx_word' id='word_1_601' title='bbox 1533 1684 1661 1712; x_wconf 90' lang='lat' dir='ltr'><strong>omnibus</strong></span> <span class='ocrx_word' id='word_1_602' title='bbox 1685 1685 1749 1712; x_wconf 90' lang='lat' dir='ltr'><strong>adu-</strong></span> 
     </span>
    </p>
   </div>
   <div class='ocr_carea' id='block_1_79' title="bbox 955 1731 1248 1760">
    <p class='ocr_par' dir='ltr' id='par_1_79' title="bbox 955 1731 1248 1760">
     <span class='ocr_line' id='line_1_79' title="bbox 955 1731 1248 1760; baseline -0.007 0"><span class='ocrx_word' id='word_1_603' title='bbox 955 1732 1086 1760; x_wconf 85' lang='lat' dir='ltr'><strong>latoribus</strong></span> <span class='ocrx_word' id='word_1_604' title='bbox 1100 1731 1248 1759; x_wconf 81' lang='lat' dir='ltr'><strong>anteferre.</strong></span> 
     </span>
    </p>
   </div>
   <div class='ocr_carea' id='block_1_80' title="bbox 990 1778 1743 1814">
    <p class='ocr_par' dir='ltr' id='par_1_80' title="bbox 990 1778 1743 1814">
     <span class='ocr_line' id='line_1_80' title="bbox 990 1778 1743 1814; baseline -0.001 -8"><span class='ocrx_word' id='word_1_605' title='bbox 990 1780 1036 1807; x_wconf 76' lang='grc'><strong>41.</strong></span> <span class='ocrx_word' id='word_1_606' title='bbox 1051 1779 1088 1806; x_wconf 86' lang='lat' dir='ltr'><strong>De</strong></span> <span class='ocrx_word' id='word_1_607' title='bbox 1107 1779 1229 1811; x_wconf 86' lang='lat' dir='ltr'><strong>secretis.</strong></span> <span class='ocrx_word' id='word_1_608' title='bbox 1247 1779 1291 1806; x_wconf 92' lang='lat' dir='ltr'><strong>illa</strong></span> <span class='ocrx_word' id='word_1_609' title='bbox 1302 1778 1401 1814; x_wconf 90' lang='lat' dir='ltr'><strong>quibus</strong></span> <span class='ocrx_word' id='word_1_610' title='bbox 1414 1779 1442 1806; x_wconf 89' lang='lat' dir='ltr'><strong>in</strong></span> <span class='ocrx_word' id='word_1_611' title='bbox 1455 1783 1483 1806; x_wconf 88' lang='lat' dir='ltr'><strong>te</strong></span> <span class='ocrx_word' id='word_1_612' title='bbox 1498 1779 1608 1806; x_wconf 91' lang='lat' dir='ltr'><strong>virtutis</strong></span> <span class='ocrx_word' id='word_1_613' title='bbox 1622 1778 1743 1806; x_wconf 87' lang='lat' dir='ltr'><strong>studiutn</strong></span> 
     </span>
    </p>
   </div>
   <div class='ocr_carea' id='block_1_81' title="bbox 956 1824 1748 1861">
    <p class='ocr_par' dir='ltr' id='par_1_81' title="bbox 956 1824 1748 1861">
     <span class='ocr_line' id='line_1_81' title="bbox 956 1824 1748 1861; baseline -0.003 -8"><span class='ocrx_word' id='word_1_614' title='bbox 956 1831 1086 1861; x_wconf 78' lang='lat' dir='ltr'><strong>augeatur</strong></span> <span class='ocrx_word' id='word_1_615' title='bbox 1108 1825 1203 1852; x_wconf 89' lang='lat' dir='ltr'><strong>amicis</strong></span> <span class='ocrx_word' id='word_1_616' title='bbox 1218 1825 1337 1860; x_wconf 84' lang='lat' dir='ltr'><strong>imperti.</strong></span> <span class='ocrx_word' id='word_1_617' title='bbox 1364 1824 1418 1852; x_wconf 90' lang='lat' dir='ltr'><strong>Sed</strong></span> <span class='ocrx_word' id='word_1_618' title='bbox 1430 1833 1490 1860; x_wconf 84' lang='lat' dir='ltr'><strong>quae</strong></span> <span class='ocrx_word' id='word_1_619' title='bbox 1502 1825 1633 1859; x_wconf 85' lang='lat' dir='ltr'><strong>judicium</strong></span> <span class='ocrx_word' id='word_1_620' title='bbox 1649 1825 1748 1859; x_wconf 58' lang='lat' dir='ltr'><strong>deprav</strong></span> 
     </span>
    </p>
   </div>
   <div class='ocr_carea' id='block_1_82' title="bbox 955 1869 1744 1905">
    <p class='ocr_par' dir='ltr' id='par_1_82' title="bbox 955 1869 1744 1905">
     <span class='ocr_line' id='line_1_82' title="bbox 955 1869 1744 1905; baseline -0.003 -6"><span class='ocrx_word' id='word_1_621' title='bbox 955 1876 1030 1904; x_wconf 82' lang='lat' dir='ltr'><strong>vant,</strong></span> <span class='ocrx_word' id='word_1_622' title='bbox 1058 1871 1103 1899; x_wconf 88' lang='lat' dir='ltr'><strong>illa</strong></span> <span class='ocrx_word' id='word_1_623' title='bbox 1122 1879 1173 1898; x_wconf 87' lang='lat' dir='ltr'><strong>nec</strong></span> <span class='ocrx_word' id='word_1_624' title='bbox 1193 1871 1299 1904; x_wconf 92' lang='lat' dir='ltr'><strong>actites,</strong></span> <span class='ocrx_word' id='word_1_625' title='bbox 1325 1878 1376 1898; x_wconf 90' lang='lat' dir='ltr'><strong>nec</strong></span> <span class='ocrx_word' id='word_1_626' title='bbox 1395 1869 1466 1905; x_wconf 93' lang='lat' dir='ltr'><strong>apud</strong></span> <span class='ocrx_word' id='word_1_627' title='bbox 1490 1870 1594 1897; x_wconf 86' lang='lat' dir='ltr'><strong>amicos</strong></span> <span class='ocrx_word' id='word_1_628' title='bbox 1614 1870 1744 1905; x_wconf 86' lang='lat' dir='ltr'><strong>deponas.</strong></span> 
     </span>
    </p>
   </div>
   <div class='ocr_carea' id='block_1_83' title="bbox 956 1915 1748 1951">
    <p class='ocr_par' dir='ltr' id='par_1_83' title="bbox 956 1915 1748 1951">
     <span class='ocr_line' id='line_1_83' title="bbox 956 1915 1748 1951; baseline -0.003 -7"><span class='ocrx_word' id='word_1_629' title='bbox 956 1916 1003 1944; x_wconf 86' lang='lat' dir='ltr'><strong>Est</strong></span> <span class='ocrx_word' id='word_1_630' title='bbox 1017 1916 1069 1944; x_wconf 91' lang='lat' dir='ltr'><strong>hoc</strong></span> <span class='ocrx_word' id='word_1_631' title='bbox 1091 1916 1201 1951; x_wconf 88' lang='lat' dir='ltr'><strong>quidem</strong></span> <span class='ocrx_word' id='word_1_632' title='bbox 1223 1916 1358 1951; x_wconf 88' lang='lat' dir='ltr'><strong>optintum</strong></span> <span class='ocrx_word' id='word_1_633' title='bbox 1378 1916 1451 1943; x_wconf 79' lang='lat' dir='ltr'><strong>factu</strong></span> <span class='ocrx_word' id='word_1_634' title='bbox 1474 1916 1533 1943; x_wconf 88' lang='lat' dir='ltr'><strong>sine</strong></span> <span class='ocrx_word' id='word_1_635' title='bbox 1563 1915 1618 1942; x_wconf 93' lang='lat' dir='ltr'><strong>ullo</strong></span> <span class='ocrx_word' id='word_1_636' title='bbox 1632 1915 1685 1943; x_wconf 90' lang='lat' dir='ltr'><strong>alio</strong></span> <span class='ocrx_word' id='word_1_637' title='bbox 1707 1923 1748 1943; x_wconf 88' lang='lat' dir='ltr'><strong>re-</strong></span> 
     </span>
    </p>
   </div>
   <div class='ocr_carea' id='block_1_84' title="bbox 955 1961 1745 1998">
    <p class='ocr_par' dir='ltr' id='par_1_84' title="bbox 955 1961 1745 1998">
     <span class='ocr_line' id='line_1_84' title="bbox 955 1961 1745 1998; baseline -0.001 -8"><span class='ocrx_word' id='word_1_638' title='bbox 955 1962 1146 1998; x_wconf 82' lang='lat' dir='ltr'><strong>spectu.Quod</strong></span> <span class='ocrx_word' id='word_1_639' title='bbox 1162 1961 1196 1995; x_wconf 78' lang='lat' dir='ltr'><strong>si,</strong></span> <span class='ocrx_word' id='word_1_640' title='bbox 1212 1966 1241 1989; x_wconf 87' lang='grc' dir='ltr'>ιη</span> <span class='ocrx_word' id='word_1_641' title='bbox 1259 1961 1288 1989; x_wconf 82' lang='lat' dir='ltr'><strong>fit</strong></span> <span class='ocrx_word' id='word_1_642' title='bbox 1303 1962 1330 1988; x_wconf 94' lang='lat' dir='ltr'><strong>in</strong></span> <span class='ocrx_word' id='word_1_643' title='bbox 1348 1961 1475 1989; x_wconf 90' lang='lat' dir='ltr'><strong>humanis</strong></span> <span class='ocrx_word' id='word_1_644' title='bbox 1488 1961 1580 1994; x_wconf 83' lang='lat' dir='ltr'><strong>rebus,</strong></span> <span class='ocrx_word' id='word_1_645' title='bbox 1597 1961 1745 1989; x_wconf 88' lang='lat' dir='ltr'><strong>amicorum</strong></span> 
     </span>
    </p>
   </div>
   <div class='ocr_carea' id='block_1_85' title="bbox 955 2007 1746 2044">
    <p class='ocr_par' dir='ltr' id='par_1_85' title="bbox 955 2007 1746 2044">
     <span class='ocr_line' id='line_1_85' title="bbox 955 2007 1746 2044; baseline -0.003 -8"><span class='ocrx_word' id='word_1_646' title='bbox 955 2010 1067 2037; x_wconf 87' lang='lat' dir='ltr'><strong>satietas</strong></span> <span class='ocrx_word' id='word_1_647' title='bbox 1082 2013 1108 2036; x_wconf 90' lang='lat' dir='ltr'><strong>te</strong></span> <span class='ocrx_word' id='word_1_648' title='bbox 1127 2009 1240 2044; x_wconf 88' lang='lat' dir='ltr'><strong>ceperit,</strong></span> <span class='ocrx_word' id='word_1_649' title='bbox 1265 2007 1310 2035; x_wconf 84' lang='lat' dir='ltr'><strong>hic</strong></span> <span class='ocrx_word' id='word_1_650' title='bbox 1325 2008 1382 2035; x_wconf 89' lang='lat' dir='ltr'><strong>scio</strong></span> <span class='ocrx_word' id='word_1_651' title='bbox 1406 2008 1432 2035; x_wconf 94' lang='lat' dir='ltr'><strong>id</strong></span> <span class='ocrx_word' id='word_1_652' title='bbox 1445 2007 1517 2043; x_wconf 92' lang='lat' dir='ltr'><strong>quod</strong></span> <span class='ocrx_word' id='word_1_653' title='bbox 1541 2007 1608 2035; x_wconf 90' lang='lat' dir='ltr'><strong>utile</strong></span> <span class='ocrx_word' id='word_1_654' title='bbox 1631 2011 1674 2035; x_wconf 87' lang='lat' dir='ltr'><strong>est</strong></span> <span class='ocrx_word' id='word_1_655' title='bbox 1696 2007 1746 2035; x_wconf 86' lang='lat' dir='ltr'><strong>ad-</strong></span> 
     </span>
    </p>
   </div>
   <div class='ocr_carea' id='block_1_86' title="bbox 955 2053 1747 2090">
    <p class='ocr_par' dir='ltr' id='par_1_86' title="bbox 955 2053 1747 2090">
     <span class='ocr_line' id='line_1_86' title="bbox 955 2053 1747 2090; baseline -0.004 -7"><span class='ocrx_word' id='word_1_656' title='bbox 955 2054 1099 2083; x_wconf 86' lang='lat' dir='ltr'><strong>monitioni</strong></span> <span class='ocrx_word' id='word_1_657' title='bbox 1111 2054 1250 2090; x_wconf 70' lang='lat' dir='ltr'><strong>praeferes.</strong></span> <span class='ocrx_word' id='word_1_658' title='bbox 1268 2054 1369 2081; x_wconf 89' lang='lat' dir='ltr'><strong>Malum</strong></span> <span class='ocrx_word' id='word_1_659' title='bbox 1383 2053 1456 2081; x_wconf 90' lang='lat' dir='ltr'><strong>enim</strong></span> <span class='ocrx_word' id='word_1_660' title='bbox 1474 2054 1496 2081; x_wconf 79' lang='lat' dir='ltr'><strong>si</strong></span> <span class='ocrx_word' id='word_1_661' title='bbox 1512 2053 1579 2089; x_wconf 88' lang='lat' dir='ltr'><strong>quid</strong></span> <span class='ocrx_word' id='word_1_662' title='bbox 1590 2054 1617 2080; x_wconf 92' lang='lat' dir='ltr'><strong>in</strong></span> <span class='ocrx_word' id='word_1_663' title='bbox 1633 2054 1747 2081; x_wconf 80' lang='lat' dir='ltr'><strong>secretis</strong></span> 
     </span>
    </p>
   </div>
   <div class='ocr_carea' id='block_1_87' title="bbox 955 2100 1746 2137">
    <p class='ocr_par' dir='ltr' id='par_1_87' title="bbox 955 2100 1746 2137">
     <span class='ocr_line' id='line_1_87' title="bbox 955 2100 1746 2137; baseline -0.005 -6"><span class='ocrx_word' id='word_1_664' title='bbox 955 2103 1046 2136; x_wconf 78' lang='lat' dir='ltr'><strong>fuerit,</strong></span> <span class='ocrx_word' id='word_1_665' title='bbox 1071 2107 1136 2130; x_wconf 92' lang='lat' dir='ltr'><strong>tunc</strong></span> <span class='ocrx_word' id='word_1_666' title='bbox 1147 2102 1280 2137; x_wconf 89' lang='lat' dir='ltr'><strong>imprimis</strong></span> <span class='ocrx_word' id='word_1_667' title='bbox 1300 2105 1419 2128; x_wconf 90' lang='lat' dir='ltr'><strong>mentem</strong></span> <span class='ocrx_word' id='word_1_668' title='bbox 1433 2105 1460 2129; x_wconf 90' lang='lat' dir='ltr'><strong>et</strong></span> <span class='ocrx_word' id='word_1_669' title='bbox 1476 2101 1668 2136; x_wconf 76' lang='lat' dir='ltr'><strong>cogitationem</strong></span> <span class='ocrx_word' id='word_1_670' title='bbox 1696 2100 1746 2128; x_wconf 90' lang='lat' dir='ltr'><strong>ho-</strong></span> 
     </span>
    </p>
   </div>
   <div class='ocr_carea' id='block_1_88' title="bbox 955 2147 1745 2182">
    <p class='ocr_par' dir='ltr' id='par_1_88' title="bbox 955 2147 1745 2182">
     <span class='ocr_line' id='line_1_88' title="bbox 955 2147 1745 2182; baseline -0.004 -6"><span class='ocrx_word' id='word_1_671' title='bbox 955 2149 1035 2176; x_wconf 90' lang='lat' dir='ltr'><strong>minis</strong></span> <span class='ocrx_word' id='word_1_672' title='bbox 1068 2148 1172 2176; x_wconf 91' lang='lat' dir='ltr'><strong>conscii</strong></span> <span class='ocrx_word' id='word_1_673' title='bbox 1194 2147 1309 2182; x_wconf 83' lang='lat' dir='ltr'><strong>alicujus</strong></span> <span class='ocrx_word' id='word_1_674' title='bbox 1338 2148 1460 2181; x_wconf 87' lang='lat' dir='ltr'><strong>subiens,</strong></span> <span class='ocrx_word' id='word_1_675' title='bbox 1493 2147 1609 2174; x_wconf 91' lang='lat' dir='ltr'><strong>tumultu</strong></span> <span class='ocrx_word' id='word_1_676' title='bbox 1640 2147 1745 2181; x_wconf 82' lang='lat' dir='ltr'><strong>implet,</strong></span> 
     </span>
    </p>
   </div>
   <div class='ocr_carea' id='block_1_89' title="bbox 955 2193 1745 2231">
    <p class='ocr_par' dir='ltr' id='par_1_89' title="bbox 955 2193 1745 2231">
     <span class='ocr_line' id='line_1_89' title="bbox 955 2193 1745 2231; baseline -0.005 -8"><span class='ocrx_word' id='word_1_677' title='bbox 955 2195 1115 2231; x_wconf 88' lang='lat' dir='ltr'><strong>quantocius</strong></span> <span class='ocrx_word' id='word_1_678' title='bbox 1138 2198 1212 2222; x_wconf 87' lang='lat' dir='ltr'><strong>certe</strong></span> <span class='ocrx_word' id='word_1_679' title='bbox 1235 2196 1291 2224; x_wconf 74' lang='lat' dir='ltr'><strong>neci</strong></span> <span class='ocrx_word' id='word_1_680' title='bbox 1311 2197 1420 2230; x_wconf 74' lang='lat' dir='ltr'><strong>gravate</strong></span> <span class='ocrx_word' id='word_1_681' title='bbox 1444 2193 1545 2221; x_wconf 88' lang='lat' dir='ltr'><strong>recedit</strong></span> <span class='ocrx_word' id='word_1_682' title='bbox 1565 2193 1599 2220; x_wconf 86' lang='lat' dir='ltr'><strong>ab</strong></span> <span class='ocrx_word' id='word_1_683' title='bbox 1613 2193 1745 2225; x_wconf 89' lang='lat' dir='ltr'><strong>amicitia,</strong></span> 
     </span>
    </p>
   </div>
   <div class='ocr_carea' id='block_1_90' title="bbox 955 2238 1746 2273">
    <p class='ocr_par' dir='ltr' id='par_1_90' title="bbox 955 2238 1746 2273">
     <span class='ocr_line' id='line_1_90' title="bbox 955 2238 1746 2273; baseline -0.005 -4"><span class='ocrx_word' id='word_1_684' title='bbox 955 2242 993 2269; x_wconf 88' lang='lat' dir='ltr'><strong>ita</strong></span> <span class='ocrx_word' id='word_1_685' title='bbox 1008 2246 1101 2269; x_wconf 85' lang='lat' dir='ltr'><strong>utnec</strong></span> <span class='ocrx_word' id='word_1_686' title='bbox 1122 2240 1247 2268; x_wconf 87' lang='lat' dir='ltr'><strong>admittat</strong></span> <span class='ocrx_word' id='word_1_687' title='bbox 1267 2239 1423 2267; x_wconf 90' lang='lat' dir='ltr'><strong>revertendi</strong></span> <span class='ocrx_word' id='word_1_688' title='bbox 1437 2243 1484 2266; x_wconf 88' lang='lat' dir='ltr'><strong>aut</strong></span> <span class='ocrx_word' id='word_1_689' title='bbox 1501 2238 1663 2273; x_wconf 88' lang='lat' dir='ltr'><strong>respiciendi</strong></span> <span class='ocrx_word' id='word_1_690' title='bbox 1687 2239 1746 2266; x_wconf 87' lang='lat' dir='ltr'><strong>ani-</strong></span> 
     </span>
    </p>
   </div>
   <div class='ocr_carea' id='block_1_91' title="bbox 118 2267 906 2324">
    <p class='ocr_par' dir='ltr' id='par_1_91' title="bbox 118 2267 902 2324">
     <span class='ocr_line' id='line_1_91' title="bbox 118 2267 902 2324; baseline 0.02 -30"><span class='ocrx_word' id='word_1_691' title='bbox 118 2267 235 2324; x_wconf 57' lang='grc' dir='ltr'>ἔκφορον</span> <span class='ocrx_word' id='word_1_692' title='bbox 257 2271 526 2324; x_wconf 40' lang='grc' dir='ltr'>γεγονδςὶιὲποίσει,</span> <span class='ocrx_word' id='word_1_693' title='bbox 544 2277 592 2303; x_wconf 79' lang='grc' dir='ltr'><strong>καὶ</strong></span> <span class='ocrx_word' id='word_1_694' title='bbox 607 2278 676 2312; x_wconf 83' lang='grc' dir='ltr'>πρὸς</span> <span class='ocrx_word' id='word_1_695' title='bbox 694 2267 739 2307; x_wconf 79' lang='grc' dir='ltr'><strong>τὸν</strong></span> <span class='ocrx_word' id='word_1_696' title='bbox 760 2267 902 2313; x_wconf 29' lang='grc' dir='ltr'>ὲίξείπόντα</span> 
     </span>
    </p>
   </div>
   <div class='ocr_carea' id='block_1_92' title="bbox 958 2267 1747 2324">
    <p class='ocr_par' dir='ltr' id='par_1_92' title="bbox 958 2267 1747 2321">
     <span class='ocr_line' id='line_1_92' title="bbox 958 2267 1747 2321; baseline -0.006 -7"><span class='ocrx_word' id='word_1_697' title='bbox 958 2295 1040 2318; x_wconf 89' lang='lat' dir='ltr'><strong>mum.</strong></span> <span class='ocrx_word' id='word_1_698' title='bbox 1057 2286 1198 2321; x_wconf 87' lang='lat' dir='ltr'><strong>Propalam</strong></span> <span class='ocrx_word' id='word_1_699' title='bbox 1210 2293 1275 2313; x_wconf 90' lang='lat' dir='ltr'><strong>vero</strong></span> <span class='ocrx_word' id='word_1_700' title='bbox 1286 2285 1357 2312; x_wconf 89' lang='lat' dir='ltr'><strong>idem</strong></span> <span class='ocrx_word' id='word_1_701' title='bbox 1372 2284 1472 2311; x_wconf 85' lang='lat' dir='ltr'><strong>factum</strong></span> <span class='ocrx_word' id='word_1_702' title='bbox 1497 2267 1594 2319; x_wconf 60' lang='grc' dir='ltr'>πιθέηο</span> <span class='ocrx_word' id='word_1_703' title='bbox 1611 2283 1657 2310; x_wconf 87' lang='lat' dir='ltr'><strong>tibi</strong></span> <span class='ocrx_word' id='word_1_704' title='bbox 1674 2283 1747 2310; x_wconf 84' lang='lat' dir='ltr'><strong>futu-</strong></span> 
     </span>
    </p>
   </div>
   <div class='ocr_carea' id='block_1_93' title="bbox 117 2315 906 2365">
    <p class='ocr_par' dir='ltr' id='par_1_93' title="bbox 117 2315 906 2358">
     <span class='ocr_line' id='line_1_93' title="bbox 117 2315 906 2358; baseline 0.02 -18"><span class='ocrx_word' id='word_1_705' title='bbox 117 2315 310 2351; x_wconf 76' lang='grc' dir='ltr'>χαλεπώτερον</span> <span class='ocrx_word' id='word_1_706' title='bbox 324 2317 458 2354; x_wconf 83' lang='grc' dir='ltr'>διαθήσει.</span> <span class='ocrx_word' id='word_1_707' title='bbox 476 2321 512 2348; x_wconf 82' lang='grc' dir='ltr'>Τὸ</span> <span class='ocrx_word' id='word_1_708' title='bbox 542 2321 571 2348; x_wconf 80' lang='grc' dir='ltr'>δὲ</span> <span class='ocrx_word' id='word_1_709' title='bbox 587 2324 705 2358; x_wconf 86' lang='grc' dir='ltr'>χρηστὸν</span> <span class='ocrx_word' id='word_1_710' title='bbox 728 2326 774 2353; x_wconf 84' lang='grc' dir='ltr'><strong>τόν</strong></span> <span class='ocrx_word' id='word_1_711' title='bbox 795 2336 825 2354; x_wconf 89' lang='grc' dir='ltr'><strong>τε</strong></span> <span class='ocrx_word' id='word_1_712' title='bbox 846 2337 906 2357; x_wconf 87' lang='grc' dir='ltr'>συν-</span> 
     </span>
    </p>
   </div>
   <div class='ocr_carea' id='block_1_94' title="bbox 958 2315 1745 2365">
    <p class='ocr_par' dir='ltr' id='par_1_94' title="bbox 958 2315 1745 2365">
     <span class='ocr_line' id='line_1_94' title="bbox 958 2315 1745 2365; baseline -0.008 -3"><span class='ocrx_word' id='word_1_713' title='bbox 958 2343 1014 2362; x_wconf 86' lang='lat' dir='ltr'><strong>rum</strong></span> <span class='ocrx_word' id='word_1_714' title='bbox 1027 2338 1068 2361; x_wconf 91' lang='lat' dir='ltr'><strong>est</strong></span> <span class='ocrx_word' id='word_1_715' title='bbox 1081 2315 1218 2364; x_wconf 70' lang='lat' dir='ltr'><strong>dedecori,</strong></span> <span class='ocrx_word' id='word_1_716' title='bbox 1231 2336 1258 2359; x_wconf 88' lang='lat' dir='ltr'><strong>et</strong></span> <span class='ocrx_word' id='word_1_717' title='bbox 1271 2331 1299 2358; x_wconf 93' lang='lat' dir='ltr'><strong>in</strong></span> <span class='ocrx_word' id='word_1_718' title='bbox 1312 2339 1374 2358; x_wconf 90' lang='lat' dir='ltr'><strong>eum</strong></span> <span class='ocrx_word' id='word_1_719' title='bbox 1389 2330 1435 2365; x_wconf 86' lang='lat' dir='ltr'><strong>qui</strong></span> <span class='ocrx_word' id='word_1_720' title='bbox 1450 2330 1538 2364; x_wconf 81' lang='lat' dir='ltr'><strong>palam</strong></span> <span class='ocrx_word' id='word_1_721' title='bbox 1553 2329 1628 2361; x_wconf 87' lang='lat' dir='ltr'><strong>fecit,</strong></span> <span class='ocrx_word' id='word_1_722' title='bbox 1647 2329 1745 2364; x_wconf 91' lang='lat' dir='ltr'><strong>impla-</strong></span> 
     </span>
    </p>
   </div>
   <div class='ocr_carea' id='block_1_95' title="bbox 118 2364 906 2413">
    <p class='ocr_par' dir='ltr' id='par_1_95' title="bbox 118 2364 905 2413">
     <span class='ocr_line' id='line_1_95' title="bbox 118 2364 905 2413; baseline 0.019 -24"><span class='ocrx_word' id='word_1_723' title='bbox 118 2364 259 2413; x_wconf 78' lang='grc' dir='ltr'>ιγνωκότα</span> <span class='ocrx_word' id='word_1_724' title='bbox 277 2366 393 2401; x_wconf 78' lang='grc' dir='ltr'>ῥαγῆναι</span> <span class='ocrx_word' id='word_1_725' title='bbox 407 2369 454 2402; x_wconf 84' lang='grc' dir='ltr'>τῆς</span> <span class='ocrx_word' id='word_1_726' title='bbox 470 2369 561 2402; x_wconf 82' lang='grc' dir='ltr'>φιλίας</span> <span class='ocrx_word' id='word_1_727' title='bbox 576 2370 798 2409; x_wconf 83' lang='grc' dir='ltr'>ὲπικατασχέσει,</span> <span class='ocrx_word' id='word_1_728' title='bbox 813 2376 905 2413; x_wconf 83' lang='grc' dir='ltr'>δεσμῷ</span> 
     </span>
    </p>
   </div>
   <div class='ocr_carea' id='block_1_96' title="bbox 958 2364 1743 2413">
    <p class='ocr_par' dir='ltr' id='par_1_96' title="bbox 958 2364 1743 2410">
     <span class='ocr_line' id='line_1_96' title="bbox 958 2364 1743 2410; baseline -0.011 -1"><span class='ocrx_word' id='word_1_729' title='bbox 958 2381 1107 2409; x_wconf 84' lang='lat' dir='ltr'><strong>:abiliorem</strong></span> <span class='ocrx_word' id='word_1_730' title='bbox 1129 2378 1222 2406; x_wconf 85' lang='lat' dir='ltr'><strong>faciet.</strong></span> <span class='ocrx_word' id='word_1_731' title='bbox 1248 2377 1352 2404; x_wconf 84' lang='lat' dir='ltr'><strong>Bonum</strong></span> <span class='ocrx_word' id='word_1_732' title='bbox 1379 2364 1444 2403; x_wconf 82' lang='lat' dir='ltr'><strong>vero</strong></span> <span class='ocrx_word' id='word_1_733' title='bbox 1470 2375 1578 2410; x_wconf 85' lang='lat' dir='ltr'><strong>quidvis</strong></span> <span class='ocrx_word' id='word_1_734' title='bbox 1603 2375 1678 2401; x_wconf 92' lang='lat' dir='ltr'><strong>illum</strong></span> <span class='ocrx_word' id='word_1_735' title='bbox 1699 2374 1743 2409; x_wconf 88' lang='lat' dir='ltr'><strong>qui</strong></span> 
     </span>
    </p>
   </div>
   <div class='ocr_carea' id='block_1_97' title="bbox 119 2410 906 2462">
    <p class='ocr_par' dir='ltr' id='par_1_97' title="bbox 119 2410 905 2462">
     <span class='ocr_line' id='line_1_97' title="bbox 119 2410 905 2462; baseline 0.02 -27"><span class='ocrx_word' id='word_1_736' title='bbox 119 2410 267 2462; x_wconf 68' lang='grc' dir='ltr'>κρατίστῳ,</span> <span class='ocrx_word' id='word_1_737' title='bbox 287 2414 329 2462; x_wconf 64' lang='grc' dir='ltr'><strong>’τῇΔ</strong></span> <span class='ocrx_word' id='word_1_738' title='bbox 341 2414 437 2462; x_wconf 73' lang='grc' dir='ltr'>ἀρετῇ,</span> <span class='ocrx_word' id='word_1_739' title='bbox 463 2415 641 2450; x_wconf 77' lang='grc' dir='ltr'>βιαζόμενον,</span> <span class='ocrx_word' id='word_1_740' title='bbox 662 2419 710 2446; x_wconf 78' lang='grc' dir='ltr'>καὶ</span> <span class='ocrx_word' id='word_1_741' title='bbox 733 2421 773 2452; x_wconf 83' lang='grc' dir='ltr'><strong>εἰς</strong></span> <span class='ocrx_word' id='word_1_742' title='bbox 795 2410 905 2450; x_wconf 72' lang='grc' dir='ltr'>ἔπαινον</span> 
     </span>
    </p>
   </div>
   <div class='ocr_carea' id='block_1_98' title="bbox 958 2410 1745 2462">
    <p class='ocr_par' dir='ltr' id='par_1_98' title="bbox 958 2419 1745 2458">
     <span class='ocr_line' id='line_1_98' title="bbox 958 2419 1745 2458; baseline -0.011 -4"><span class='ocrx_word' id='word_1_743' title='bbox 958 2431 996 2454; x_wconf 74' lang='lat' dir='ltr'><strong>est</strong></span> <span class='ocrx_word' id='word_1_744' title='bbox 1018 2424 1144 2454; x_wconf 90' lang='lat' dir='ltr'><strong>conscius</strong></span> <span class='ocrx_word' id='word_1_745' title='bbox 1167 2431 1223 2450; x_wconf 91' lang='lat' dir='ltr'><strong>non</strong></span> <span class='ocrx_word' id='word_1_746' title='bbox 1238 2423 1341 2458; x_wconf 91' lang='lat' dir='ltr'><strong>patitur</strong></span> <span class='ocrx_word' id='word_1_747' title='bbox 1361 2422 1395 2449; x_wconf 89' lang='lat' dir='ltr'><strong>ab</strong></span> <span class='ocrx_word' id='word_1_748' title='bbox 1409 2420 1527 2448; x_wconf 83' lang='lat' dir='ltr'><strong>amicitia</strong></span> <span class='ocrx_word' id='word_1_749' title='bbox 1551 2419 1653 2453; x_wconf 88' lang='lat' dir='ltr'><strong>divelli,</strong></span> <span class='ocrx_word' id='word_1_750' title='bbox 1681 2427 1745 2446; x_wconf 87' lang='lat' dir='ltr'><strong>cum</strong></span> 
     </span>
    </p>
   </div>
   <div class='ocr_carea' id='block_1_99' title="bbox 117 2458 906 2502">
    <p class='ocr_par' dir='ltr' id='par_1_99' title="bbox 117 2458 906 2502">
     <span class='ocr_line' id='line_1_99' title="bbox 117 2458 906 2502; baseline 0.02 -22"><span class='ocrx_word' id='word_1_751' title='bbox 117 2458 168 2489; x_wconf 82' lang='grc' dir='ltr'>τῆς</span> <span class='ocrx_word' id='word_1_752' title='bbox 184 2458 234 2490; x_wconf 86' lang='grc' dir='ltr'><strong>σῆς</strong></span> <span class='ocrx_word' id='word_1_753' title='bbox 246 2458 394 2491; x_wconf 83' lang='grc' dir='ltr'>σπουδαίας</span> <span class='ocrx_word' id='word_1_754' title='bbox 409 2460 522 2496; x_wconf 88' lang='grc' dir='ltr'>γνώμης</span> <span class='ocrx_word' id='word_1_755' title='bbox 546 2463 592 2489; x_wconf 74' lang='grc' dir='ltr'><strong>ἐπὶ</strong></span> <span class='ocrx_word' id='word_1_756' title='bbox 606 2463 668 2492; x_wconf 79' lang='grc' dir='ltr'>νοῦν</span> <span class='ocrx_word' id='word_1_757' title='bbox 692 2466 849 2502; x_wconf 74' lang='grc' dir='ltr'>ἐρχόμενον,</span> <span class='ocrx_word' id='word_1_758' title='bbox 866 2470 906 2496; x_wconf 87' lang='grc' dir='ltr'>δι-</span> 
     </span>
    </p>
   </div>
   <div class='ocr_carea' id='block_1_100' title="bbox 958 2458 1745 2502">
    <p class='ocr_par' dir='ltr' id='par_1_100' title="bbox 958 2465 1745 2502">
     <span class='ocr_line' id='line_1_100' title="bbox 958 2465 1745 2502; baseline -0.008 -4"><span class='ocrx_word' id='word_1_759' title='bbox 958 2473 1061 2500; x_wconf 83' lang='lat' dir='ltr'><strong>virtutis</strong></span> <span class='ocrx_word' id='word_1_760' title='bbox 1081 2470 1230 2499; x_wconf 87' lang='lat' dir='ltr'><strong>fortissimo</strong></span> <span class='ocrx_word' id='word_1_761' title='bbox 1256 2469 1366 2496; x_wconf 88' lang='lat' dir='ltr'><strong>vinculo</strong></span> <span class='ocrx_word' id='word_1_762' title='bbox 1401 2467 1603 2502; x_wconf 79' lang='lat' dir='ltr'><strong>constringatur</strong></span> <span class='ocrx_word' id='word_1_763' title='bbox 1627 2475 1634 2493; x_wconf 83' lang='lat'><strong>:</strong></span> <span class='ocrx_word' id='word_1_764' title='bbox 1657 2470 1686 2493; x_wconf 86' lang='lat' dir='ltr'><strong>et</strong></span> <span class='ocrx_word' id='word_1_765' title='bbox 1710 2465 1745 2492; x_wconf 84' lang='lat' dir='ltr'><strong>ad</strong></span> 
     </span>
    </p>
   </div>
   <div class='ocr_carea' id='block_1_101' title="bbox 118 2502 906 2553">
    <p class='ocr_par' dir='ltr' id='par_1_101' title="bbox 118 2502 906 2547">
     <span class='ocr_line' id='line_1_101' title="bbox 118 2502 906 2547; baseline 0.02 -21"><span class='ocrx_word' id='word_1_766' title='bbox 118 2502 286 2538; x_wconf 77' lang='grc' dir='ltr'>αναστήσει,</span> <span class='ocrx_word' id='word_1_767' title='bbox 302 2505 349 2531; x_wconf 79' lang='grc' dir='ltr'>καὶ</span> <span class='ocrx_word' id='word_1_768' title='bbox 372 2505 401 2532; x_wconf 84' lang='grc' dir='ltr'>σὲ</span> <span class='ocrx_word' id='word_1_769' title='bbox 415 2506 536 2542; x_wconf 85' lang='grc' dir='ltr'>δηλονότι</span> <span class='ocrx_word' id='word_1_770' title='bbox 558 2509 646 2537; x_wconf 80' lang='grc' dir='ltr'>ταῦτα</span> <span class='ocrx_word' id='word_1_771' title='bbox 668 2513 839 2547; x_wconf 84' lang='grc' dir='ltr'>συνορῶντα,</span> <span class='ocrx_word' id='word_1_772' title='bbox 856 2515 906 2541; x_wconf 83' lang='grc' dir='ltr'>οὐκ</span> 
     </span>
    </p>
   </div>
   <div class='ocr_carea' id='block_1_102' title="bbox 958 2502 1746 2553">
    <p class='ocr_par' dir='ltr' id='par_1_102' title="bbox 958 2512 1746 2553">
     <span class='ocr_line' id='line_1_102' title="bbox 958 2512 1746 2553; baseline -0.008 -8"><span class='ocrx_word' id='word_1_773' title='bbox 958 2518 1060 2545; x_wconf 53' lang='grc' dir='ltr'>ηουιὶθω</span> <span class='ocrx_word' id='word_1_774' title='bbox 1076 2518 1186 2553; x_wconf 74' lang='lat' dir='ltr'><strong>optimae</strong></span> <span class='ocrx_word' id='word_1_775' title='bbox 1204 2521 1257 2543; x_wconf 75' lang='lat' dir='ltr'><strong>tua:</strong></span> <span class='ocrx_word' id='word_1_776' title='bbox 1272 2519 1300 2543; x_wconf 89' lang='lat' dir='ltr'><strong>et</strong></span> <span class='ocrx_word' id='word_1_777' title='bbox 1321 2515 1459 2550; x_wconf 68' lang='lat' dir='ltr'><strong>praeclara:</strong></span> <span class='ocrx_word' id='word_1_778' title='bbox 1475 2513 1633 2546; x_wconf 85' lang='lat' dir='ltr'><strong>voluntatis,</strong></span> <span class='ocrx_word' id='word_1_779' title='bbox 1651 2512 1746 2540; x_wconf 82' lang='lat' dir='ltr'><strong>animo</strong></span> 
     </span>
    </p>
   </div>
   <div class='ocr_carea' id='block_1_103' title="bbox 784 2569 1129 2623">
    <p class='ocr_par' dir='ltr' id='par_1_103' title="bbox 784 2569 1129 2623">
     <span class='ocr_line' id='line_1_103' title="bbox 784 2569 1129 2623; baseline 0.009 -3"><span class='ocrx_word' id='word_1_780' title='bbox 784 2592 829 2621; x_wconf 84' lang='lat' dir='ltr'><strong>VA</strong></span> <span class='ocrx_word' id='word_1_781' title='bbox 834 2594 852 2620; x_wconf 77' lang='grc' dir='ltr'><strong>ιι</strong></span> <span class='ocrx_word' id='word_1_782' title='bbox 858 2594 901 2621; x_wconf 72' lang='lat' dir='ltr'><strong>UE</strong></span> <span class='ocrx_word' id='word_1_783' title='bbox 920 2569 1129 2623; x_wconf 45' lang='lat' dir='ltr'><strong>LECTIONES:</strong></span> 
     </span>
    </p>
   </div>
   <div class='ocr_carea' id='block_1_104' title="bbox 158 2666 1192 2714">
    <p class='ocr_par' dir='ltr' id='par_1_104' title="bbox 158 2666 1192 2714">
     <span class='ocr_line' id='line_1_104' title="bbox 158 2666 1192 2714; baseline 0.015 -22"><span class='ocrx_word' id='word_1_784' title='bbox 158 2666 167 2685; x_wconf 74' lang='grc' dir='ltr'><strong>ί</strong></span> <span class='ocrx_word' id='word_1_785' title='bbox 185 2667 235 2694; x_wconf 79' lang='grc' dir='ltr'>κᾶν</span> <span class='ocrx_word' id='word_1_786' title='bbox 246 2669 423 2706; x_wconf 79' lang='grc' dir='ltr'>παρασφαλῇ.</span> <span class='ocrx_word' id='word_1_787' title='bbox 464 2673 477 2692; x_wconf 75' lang='grc'><strong><em>8</em></strong></span> <span class='ocrx_word' id='word_1_788' title='bbox 495 2672 597 2701; x_wconf 80' lang='grc' dir='ltr'>ἔσεται.</span> <span class='ocrx_word' id='word_1_789' title='bbox 651 2675 665 2695; x_wconf 75' lang='grc' dir='ltr'>ιι</span> <span class='ocrx_word' id='word_1_790' title='bbox 683 2675 699 2711; x_wconf 82' lang='grc' dir='ltr'><strong>ἢ</strong></span> <span class='ocrx_word' id='word_1_791' title='bbox 716 2676 782 2704; x_wconf 80' lang='grc' dir='ltr'>τῶν.</span> <span class='ocrx_word' id='word_1_792' title='bbox 825 2679 833 2698; x_wconf 80' lang='grc' dir='ltr'><strong>ί</strong></span> <span class='ocrx_word' id='word_1_793' title='bbox 850 2679 894 2706; x_wconf 75' lang='lat' dir='ltr'><strong>lor.</strong></span> <span class='ocrx_word' id='word_1_794' title='bbox 910 2688 998 2706; x_wconf 89' lang='grc' dir='ltr'>...νων</span> <span class='ocrx_word' id='word_1_795' title='bbox 1011 2677 1170 2714; x_wconf 76' lang='grc' dir='ltr'>ἀποστροφή</span> <span class='ocrx_word' id='word_1_796' title='bbox 1185 2689 1192 2712; x_wconf 91' lang='grc'><strong>;</strong></span> 
     </span>
    </p>
   </div>
   <div class='ocr_carea' id='block_1_105' title="bbox 867 2755 983 2784">
    <p class='ocr_par' dir='ltr' id='par_1_105' title="bbox 867 2755 983 2784">
     <span class='ocr_line' id='line_1_105' title="bbox 867 2755 983 2784; baseline 0.017 -2"><span class='ocrx_word' id='word_1_797' title='bbox 867 2755 983 2784; x_wconf 65' lang='lat' dir='ltr'><strong>NOTAE.</strong></span> 
     </span>
    </p>
   </div>
   <div class='ocr_carea' id='block_1_106' title="bbox 118 2844 906 2904">
    <p class='ocr_par' dir='ltr' id='par_1_106' title="bbox 118 2844 903 2904">
     <span class='ocr_line' id='line_1_106' title="bbox 140 2844 903 2889; baseline 0.009 -14"><span class='ocrx_word' id='word_1_798' title='bbox 140 2844 209 2886; x_wconf 50' lang='grc'><strong>,(28)</strong></span> <span class='ocrx_word' id='word_1_799' title='bbox 235 2845 264 2872; x_wconf 85' lang='grc' dir='ltr'><em>Ἡ</em></span> <span class='ocrx_word' id='word_1_800' title='bbox 286 2846 463 2889; x_wconf 53' lang='grc' dir='ltr'>ἐπιστροφή.</span> <span class='ocrx_word' id='word_1_801' title='bbox 487 2849 556 2877; x_wconf 84' lang='lat' dir='ltr'><strong>Puto</strong></span> <span class='ocrx_word' id='word_1_802' title='bbox 569 2851 755 2889; x_wconf 50' lang='lat' dir='ltr'><strong>legenduntﬁ}</strong></span> <span class='ocrx_word' id='word_1_803' title='bbox 779 2855 833 2881; x_wconf 86' lang='grc' dir='ltr'>τῶν</span> <span class='ocrx_word' id='word_1_804' title='bbox 852 2856 903 2882; x_wconf 86' lang='grc' dir='ltr'>οὐκ</span> 
     </span>
     <span class='ocr_line' id='line_1_107' title="bbox 118 2883 900 2904; baseline 0 0"><span class='ocrx_word' id='word_1_805' title='bbox 118 2887 236 2904; x_wconf 49' lang='lat' dir='ltr'><strong>navum</strong></span> <span class='ocrx_word' id='word_1_806' title='bbox 249 2886 302 2904; x_wconf 76' lang='lat' dir='ltr'><strong>etc.</strong></span> <span class='ocrx_word' id='word_1_807' title='bbox 317 2883 332 2904; x_wconf 68' lang='grc' dir='ltr'><strong>ἡ</strong></span> <span class='ocrx_word' id='word_1_808' title='bbox 351 2885 501 2904; x_wconf 63' lang='grc' dir='ltr'><strong>ἒπιητηηξννῖι</strong></span> <span class='ocrx_word' id='word_1_809' title='bbox 537 2886 565 2904; x_wconf 86' lang='lat' dir='ltr'><strong>LI</strong></span> <span class='ocrx_word' id='word_1_810' title='bbox 580 2888 653 2904; x_wconf 62' lang='lat' dir='ltr'><strong>“ut...</strong></span> <span class='ocrx_word' id='word_1_811' title='bbox 675 2890 784 2904; x_wconf 75' lang='lat'><strong>........:..:.</strong></span> <span class='ocrx_word' id='word_1_812' title='bbox 802 2892 900 2904; x_wconf 55' lang='lat' dir='ltr'><strong>..,._:..m</strong></span> 
     </span>
    </p>
   </div>
   <div class='ocr_carea' id='block_1_107' title="bbox 958 2844 1741 2904">
    <p class='ocr_par' dir='ltr' id='par_1_107' title="bbox 958 2858 1741 2904">
     <span class='ocr_line' id='line_1_108' title="bbox 958 2858 1741 2904; baseline 0.006 -20"><span class='ocrx_word' id='word_1_813' title='bbox 958 2858 1071 2893; x_wconf 72' lang='lat' dir='ltr'><strong>cognita.</strong></span> <span class='ocrx_word' id='word_1_814' title='bbox 1089 2864 1119 2904; x_wconf 67' lang='lat' dir='ltr'><strong>ut</strong></span> <span class='ocrx_word' id='word_1_815' title='bbox 1133 2859 1165 2904; x_wconf 74' lang='lat' dir='ltr'><strong>ad</strong></span> <span class='ocrx_word' id='word_1_816' title='bbox 1183 2859 1268 2904; x_wconf 61' lang='lat' dir='ltr'><strong>ipsum</strong></span> <span class='ocrx_word' id='word_1_817' title='bbox 1279 2864 1458 2892; x_wconf 76' lang='lat' dir='ltr'><strong>revertantur,</strong></span> <span class='ocrx_word' id='word_1_818' title='bbox 1472 2869 1531 2895; x_wconf 77' lang='lat' dir='ltr'><strong>qua:</strong></span> <span class='ocrx_word' id='word_1_819' title='bbox 1551 2860 1687 2889; x_wconf 79' lang='lat' dir='ltr'><strong>utit&#39;abiles</strong></span> <span class='ocrx_word' id='word_1_820' title='bbox 1698 2863 1741 2890; x_wconf 79' lang='lat' dir='ltr'><strong>sui</strong></span> 
     </span>
    </p>
   </div>
   <div class='ocr_carea' id='block_1_108' title="bbox 135 2883 906 2924">
    <p class='ocr_par' dir='ltr' id='par_1_108' title="bbox 135 2883 901 2924">
     <span class='ocr_line' id='line_1_109' title="bbox 135 2883 901 2924; baseline 0.018 -20"><span class='ocrx_word' id='word_1_821' title='bbox 135 2883 236 2913; x_wconf 62' lang='grc' dir='ltr'>ῡαγὼέ,</span> <span class='ocrx_word' id='word_1_822' title='bbox 249 2886 302 2909; x_wconf 83' lang='lat' dir='ltr'><strong>etc.</strong></span> <span class='ocrx_word' id='word_1_823' title='bbox 317 2883 333 2918; x_wconf 81' lang='grc' dir='ltr'>ἡ</span> <span class='ocrx_word' id='word_1_824' title='bbox 351 2884 513 2921; x_wconf 74' lang='grc' dir='ltr'>ἐπιστροφή.</span> <span class='ocrx_word' id='word_1_825' title='bbox 537 2886 566 2914; x_wconf 81' lang='lat' dir='ltr'><strong>id</strong></span> <span class='ocrx_word' id='word_1_826' title='bbox 580 2883 653 2915; x_wconf 78' lang='lat' dir='ltr'><strong>enim</strong></span> <span class='ocrx_word' id='word_1_827' title='bbox 674 2883 787 2924; x_wconf 66' lang='lat' dir='ltr'><strong>requirit</strong></span> <span class='ocrx_word' id='word_1_828' title='bbox 802 2892 901 2918; x_wconf 84' lang='lat' dir='ltr'><strong>veritas</strong></span> 
     </span>
    </p>
   </div>
   <div class='ocr_carea' id='block_1_109' title="bbox 958 2883 1290 2924">
    <p class='ocr_par' dir='ltr' id='par_1_109' title="bbox 958 2883 1290 2922">
     <span class='ocr_line' id='line_1_110' title="bbox 958 2883 1290 2922; baseline 0.003 -2"><span class='ocrx_word' id='word_1_829' title='bbox 958 2883 1144 2922; x_wconf 45' lang='lat' dir='ltr'><strong>trifores&#39;solct</strong></span> <span class='ocrx_word' id='word_1_830' title='bbox 1159 2883 1290 2922; x_wconf 51' lang='lat' dir='ltr'><strong>excitare.</strong></span> 
     </span>
    </p>
   </div>
  </div>
