1940 3087
185 143 237 175 671

755 142 887 172 ΡΗΟΤΙΙ
907 140 1161 171 ΡΛΤΒῘΑΒΟΗᾹΞ
1180 141 1234 173 CP.

1772 142 1828 173 672

185 208 248 227 cum
274 199 311 227 sit
336 202 572 234 repraesentatum,
609 197 740 225 excitabit
770 198 859 225 adhuc
883 198 998 233 magis,.

1055 196 1121 232 ηδῶς
1135 197 1292 230 ἀναλαὸεῖν,
1308 197 1335 224 εῖ
1347 205 1373 224 τι
1393 197 1562 234 παρῃνέθης,
1577 196 1629 233 τήν
1647 205 1678 223 τε
1692 197 1761 233 πρὸς
1776 199 1827 226 αὐ-

185 253 276 280 neque
293 249 321 271 tu
337 244 383 279 qui
398 244 446 271 tibi
462 243 568 270 scilicet
584 250 678 270 eorum
704 243 831 270 conscius
842 250 872 270 es
888 263 895 276 ,
911 250 981 278 aegre

186 290 395 326 persuadeberis
415 290 501 321 illum,
517 289 540 316 si
554 289 617 324 quid
634 297 776 324 perperam
803 289 979 317 commissum

187 341 240 369 est,
254 337 287 364 ad
303 336 464 363 familiarem
483 336 581 363 iterum
606 342 782 370 congressum
799 339 826 362 et
843 335 981 362 fruitionis

188 383 353 410 desiderium
374 381 527 409 admittere.
553 382 591 409 De
606 382 702 409 amicis
715 381 796 417 igitur
810 389 918 417 semper
932 389 982 416 op-

190 429 255 456 time
273 428 393 463 loquaris
407 433 435 455 et
449 435 598 463 persuasus
612 428 660 459 sis,
684 427 843 455 absentibus
865 434 983 462 praeser-

188 474 249 505 tim,
268 474 350 509 iilque
362 481 454 500 coram
471 473 531 500 aliis
547 481 554 499 :
571 473 605 499 ita
619 477 645 499 et
658 472 841 506 suspicionem
857 472 985 500 adulandi

189 520 315 552 evitabis,
343 527 406 548 eum
432 527 482 546 nec
506 520 548 546 vel
565 519 662 545 leviter
686 518 849 553 impressum
866 519 940 554 apud
954 523 983 546 te

190 566 335 601 vestigium
353 565 425 592 illius
440 564 498 591 vitii
522 564 642 591 residere
664 571 826 598 persuasum
848 565 936 598 dabis,
957 572 985 595 et

1033 243 1079 270 τὸν
1096 243 1204 278 ὁμιλίαν
1227 243 1274 270 καὶ
1298 243 1348 280 τὴν
1364 244 1393 270 ὲν
1408 244 1448 279 τῷ
1465 243 1540 278 πόθῳ
1560 243 1653 278 σχέσιν
1671 243 1827 272 ἀναπείσει.

1039 289 1097 315 Ἀεὶ
1113 289 1163 325 μὲν
1178 287 1225 316 οὖν
1241 290 1335 325 φίλους
1350 290 1476 324 εὐλόγει,
1494 289 1612 326 μάλιστα
1626 290 1655 317 δὲ
1667 291 1731 322 τοὺς
1744 291 1829 318 ἀπόν-

1034 345 1084 368 τας
1097 337 1144 362 ἐπὶ
1158 336 1214 364 τῶν
1230 337 1383 372 παρόντων.
1396 337 1475 363 Οὖτω
1490 345 1522 371 γε
1538 336 1591 372 γὰρ
1609 337 1656 363 καὶ
1671 337 1701 363 τὸ
1715 337 1766 372 τῆς
1781 346 1829 364 κο-

1034 383 1147 414 λακείας
1163 383 1317 418 διαφύγοις,
1331 384 1386 410 οὐδ’
1400 384 1473 419 ῖχνος
1487 384 1573 419 αὐτῆς
1584 385 1613 410 ὲν
1626 384 1668 410 σοὶ
1683 384 1830 419 φαίνεσθαι

1035 429 1254 464 παρασκευάζων
1267 450 1274 462 ,
1297 429 1345 456 καὶ
1358 431 1415 460 τοῖς
1431 429 1519 463 φίλοις
1535 429 1586 466 ἔσῃ
1600 430 1729 466 πράττων
1745 439 1830 465 κεχα-

1037 475 1164 510 ρισμένα,
1177 475 1298 502 τοιοῦτον
1310 475 1423 502 σεαυτὸν
1435 473 1505 502 εἶναι
1517 477 1576 508 τοῖς
1594 476 1713 511 παροῦσι
1728 476 1831 502 πιστώ-

1037 530 1101 554 σας,
1118 520 1173 554 οἶος
1192 522 1286 554 αὐτοῖς
1302 524 1366 557 περὶ
1382 522 1437 549 τῶν
1458 522 1584 550 ἀπόντων
1603 522 1756 557 ἐγνώσθης.

1021 568 1116 596 amicis
1133 576 1194 604 quae
1218 573 1293 604 grata
1306 573 1334 596 et
1346 574 1458 604 accepta
1472 573 1537 596 sunt
1566 567 1657 596 facies.
1678 568 1832 597 Praasentcs

191 613 264 640 enim
291 612 476 646 opinabuntur
492 615 517 638 te
533 611 661 637 eumdem
680 618 743 645 erga
768 610 841 645 ipsos
859 611 982 641 futurum
999 615 1078 649 alias,
1096 622 1177 650 quem
1194 614 1357 650 agnoverint
1371 614 1423 649 ipsi
1440 621 1503 650 erga
1518 615 1644 641 absentes
1657 618 1683 642 te
1698 614 1793 642 fuisse.

227 659 272 686 42.
288 659 329 686 Ad
350 659 423 685 hunc
444 657 554 684 modum
577 656 622 683 ubi
639 660 665 683 te
679 656 774 683 amicis
797 659 989 686 communive-

193 707 241 738 ris,
267 706 321 732 eris
347 705 374 731 in
399 704 459 731 illos
485 703 533 739 qui
559 707 655 730 contra
682 701 751 729 alios
779 706 835 730 tum
860 703 942 731 etiam
961 704 989 732 in

193 750 388 786 rempublicam
412 748 589 783 deliquerint.
619 746 819 782 implacabilis;
842 747 890 775 sed
913 756 989 775 com-

194 797 348 825 misericors
365 795 392 822 in
418 803 465 822 eos
483 794 529 829 qui
544 799 570 821 te
588 793 766 822 oll‘enderint.
787 793 828 821 lta
842 794 915 822 enim
930 794 988 828 ﬁet,

1075 660 1130 696 μβ’.
1148 660 1226 687 Οΰτω
1240 660 1269 687 δὲ
1285 661 1398 688 σεαυτὸν
1416 659 1493 696 φιλίᾳ
1515 659 1689 695 περιφράξας
1706 660 1756 697 ἔσῃ
1774 662 1833 692 τοῖς

1041 707 1090 742 μὲν
1105 708 1145 739 είς
1159 707 1271 742 ἑτέρους
1283 707 1331 734 καὶ
1347 708 1387 738 εἰς
1398 707 1434 734 τὰ
1446 706 1524 734 κοινά
1540 707 1750 743 πλημμελοῦσιν
1763 709 1834 735 ἁπα-

1040 753 1178 788 ραίτητος,
1190 754 1246 785 τοῖς
1257 753 1286 780 δὲ
1297 753 1337 785 εἰς
1349 753 1379 779 σε
1389 753 1579 789 ἁμαρτάνουσι
1591 752 1832 788 συμπαθέα-πάτος.

1039 799 1088 825 Διὰ
1107 798 1157 833 μὲν
1170 798 1226 835 γὰρ
1237 799 1343 825 ἐκείνου
1354 799 1474 835 εὐνομία
1489 797 1566 824 ἔσται
1581 799 1613 834 τῇ
1630 797 1767 834 πολιτείᾳ,
1784 799 1834 825 καὶ

195 847 225 870 ιιι
240 846 313 869 recte
328 842 354 868 in
368 841 505 876 republica
526 839 675 875 procedant
694 839 777 875 leges,
796 843 825 867 et
846 839 916 868 bene
938 848 986 868 co-

1055 870 1056 879 ,
1080 844 1113 880 σὴ
1140 833 1215 881 περὶ*
1229 845 1293 876 τοὺς
1312 833 1482 881 ἀρχομένους
1509 844 1636 880 ἐπίδηλος
1659 833 1763 880 σπουδὴ
1786 846 1836 872 καὶ

196 890 270 926 gnita
287 894 314 917 et
324 892 467 924 perspecta
482 888 536 915 erit
547 887 591 914 illa
608 895 674 914 cura
690 891 718 914 et
730 886 885 914 sollicitudo
901 895 984 922 quam

195 944 258 971 erga
278 935 400 962 subditos
422 934 503 969 geris.
513 933 551 960 Ita
565 940 675 968 quoque
692 932 748 965 ﬁet,
776 936 805 960 ut
824 933 992 969 intelligatur

195 990 278 1018 quam
302 981 440 1008 humanus
461 979 508 1012 sis,
529 984 558 1006 et
572 980 643 1007 bene
666 979 814 1011 animatus,
836 978 882 1014 qui
901 987 992 1006 mores

196 1036 289 1064 regem
325 1035 388 1055 cum
416 1027 542 1059 deceant,
576 1026 603 1053 in
633 1033 659 1054 te
686 1030 767 1053 erunt
793 1026 991 1061 praedicabiles.

197 1073 316 1110 Tyranni
348 1073 510 1108 plerumque
536 1071 677 1107 negligunt
701 1075 729 1098 et
754 1070 867 1106 insuper
892 1070 995 1099 habent

197 1119 311 1154 injurias
334 1116 525 1146 communitati
549 1117 692 1144 hominum
708 1122 790 1151 atque
809 1116 870 1144 aliis
890 1115 995 1152 irroga-

199 1171 250 1199 tas,
272 1166 321 1192 sed
342 1172 406 1193 suas
422 1165 544 1199 ipsorum
565 1163 692 1199 proprias
715 1162 879 1198 rigidissime
906 1162 996 1190 solent

198 1212 359 1239 vindicare:
377 1217 469 1246 regem
499 1217 576 1241 vero,
603 1208 650 1244 qui
675 1208 828 1236 secundum
860 1208 995 1243 justitiam

198 1258 343 1293 imperium
364 1255 546 1288 administrat,
557 1255 638 1283 decet
651 1262 715 1282 suas
729 1254 845 1290 injurias
869 1254 997 1282 humani-

198 1308 242 1331 ter
268 1303 435 1334 condonare,
460 1302 508 1330 sed
531 1308 692 1328 communes
714 1304 743 1327 et
768 1300 829 1328 aliis
864 1301 998 1336 lrrogatas

199 1357 262 1378 cum
276 1349 381 1384 justitia
397 1348 546 1384 reformare
561 1352 589 1374 et
609 1347 767 1381 disponere.

236 1406 282 1434 45.
302 1405 338 1433 Ut
361 1411 488 1440 magnam
513 1403 537 1430 is
559 1407 682 1430 meretur
720 1402 840 1435 laudem,
868 1402 914 1436 qui
937 1409 999 1430 cum

192 1455 336 1479 'summam
355 1450 454 1477 habeat
466 1449 581 1476 laedendi
600 1452 774 1483 potestatem,
789 1449 896 1483 justum
910 1453 1001 1475 tamen

203 1506 233 1525 se
255 1497 382 1529 exhibet;
407 1496 443 1522 ita
465 1495 552 1522 multo
574 1494 711 1529 vituperio
732 1494 841 1530 dignus,
870 1494 917 1529 qui
939 1502 1001 1522 cum

1042 891 1204 926 κηδεμονία·
1223 890 1266 917 διά
1281 891 1310 918 δὲ
1329 891 1426 918 τούτου
1439 891 1470 918 τὺ
1486 891 1680 926 φιλάνθρωπον
1699 891 1749 926 τῆς
1765 891 1837 926 γνώ-

1044 945 1098 972 μης
1109 937 1158 965 καὶ
1173 938 1188 963 ὁ
1205 936 1341 972 βασίλειος
1355 936 1393 969 ὡς
1407 936 1515 972 ἀληθῶς
1529 936 1750 972 ἀνακηρύττεται
1770 937 1837 972 τρό-

1043 991 1104 1015 πος.
1118 983 1148 1010 Οί
1166 983 1217 1018 μὲν
1231 983 1286 1018 γὰρ
1299 983 1427 1018 τύραννοι
1441 983 1476 1010 τὰ
1490 982 1569 1010 κοινὰ
1583 982 1639 1009 τῶν
1653 982 1837 1018 ἀδικημάτων

1043 1029 1092 1054 καὶ
1109 1028 1144 1055 τὰ
1167 1029 1208 1060 εἰς
1227 1028 1360 1064 ἀλλήλους
1376 1027 1508 1061 πολλάκις
1525 1027 1702 1064 ὑπερορῶσι,
1728 1027 1838 1063 πικρῶς

1044 1075 1073 1102 δὲ
1086 1074 1121 1101 τὰ
1141 1075 1181 1106 είς
1196 1075 1310 1106 ἑαυτοὺς
1325 1074 1482 1108 ἐξετάζουσι
1493 1083 1501 1091 ο
1517 1074 1650 1110 βασιλέως
1670 1074 1699 1101 δέ
1716 1075 1776 1101 ἐστι
1790 1075 1840 1101 καὶ

1045 1121 1135 1157 ἀρχῆς
1151 1121 1341 1157 ὲννομωτάτης
1356 1121 1447 1157 ἔργον,
1461 1122 1495 1150 τὰ
1513 1122 1563 1158 μὲν
1579 1123 1620 1154 εις
1633 1122 1731 1149 ἑαυτὸν
1741 1121 1840 1156 φιλανθ

1046 1167 1164 1203 θρώπως
1179 1169 1285 1204 φέρειν,
1302 1168 1337 1195 τὰ
1352 1168 1381 1195 δὲ
1398 1169 1438 1200 είς
1451 1168 1528 1196 κοινά
1543 1169 1590 1196 καὶ
1602 1169 1643 1201 εις
1655 1168 1788 1203 ἀλλήλους
1799 1167 1838 1194 δι-

1047 1214 1133 1245 καίως
1145 1213 1266 1241 εὐθετεῖν
1279 1215 1327 1241 καὶ
1337 1213 1483 1249 διεξάγειν.

1088 1397 1144 1433 μγ¹.
1167 1398 1274 1434 Ὥσπερ
1300 1397 1407 1425 πολλῶν
1429 1398 1548 1425 ἐπαίνων
1572 1397 1656 1430 ἄξιος,
1678 1398 1692 1424 ό
1719 1396 1844 1432 μεγάλην

1052 1443 1177 1476 ἐξουσίαν
1191 1444 1240 1470 τοῦ
1255 1444 1356 1471 ἀδικεῖν
1367 1444 1469 1476 λαϐὼν,
1485 1444 1533 1471 καὶ
1547 1444 1582 1472 τὰ
1593 1445 1686 1471 δίκαια
1699 1445 1843 1478 πράττων·

1052 1489 1124 1517 οὕτω
1135 1489 1240 1516 πολλῶν
1253 1490 1404 1522 ὑπεύθυνος
1414 1490 1517 1525 ψόγων,
1530 1492 1544 1517 ό
1556 1491 1670 1526 μηδενὸς
1682 1490 1776 1526 ἐνδεὴς
1788 1490 1846 1516 τῶν

202 1543 278 1571 nulla
297 1550 326 1569 re
348 1541 468 1576 indigeat
491 1540 658 1572 necessaria,
682 1547 780 1567 manus
802 1543 892 1567 tamen
918 1540 998 1568 rebus

1055 1537 1222 1571 ἀναγκαίων,
1233 1537 1282 1565 καὶ
1294 1538 1334 1569 είς
1348 1537 1382 1564 τὰ
1394 1537 1523 1573 ἀλλότρια
1534 1537 1583 1569 τὰς
1596 1538 1691 1572 χεῖρας
1702 1537 1846 1564 ἐκτείνων.

204 1589 302 1617 alienis
334 1587 433 1623 injicit.
457 1586 591 1622 lndigenti
622 1585 758 1620 siquidem
794 1586 934 1613 excusatio
959 1590 1002 1614 est

204 1639 363 1670 paupertas,
387 1633 452 1661 licet
466 1640 521 1660 non
536 1632 718 1664 admittenda.
733 1631 757 1658 si
774 1631 920 1666 deliquerit
934 1639 1001 1659 con-

207 1687 247 1709 tra
268 1681 427 1716 justitiam:
451 1679 497 1708 sed
524 1679 582 1714 qui,
610 1686 673 1706 cum
700 1682 865 1714 potestatem
892 1678 1001 1710 habeat,

205 1735 258 1755 nec
280 1727 334 1754 ulla
354 1734 384 1753 re
404 1726 536 1761 indigeat,
559 1725 689 1761 injuriam
717 1724 794 1757 facit,
824 1731 936 1759 prorsus
961 1728 1004 1751 est

205 1773 265 1801 sine
281 1772 356 1800 omni
373 1773 560 1800 excusatione.

240 1830 286 1858 44.
315 1829 423 1862 Quanto
444 1829 505 1864 quis
525 1828 657 1864 majorem
686 1831 849 1864 potestatem
885 1826 1003 1857 obtinet,

205 1882 281 1905 tanto
296 1875 393 1911 majori
408 1875 502 1902 virtuti
516 1875 599 1902 debet
616 1875 639 1902 is
654 1873 819 1909 praecellere.
838 1872 889 1905 Qui
909 1873 1004 1900 contra

207 1923 280 1954 facit.
307 1923 359 1950 tria
377 1922 458 1949 simul
481 1921 599 1949 admittit
622 1919 824 1955 improbissima
839 1928 847 1946 :
861 1927 890 1946 se
915 1918 1005 1954 perdit

206 1969 315 2003 ipsum;
331 1969 470 1996 intuentes
481 1969 514 1995 ad
529 1967 699 2003 peccandum
715 1966 817 1999 allicit;
834 1966 919 1993 Deum
940 1965 1006 1992 facit

207 2015 401 2050 blasphemari,
419 2014 466 2049 qui
481 2019 535 2041 tam
554 2014 679 2050 improbo
702 2013 813 2040 tradidit
828 2016 1003 2048 potestatem.

208 2061 342 2094 Quocirca
365 2061 447 2088 decet
465 2068 691 2096 unumquemque
723 2060 825 2087 malum
851 2058 1004 2091 declinare;

208 2108 256 2135 sed
271 2112 336 2134 ante
349 2107 427 2140 alios,
444 2115 491 2134 eos
507 2107 553 2141 qui
571 2107 628 2134 sint
642 2114 705 2133 cum
720 2105 848 2141 imperio.

243 2164 289 2191 45.
313 2163 352 2191 Ita
367 2171 433 2199 ergo
447 2163 564 2191 subditis
587 2163 640 2190 tuis
654 2163 769 2198 impera,
785 2166 816 2189 ut
833 2168 1005 2197 nequaquam

1061 1583 1152 1619 ’Av69i.
1166 1583 1217 1618 μὲν
1230 1583 1285 1619 γὰρ
1300 1584 1443 1620 πενομένῳ
1457 1584 1611 1619 πρόφασις,
1626 1583 1650 1609 εί
1665 1583 1714 1610 καὶ¹
1726 1583 1849 1619 παράλο-

1054 1626 1115 1663 γος,
1128 1629 1175 1655 τοῦ
1191 1629 1306 1662 ἀδικεῖν,
1323 1630 1340 1664 ἡ
1353 1630 1433 1656 πενία
1442 1637 1449 1644 '
1463 1630 1532 1665 ἀνὴρ
1546 1629 1574 1655 δὲ
1588 1628 1749 1656 δυναστείαν
1764 1628 1846 1663 ἔχων,

1056 1675 1103 1701 καὶ
1119 1675 1239 1710 ἀπορίαν
1261 1675 1312 1701 οὑκ
1331 1675 1412 1710 ἔχων,
1431 1675 1636 1712 ἀναπολόγητον
1653 1673 1710 1710 ἔχει
1724 1673 1775 1710 τὴν
1791 1673 1848 1701 ἀπὸ

1056 1721 1103 1748 τοῦ
1118 1721 1220 1748 ἀδικεῖν
1237 1722 1386 1758 ἁμαρτίαν.

1095 1822 1146 1857 μδ’.
1160 1823 1237 1856 Ὂσῳ
1248 1821 1276 1848 δέ
1291 1830 1333 1854 τις
1347 1821 1459 1858 προέχει
1474 1822 1506 1857 τῇ
1525 1820 1608 1855 ἀρχῇ,
1624 1819 1745 1855 τοσούτῳ
1759 1827 1851 1854 χρεω-

1059 1871 1117 1895 στεί
1126 1868 1277 1904 πρωτεύειν
1288 1868 1335 1895 καὶ
1345 1870 1379 1903 τῇ
1392 1868 1488 1903 ἀρετῇ.
1507 1867 1536 1893 '0
1544 1866 1572 1893 δὲ
1582 1866 1739 1893 τούναντίον
1751 1865 1850 1897 ποιῶν,

1058 1915 1121 1951 τρία
1137 1917 1206 1951 ἅμα,
1221 1916 1268 1942 καὶ
1283 1916 1413 1947 κάκιστα,
1431 1913 1566 1940 ἐπιτελεῖ·
1582 1913 1728 1940 ἀπόλλυσιν
1741 1911 1851 1938 ἑαυτόν

1058 1964 1122 1994 τοὺς
1138 1963 1262 1998 ὁρῶντας
1279 1963 1319 1994 εις
1332 1961 1432 1989 κακίαν
1446 1960 1611 1996 παρακαλεῖ·
1627 1958 1853 1995 βλασφημεῖσθαι

1059 2009 1264 2045 παρασκευάζει
1295 2008 1340 2034 τὸν
1367 2007 1452 2040 Θεὸν,
1479 2007 1520 2034 ὅτι
1546 2006 1658 2041 τοιούτῳ
1682 2004 1854 2040 τηλικαύτην

1059 2055 1225 2091 ἐνεχείρισεν
1250 2054 1350 2089 ἀρχήν.
1375 2052 1425 2079 Διά
1447 2053 1527 2080 τοῦτο
1547 2052 1630 2079 παντὶ
1648 2051 1698 2087 μὲν
1714 2050 1855 2086 ἀνθρώπῳ

1060 2103 1192 2137 φευκτέον
1207 2102 1225 2137 ἡ
1240 2101 1335 2134 κακία,
1352 2101 1472 2136 μάλιστα
1485 2100 1513 2128 δὲ
1527 2101 1583 2131 τοῖς
1598 2100 1628 2126 ἐν
1641 2100 1673 2134 τῇ
1689 2099 1773 2134 ἀρχῇ.

1097 2166 1149 2198 με’.
1165 2163 1250 2197 Ἀρχε
1265 2161 1357 2188 τοίνυν
1371 2160 1427 2187 τῶν
1441 2159 1581 2195 ὑπηκόων,
1598 2158 1636 2194 μὴ
1653 2157 1793 2188 πεποιθὼς
1806 2165 1853 2183 τυ-

211 2209 357 2245 tyrannidi,
380 2209 429 2237 sed
450 2217 546 2236 eorum
578 2209 699 2237 conﬁdas
722 2208 930 2236 benevolentiae.
957 2207 998 2234 ESI

1062 2209 1174 2246 ραννίδι,
1190 2208 1258 2236 ἁλλά
1275 2209 1308 2244 τῇ
1323 2208 1378 2234 τῶν
1390 2207 1550 2243 ἀρχομένων
1564 2205 1667 2241 εὐνοίᾳ.
1683 2204 1784 2231 Εὖνοια
1797 2205 1856 2239 γὰρ

209 2255 285 2282 enim
307 2255 499 2283 benevolentia
522 2260 550 2282 et
567 2255 647 2291 longe
672 2255 852 2283 excellentius
874 2259 902 2282 et
921 2253 1007 2281 rnqu

213 2301 298 2329 tutius
320 2301 521 2329 ﬁrmamentum
547 2310 628 2337 quant
644 2307 743 2330 metus.
769 2301 837 2329 lllud
854 2306 945 2329 autem
963 2308 1007 2328 ac-

209 2349 329 2384 quiritur
351 2349 478 2376 virtutem
500 2349 674 2384 possidendo,
689 2354 717 2375 et
732 2348 843 2387 labores
858 2354 1007 2381 curamque

209 2403 276 2430 erga
301 2395 425 2423 subditos
443 2395 637 2430 impendenda.
663 2395 702 2422 lta
718 2394 765 2422 [iet
785 2399 815 2421 ut
834 2394 917 2421 vitam
944 2401 1008 2420 vere

211 2441 323 2469 vitalem
334 2446 363 2469 et
376 2441 477 2477 regiam
493 2449 556 2477 agas
571 2442 639 2476 ipse,
663 2446 745 2476 atque
767 2441 828 2467 illos
851 2440 914 2466 dum
936 2443 1009 2466 tutos

211 2492 242 2515 et
266 2487 418 2514 incolumes
441 2492 556 2522 praestas
576 2490 611 2514 ab
627 2487 734 2514 insidiis
755 2490 783 2513 et
809 2485 1009 2513 calamitatibus

214 2539 314 2569 praeter
332 2534 377 2569 jus
392 2534 484 2566 illatis,
507 2534 622 2568 gloriam
647 2533 695 2560 tibi
715 2538 837 2568 paratam
867 2532 1009 2559 inmmrta-

214 2581 270 2608 iem
286 2580 473 2608 conservabis.

251 2637 295 2665 ιδ.
320 2637 406 2673 Leges
429 2637 603 2665 exactissime
636 2637 706 2665 latas
728 2637 836 2665 laudato
859 2643 887 2665 et
907 2638 1011 2673 ample-

214 2687 301 2711 ctere.
316 2683 378 2710 Illas
394 2691 475 2719 porro
489 2684 630 2715 intuendo,
647 2683 729 2710 vitam
744 2687 818 2710 tuam
831 2683 916 2718 dirige
933 2692 939 2709 :
955 2683 1011 2710 noli

215 2734 309 2756 autem
329 2730 405 2764 juxta
420 2729 526 2757 illarum
552 2730 641 2765 legum
659 2729 778 2757 calculos
806 2737 901 2764 poenas
916 2730 1012 2757 inexo-

217 2775 319 2802 rabiles
334 2776 449 2803 subditis
467 2776 519 2802 tuis
531 2775 669 2811 irrogare;
687 2776 778 2810 potius
789 2780 881 2802 autem
893 2775 1013 2802 clemen-

219 2820 338 2848 tioribus
354 2821 487 2849 institutis
500 2821 688 2849 illoseruditos
696 2829 768 2856 rege.
782 2820 820 2847 Ita
834 2821 880 2848 [iet
893 2825 934 2852 ut.
948 2821 1013 2848 dum

221 2869 346 2892 exactam
362 2866 389 2893 in
403 2866 488 2901 leipso
501 2866 634 2894 rationem
649 2865 711 2899 inis,
724 2865 888 2894 metuendus
902 2866 1014 2894 videbe-

1061 2255 1154 2291 μεῖζον
1180 2255 1269 2290 ἀρχῆς
1294 2254 1395 2289 βάθρον
1414 2253 1462 2280 καὶ
1485 2252 1707 2286 ἀσφαλέστερον,
1723 2251 1740 2285 ἢ
1757 2250 1854 2284 φόσος.

1059 2302 1145 2329 Τοῦτο
1155 2301 1183 2327 δὲ
1194 2300 1301 2336 ἀρετῶν
1316 2308 1346 2326 τε
1361 2299 1457 2334 κτῆσις
1467 2299 1539 2325 ποιεῖ
1551 2318 1559 2330 ,
1571 2297 1619 2324 καὶ
1631 2297 1656 2324 οἱ
1678 2296 1744 2331 περὶ
1758 2297 1790 2323 τὸ
1805 2297 1858 2323 ὑπ-

1059 2349 1142 2384 ήκοον
1162 2347 1238 2374 πόνοι
1254 2346 1302 2373 καὶ
1325 2344 1476 2381 φροντίδες.
1503 2343 1582 2370 Οὕτω
1603 2343 1633 2370 δὲ
1655 2342 1737 2374 αὑτός
1759 2351 1791 2369 τε
1817 2342 1858 2374 ὡς

1059 2392 1168 2429 ἀληθῶς
1180 2391 1329 2427 βασιλικῶς
1339 2390 1387 2417 καὶ
1400 2390 1485 2426 ἡδέως
1498 2388 1617 2424 βιώσεις,
1628 2388 1768 2419 κάκείνοις
1777 2387 1859 2414 ἐλευ-

1060 2441 1144 2476 θέραν
1158 2438 1307 2474 ἑπιὸουλῆς
1319 2439 1366 2464 καὶ
1382 2435 1531 2471 συμφορῶν
1548 2434 1699 2468 ἀλογίστων
1713 2435 1762 2468 τὴν
1779 2437 1860 2460 πολι-

1060 2488 1135 2514 τείαν
1161 2485 1348 2520 συντηρήσας,
1374 2482 1539 2516 ἀείμνηστον
1568 2480 1668 2508 σαυτοῦ
1698 2480 1780 2511 κλέος
1810 2479 1860 2506 τὸν

1061 2535 1170 2562 ἅπαντα
1183 2532 1278 2568 χρόνον
1291 2529 1478 2564 καταλείψεις.

1099 2632 1158 2668 μς’.
1173 2632 1275 2668 Νόμων
1289 2631 1352 2662 τοὺς
1366 2629 1582 2666 ἀκριϐεστάτους
1595 2629 1704 2656 ὲπαίνει
1722 2628 1769 2655 καὶ
1786 2628 1861 2654 ἀπο-

1061 2680 1160 2714 δέχου·
1190 2679 1237 2705 καὶ
1266 2678 1334 2713 πρὸς
1361 2677 1482 2708 ἐκείνους
1515 2676 1637 2711 βλέπων,
1665 2674 1711 2701 τὸν
1739 2674 1860 2701 σεαυτοῦ

1064 2725 1179 2762 ῥύθμιζε
1195 2725 1251 2760 βίον
1264 2732 1270 2739 ·
1289 2724 1326 2760 μὴ
1344 2724 1436 2759 μέντοι
1455 2723 1527 2750 κατά
1543 2723 1593 2753 τὰς
1607 2723 1720 2748 ἐκείνων
1748 2721 1862 2755 ψήφους

1064 2773 1094 2798 τὸ
1107 2773 1227 2807 ὑπήκοον
1241 2771 1446 2805 ἀπαραιτήτους
1462 2770 1626 2805 είσπράττου
1641 2767 1690 2798 τὰς
1708 2767 1862 2802 τιμωρίας,

1063 2819 1131 2846 ἀλλά
1145 2818 1190 2845 διὰ
1204 2817 1259 2844 τῶν
1277 2816 1541 2852 φιλανθρωποτέρων
1557 2814 1658 2850 μᾶλλον
1674 2813 1862 2847 παιδαγώγει·

1065 2863 1137 2892 οὕτω
1150 2872 1180 2891 τε
1199 2863 1254 2899 γὰρ
1273 2861 1404 2898 φοϐερὸς,
1419 2861 1454 2888 δι’
1469 2858 1506 2888 ὧν
1526 2860 1639 2888 σεαυτδν
1654 2858 1863 2896 ἀκριϐολογεὶς,
