1940 3087
101 121 152 152 673

686 122 960 154 EPISTOLARUM
980 122 1099 153 LIBER
1118 124 1144 154 l.

1681 122 1736 154 674

101 179 155 210 τοῖς
169 175 373 214 ἁμαρτάνουσιν
394 176 465 204 εἶναι
478 177 566 210 δόξεις
575 197 583 209 ,
595 177 643 204 καὶ
662 177 819 214 ἀνεπαχθὴς
831 179 889 210 τοῖς

952 179 979 206 is
1000 179 1234 214 delinquentibus,
1260 186 1350 214 neque
1375 183 1466 207 tamen
1494 177 1612 207 subditis
1638 177 1738 206 intole-

88 223 242 258 ιὺπηκόοις.

137 267 190 304 μζ¹.
208 269 254 294 Δεῖ
264 268 293 295 δέ
307 268 449 304 ἐγκρατῶς
460 268 563 305 ἄρχειν,
578 269 607 296 οὒ
623 269 663 306 τῷ
677 270 812 304 κολάζειν,
823 270 892 297 ἀλλὰ

101 315 139 350 τῷ
155 315 244 341 δοκεῖν
259 314 420 342 κολαστικὸν
432 312 514 343 εἶναι.
539 315 625 343 Τοῦτο
639 316 667 343 δὲ
679 306 746 352 ἦθος
759 316 891 348 εὐσταθὲς

101 363 182 394 ποιεῖ,
198 362 246 389 καὶ
261 363 277 397 ἡ
292 362 346 388 τῶν
361 362 471 389 οίκείων
489 362 598 398 τρόπων
613 363 745 398 σεμνότης
761 363 810 389 καὶ
831 364 890 389 ἐπι-

103 407 208 442 μέλεια.
232 408 364 444 Ὀργίλων
376 408 405 434 δέ
422 408 522 444 μᾶλλον
537 409 690 444 ἀνθρώπων
704 409 721 445 ἢ
738 409 890 445 φρονίμων,

102 454 130 481 αἱ
145 455 280 486 κολάσεις
294 455 392 487 οἵτινες
407 456 510 491 ἀπορία
524 456 571 482 τοῦ
592 456 768 492 δημαγωγεῖν
784 456 891 492 σωφρό-

102 509 166 533 νως,
183 501 228 527 ἐπὶ
242 501 272 527 τὺ
289 501 416 534 κολάζειν
429 501 575 537 τρέπονται
596 502 705 538 ῥᾳδίως.
725 502 781 530 Καὶ
795 503 825 529 τὺ
842 502 891 537 μὲν

102 545 149 572 καὶ
167 545 181 571 ό
200 545 435 582 τυραννικώτατος
456 546 584 582 πράξειεν
601 547 634 573 ἂν
646 555 653 562 ⁸
669 547 699 574 τὸ
719 547 759 580 δὲ,
778 548 858 583 μόνος
872 548 892 582 ¹ό

103 591 309 628 ἀρχικώτατος·
329 592 408 627 εῐπερ
426 592 556 628 ἄρχοντος
578 593 664 628 ἀρετὴ
698 593 735 629 μὴ
757 593 890 629 φθείρειν,

102 637 170 664 ἀλλὰ
185 638 295 670 πλείους
309 638 357 665 καὶ
372 638 511 674 βελτίονας
529 640 616 666 ποιεῖν
631 639 695 671 τοὺς
710 640 890 676 ἀρχομένους.

138 727 195 760 μη¹.
218 725 365 760 ’Δρχοντος
381 725 431 760 μέν
445 734 518 757 τινες
533 725 639 761 ἔφησαν
657 727 776 763 ἀρετὴν,
798 728 830 755 ἐκ
848 737 893 763 μι-

101 772 171 806 κρᾶς
184 772 305 806 μεγάλην
317 772 393 798 πόλιν
406 771 528 807 ποιῆσαι·
540 773 596 807 ἐγὼ
605 773 634 799 δὲ
645 773 744 808 μᾶλλον
754 774 787 800 ἂν
797 775 891 810 φαίην,

101 817 133 844 τὸ
147 818 179 844 ἐκ
193 817 299 852 φαύλης
312 817 461 844 σπουδαίαν
471 819 689 853 παρασκευάσαι.
703 819 757 846 Τοῦ
773 820 823 855 μὲν
837 820 892 855 γὰρ

102 864 150 890 καὶ
171 863 276 899 καιρῶν
291 863 423 896 πολλάκις
443 864 515 899 φορὰ
530 864 625 898 γέγονε
648 865 791 901 παραιτία.
808 865 846 892 Τὸ
863 865 891 892 δὲ
906 874 929 903 Β

101 910 152 936 οὐκ
166 909 224 937 ἐστι
247 911 285 946 μὴ
312 910 373 945 οὐχὶ
389 910 465 945 παρὰ
485 910 533 937 τοῦ
547 910 648 945 ἀριστα
663 911 829 944 διοικοῦντος
845 920 892 947 γε-

102 955 206 983 νέσθαι.
224 957 273 983 ’ον
287 957 320 984 σὺ
331 956 501 992 παραζηλῶν
511 977 518 990 ,
534 957 568 983 δι’
583 954 622 984 ὧν
638 956 793 993 κατορθοῖς,
807 958 892 994 ἀρετῇ

102 1001 151 1038 τὴν
168 1002 223 1029 τῶν
236 1003 395 1040 ἀρχομένων
410 1003 504 1036 αὔξεις
517 1003 666 1032 πολιτείαν.

139 1089 192 1125 μθ’.
208 1091 313 1127 Ὥσπερ
331 1092 420 1126 τεῖχος
440 1091 551 1127 σαθρὸν,
576 1091 628 1119 κάν
644 1091 733 1123 οίκίας
753 1091 828 1118 ἔνδον
843 1092 893 1129 ἔχῃ

101 1136 242 1172 λαμπρὰς,
263 1137 310 1163 καὶ
332 1137 422 1172 ἀέρων
443 1137 604 1173 εὐκρασίαν,
625 1138 673 1165 καὶ
692 1138 794 1164 ώνείων
811 1139 894 1173 ἀφθο-

103 1182 174 1214 νίαν,
189 1182 263 1217 ὅμως
278 1182 329 1217 τὴν
345 1183 424 1209 πόλιν
439 1183 614 1216 ἐξευτελίζει·
629 1183 715 1215 οὕτως
729 1184 753 1210 oi
769 1185 833 1220 περὶ
847 1183 893 1210 τὸν

103 1228 223 1263 ἄρχοντα.
236 1228 344 1264 φαῦλοι,
358 1230 406 1256 καὶ
417 1229 462 1256 τὸν
476 1230 581 1258 ἐκείνου
595 1230 816 1258 συνδιαϐάλλουσι
829 1232 894 1265 τρό-

103 1282 167 1301 πον,
193 1275 225 1301 Oi
251 1274 306 1309 γὰρ
330 1275 443 1302 ἐκείνων
468 1276 519 1312 τῆς
547 1277 682 1312 πονηρίας
708 1276 895 1313 λαμϐάνοντες

105 1321 213 1355 πεῖραν,
228 1321 334 1348 καὶτὸν
344 1322 390 1348 ὑπ’
402 1322 491 1349 αὐτῶν
503 1323 739 1361 δορυφορούμενον
750 1323 895 1359 παραπλή-

104 1375 163 1393 σιον
178 1367 417 1403 ὺπολαμῦἀνουσιν
430 1367 513 1397 εῖναι.

139 1461 171 1486 ν’.
184 1458 307 1493 Μηδενὸς
320 1460 505 1495 παρανομίαν,
514 1459 566 1487 κᾶν
575 1460 640 1495 δοκῇ
654 1459 688 1487 δι’
699 1460 785 1495 αὐτῆς
795 1460 897 1495 εὑημε-

106 1505 181 1539 ρεῖν,
195 1505 354 1543 ἐπαινέσῃς.
378 1505 496 1533 Ἐκεῖνόν
511 1514 541 1532 τε
556 1506 611 1542 γὰρ
627 1506 728 1541 μᾶλλον
741 1508 781 1539 εἰς
796 1507 897 1533 κακίαν

106 1551 286 1587 ὺπαλείψεις,
307 1553 354 1578 καὶ
378 1552 491 1579 σεαυτὸν
517 1553 558 1584 είς
582 1552 777 1589 παραπλησίαν
797 1552 896 1588 πρᾶξιν
909 1548 931 1577 α

106 1597 203 1633 καιρὸν
227 1598 368 1633 ἐπιζητεῖν
395 1597 567 1633 ἀπελέγξεις.
594 1599 623 1625 '0
647 1599 703 1635 γὰρ
727 1599 781 1634 πρὸ
797 1598 896 1634 καιροῦ

104 1642 203 1676 ταῦτα,
218 1643 252 1670 δι’
267 1641 304 1670 ὦν
321 1645 439 1677 ἐπαινεῖ,
454 1644 681 1681 προθυμούμενος
693 1645 740 1672 καὶ
755 1644 854 1680 τιμῶν,
871 1643 898 1671 τί

106 1687 143 1716 ἂν
154 1689 184 1715 οὺ
199 1689 309 1725 ποιήσοι
323 1689 445 1717 τοιούτου
461 1690 731 1726 παραπεπτωκότος;

144 1851 195 1875 να¹.
222 1848 252 1875 '0
266 1848 322 1875 τῶν
338 1848 479 1884 ἀρχόντων
495 1848 610 1883 τρόπος,
627 1848 709 1882 νόμος
721 1848 825 1882 γίνεται
841 1849 898 1880 τοῖς

107 1893 162 1920 ὕπὺ
173 1895 263 1929 χεῖρα.
273 1894 307 1921 Εἰ
319 1903 346 1921 τι
361 1893 408 1921 οὖν
424 1893 455 1920 τὸ
471 1893 573 1929 πλῆθος
587 1894 779 1929 ἐξαμαρτάνει,
797 1893 836 1925 είς
853 1893 900 1920 τὸν

106 1940 226 1975 ἄρχοντα
249 1939 298 1975 τὴν
320 1940 410 1967 αἰτίαν
431 1940 606 1975 ἀναπέμπει,
627 1939 710 1966 πόσον
731 1939 780 1966 οἴει
800 1939 899 1966 σαυτὸν

106 1984 208 2020 ἀρετῆς
229 1984 437 2020 ἐπιμελεῖσθαι,
465 1985 513 2010 καὶ
538 1985 686 2020 χρεωστεῖν
708 1984 753 2010 ἀεὶ
773 1983 820 2010 ἐπὶ
843 1984 898 2016 τοῖς

107 2030 199 2061 καλοῖς
219 2030 401 2066 ἐγρηγορέναι
409 2037 417 2063 ;

143 2086 194 2121 νβ’.
217 2086 310 2122 Πάοης
329 2086 456 2121 πράξεως
472 2086 555 2122 βουλὴ
577 2085 762 2122 προηγείσθω.
788 2086 822 2113 Δί
843 2086 898 2121 γὰρ

108 2132 305 2159 ἁνεπίσκεπτοι
318 2133 441 2168 πράξεις,
453 2132 491 2164 ὡς
501 2133 536 2160 τὰ
548 2133 633 2159 πολλά
647 2132 792 2168 σφαλεραί’
806 2133 854 2159 καὶ
867 2132 899 2159 τὸ

110 2177 328 2212 κατορθούμενον
339 2197 346 2207 .
367 2178 480 2209 δικαίως
496 2178 529 2204 ἂν
546 2178 636 2208 αἰτίας
655 2177 739 2213 ἄλλης
754 2177 836 2213 ἔργον
857 2186 899 2204 νο-

944 223 1059 251 randus.

979 270 1023 297 47.
1047 268 1108 296 Vim
1125 269 1233 304 imperii
1248 269 1372 297 obtinere
1386 273 1494 305 oportet
1511 277 1566 297 non
1585 267 1738 304 puniendo.

944 315 993 343 sed
1017 316 1174 350 opinionem
1202 315 1320 343 fovendo
1339 316 1502 351 severitatis.
1526 315 1602 342 llauc
1629 322 1737 342 morum

944 365 1074 396 procurat
1086 361 1231 394 stabilitas,
1251 361 1369 396 gravitas
1386 367 1415 390 et
1443 362 1536 390 sedula
1551 360 1736 389 observantia.

946 407 1041 435 Poenas
1057 408 1178 444 infligere
1192 407 1392 443 frequentiores
1409 408 1532 436 iracundi
1547 408 1638 443 potius
1655 415 1737 442 quam

943 454 1086 489 prudentis
1107 460 1158 482 est.
1182 455 1224 482 Illi
1239 455 1312 483 enim
1329 454 1408 482 facile
1434 455 1468 482 ad
1492 454 1659 490 puniendum
1690 453 1738 480 de-

943 502 1089 534 scendunt,
1116 510 1178 529 cum
1193 510 1243 538 per
1256 502 1392 530 defectum
1406 500 1599 529 moderationis
1617 500 1738 527 mulcere

943 547 1069 575 homines
1083 548 1220 575 nesciunt.
1236 548 1358 581 Quorum
1379 548 1494 574 alterum
1512 550 1653 581 tyrannus.
1670 545 1739 571 alte-

943 601 1003 621 rum
1024 594 1047 622 is
1062 595 1137 635 solus
1151 596 1196 630 qui
1213 595 1328 630 imperio
1351 594 1449 630 dignus
1462 593 1543 620 faciet
1562 601 1568 619 :
1587 592 1666 626 cujus
1686 590 1740 618 vir-

945 645 987 669 tus
1006 645 1048 669 est
1062 642 1210 677 praecipua,
1234 649 1291 668 nou
1313 641 1439 676 perdere,
1459 639 1506 668 sed
1529 639 1657 666 meliores
1679 637 1740 666 red-

943 689 1007 715 dere
1020 695 1085 716 suos
1100 688 1235 715 subditos.

978 733 1023 761 48.
1048 732 1119 761 Sunt
1139 733 1186 768 qui
1200 732 1378 768 pronuntiant
1394 733 1428 760 ad
1452 731 1570 760 cilicium
1590 730 1660 767 regis
1685 730 1738 758 im-

943 780 1040 815 primis
1065 780 1213 815 pertinere,
1240 778 1435 814 rempublicam
1462 786 1478 806 e
1501 786 1584 814 parva
1610 785 1738 813 magnam

944 826 1054 853 facere:
1078 826 1145 853 mihi
1169 825 1260 861 potius
1284 825 1401 857 videtur,
1418 833 1452 852 ex
1475 824 1599 860 improba
1627 824 1740 859 probam

944 871 1123 899 constituere.
1138 871 1207 898 lllud
1220 871 1292 898 enim
1309 871 1446 899 interdum
1473 869 1625 897 occasionis
1641 875 1739 896 cursus

943 922 1055 953 praestat
1075 926 1082 945 :
1102 918 1155 945 hoc
1175 918 1252 945 nullo
1275 917 1356 945 modo
1383 917 1541 952 contingere
1574 919 1663 951 potest
1686 914 1739 942 nisi

943 973 991 1000 per
1001 965 1103 999 optime
1122 966 1313 1000 imperantem.
1329 963 1408 991 Hune
1424 968 1451 990 tu
1464 963 1488 990 si
1507 962 1629 990 imitatus
1642 961 1747 994 fueris,.

943 1010 998 1038 tuis
1017 1011 1154 1046 praeclaris
1174 1010 1252 1038 factis
1275 1018 1332 1038 rem
1362 1009 1536 1038 subditorum
1563 1015 1739 1037 communem

942 1056 1044 1084 virtute
1059 1056 1247 1092 promovebis.

978 1101 1023 1129 49.
1047 1101 1146 1128 Moenia
1172 1102 1244 1128 sicut
1265 1101 1373 1128 ruinam
1401 1100 1567 1133 minitantia,
1589 1099 1685 1126 urbem
1710 1098 1739 1125 in

943 1152 1131 1182 contemptum
1149 1148 1264 1179 ducunt,
1280 1147 1343 1174 licet
1361 1147 1428 1174 alias
1448 1147 1563 1182 pulchre
1577 1145 1751 1172 aedificatam-

943 1193 1069 1226 inlerius,
1085 1193 1156 1221 aeris
1168 1193 1339 1225 salubritate,
1355 1198 1382 1220 et
1394 1200 1486 1220 rerum
1499 1192 1636 1219 venalium
1656 1191 1740 1218 uber-

945 1244 999 1267 tate
1019 1243 1150 1275 praastet:
1167 1239 1204 1266 ita
1215 1247 1323 1274 quoque
1339 1242 1366 1266 et
1381 1238 1455 1274 impii
1479 1238 1550 1273 apud
1575 1237 1740 1273 principem,

945 1293 1000 1313 una
1018 1293 1081 1313 cum
1102 1285 1236 1320 ipsorum,
1258 1289 1286 1312 et
1309 1285 1368 1320 ejus
1387 1285 1468 1312 etiam
1487 1285 1571 1311 vitam
1592 1283 1743 1318 vituperari

945 1331 1049 1359 faciunt
1064 1339 1070 1357 :
1083 1338 1146 1357 nam
1164 1329 1289 1365 quisquis
1304 1329 1411 1356 illorum
1427 1328 1576 1364 nequitiam
1590 1327 1744 1362 experitur,

946 1386 1008 1405 eum
1025 1377 1053 1404 in
1073 1377 1151 1412 cujus
1164 1382 1229 1405 sunt
1242 1376 1381 1409 satellitio,
1412 1376 1480 1411 ipsis
1495 1375 1608 1403 omnino
1624 1374 1744 1402 similem

947 1423 1137 1451 arbitrabitur.

983 1470 1028 1497 50.
1045 1469 1152 1497 Nullius
1168 1468 1371 1505 improbitatem
1397 1466 1583 1499 commendes,
1599 1466 1663 1493 licet
1678 1465 1746 1493 inde

947 1516 1074 1543 videatur
1099 1515 1162 1542 felix
1189 1522 1252 1542 esse
1267 1523 1275 1541 :
1292 1522 1355 1541 nam
1377 1513 1429 1541 hoc
1451 1512 1532 1540 modo
1557 1512 1590 1538 ad
1610 1511 1743 1546 majorem

949 1562 1152 1598 improbitatem
1185 1561 1356 1597 provocabis.
1382 1564 1410 1587 et
1427 1559 1612 1595 suspicionem
1635 1557 1746 1585 creabis

949 1609 1118 1644 probabilem
1143 1615 1168 1635 te
1190 1612 1295 1634 tantum
1317 1604 1436 1641 opperiri
1457 1605 1629 1632 occasionem
1655 1608 1685 1630 ut
1705 1601 1743 1629 illi

949 1655 1045 1683 similis
1060 1655 1117 1682 fias.
1141 1654 1220 1682 Certe
1235 1654 1282 1689 qui
1296 1653 1417 1681 nondum
1433 1651 1496 1679 data
1507 1651 1579 1686 justa
1597 1649 1743 1678 occasione

949 1701 1077 1729 aﬂectum
1103 1709 1133 1728 se
1153 1700 1274 1728 ostendit
1302 1707 1365 1735 erga
1393 1698 1438 1725 illa
1467 1705 1528 1732 qua;-
1557 1696 1744 1727 commendat,

949 1747 1017 1775 nihil
1040 1747 1085 1774 ille
1107 1754 1162 1774 non
1189 1746 1318 1774 eﬂectum
1342 1744 1418 1772 dabit
1444 1748 1472 1771 ut
1492 1744 1611 1779 primum
1634 1742 1745 1770 occasio

947 1793 1021 1828 justa
1037 1792 1174 1820 inciderit.

985 1850 1030 1877 51.
1044 1849 1133 1879 Mores
1149 1849 1304 1884 principum
1328 1848 1395 1883 legis
1411 1848 1470 1875 vice
1485 1851 1548 1875 sunt
1562 1846 1632 1881 apud
1648 1845 1744 1873 subdi-

949 1901 1001 1927 tos.
1034 1897 1163 1931 quocirca
1188 1904 1250 1924 cum
1277 1895 1437 1930 delinquant
1467 1894 1604 1926 homines,
1631 1900 1742 1920 causam

949 1942 1078 1977 rejiciunt
1093 1942 1121 1969 in
1137 1941 1327 1976 imperantem.
1343 1940 1402 1973 Quo
1417 1945 1444 1967 te
1453 1947 1518 1975 ergo
1541 1947 1613 1966 nexu
1634 1937 1746 1966 obstri-

949 1993 1023 2015 ctum
1043 1988 1129 2015 teneri
1151 1992 1240 2023 putas,
1253 1991 1282 2014 ut
1302 1986 1376 2014 omni
1390 1993 1442 2021 ope
1455 1992 1592 2020 operaque
1612 1984 1742 2012 virtutem

950 2034 1034 2066 colas,
1051 2039 1079 2062 et
1093 2034 1174 2062 bonis
1187 2033 1266 2061 factis
1277 2033 1390 2070 agendis
1407 2031 1550 2068 invigiles?

984 2090 1029 2118 5‘2.
1052 2090 1195 2119 Actionem
1216 2097 1407 2126 quamcunque
1433 2089 1577 2117 consilium
1594 2087 1741 2123 praecedat.

950 2137 1020 2164 Sunt
1035 2136 1108 2165 enim
1124 2136 1234 2164 lubricae
1247 2141 1275 2163 et
1287 2136 1458 2171 periculosm,
1477 2142 1538 2169 qua:
1551 2134 1611 2161 sine
1626 2133 1742 2161 consilio

950 2188 1124 2220 peraguntur.
1151 2183 1230 2216 Quod
1249 2183 1272 2210 si
1286 2182 1349 2218 quid
1375 2182 1446 2209 forte
1468 2180 1631 2208 successerit
1659 2180 1740 2212 bene,

111 2222 221 2258 μισθείη
239 2222 350 2258 μᾶλλον,
366 2223 383 2258 ἢ
397 2224 448 2258 τῆς
462 2223 509 2249 τοῦ
525 2222 656 2255 πολλάκις
672 2223 895 2259 παρασφαλὲντος

952 2239 1001 2259 nee
1032 2230 1141 2266 quidem
1166 2230 1266 2265 injuria
1294 2229 1405 2256 aliunde
1437 2228 1596 2255 censebitur
1616 2227 1741 2254 evenisse

108 2270 198 2305 ὁρμῆς
208 2269 257 2296 καὶ
269 2269 456 2304 περιπετείας.

145 2384 196 2414 vf.
213 2380 303 2415 'A-rtsp
317 2358 407 2415 χεῖρες
421 2378 538 2411 πολλῶν,
555 2379 602 2406 καὶ
615 2378 756 2410 πολλάκις,
774 2378 824 2405 οὐκ
839 2379 898 2414 εῑρ·

109 2427 238 2462 γάσαντο,
254 2426 340 2452 ταῦτα
354 2425 436 2462 βουλὴ
452 2425 501 2460 μία
513 2425 561 2452 καὶ
577 2424 686 2459 ἐφάπαξ
698 2423 896 2460 κατεπράξατο.

109 2471 150 2499 Δι’
165 2471 179 2498 δ
192 2471 334 2498 εὐϐουλίαν
350 2471 472 2506 προτίμα
487 2469 674 2505 πολυχειρίας.

952 2277 1042 2312 potius
1064 2285 1144 2312 quam
1167 2276 1201 2304 ab
1214 2277 1318 2311 impetu
1334 2280 1361 2303 et
1372 2275 1484 2302 fortuita
1499 2274 1559 2309 ejus
1581 2273 1742 2309 operatione

950 2321 996 2356 qui
1007 2322 1168 2356 plerumque
1186 2321 1255 2348 solet
1265 2321 1403 2347 aberrare.

984 2378 1028 2406 53.
1051 2377 1118 2411 Quae
1140 2377 1289 2405 multorum
1315 2375 1452 2407 manibus,
1477 2378 1505 2402 et
1522 2373 1654 2402 continuo
1674 2380 1745 2408 ope-

949 2425 1083 2456 tantibus,
1098 2425 1169 2452 haud
1185 2423 1373 2459 perficiuntur,
1389 2422 1434 2449 illa
1442 2421 1523 2448 unico
1531 2420 1645 2448 consilio
1658 2419 1743 2448 unius

949 2477 977 2499 et
999 2472 1084 2499 semel
1101 2475 1161 2498 actu
1185 2474 1313 2498 eventum
1331 2468 1492 2495 sortiuntur.
1516 2467 1609 2501 Itaque
1634 2471 1744 2494 rectum

893 2529 894 2533 π
949 2517 1094 2544 consilium
1115 2516 1260 2543 multorum
1273 2514 1399 2541 manibus
1412 2512 1576 2548 pratuleris.

145 2571 192 2600 νδ’.
219 2571 351 2607 Προνοίας
377 2572 523 2608 ἐπίκουρος
553 2573 571 2608 ἠ
601 2573 741 2607 μετάνοια,
765 2573 784 2600 ἃ
810 2573 899 2600 τοίνυν

109 2617 219 2650 ἐκείνην
236 2617 342 2644 διέλαθε
361 2618 407 2644 καὶ
421 2618 550 2645 ἐκπίπτει
562 2638 571 2651 ,
584 2617 654 2654 αὕτη
665 2618 752 2646 ταῦτα
768 2619 899 2646 ἐπανελθ-

112 2663 182 2699 μένη
193 2663 360 2699 διορθούσθω
375 2664 422 2691 καὶ
433 2664 598 2697 διασωζέτω.

147 2724 194 2749 ve’.
216 2721 246 2748 Ὁ
261 2721 367 2756 φθόνος,
382 2721 457 2757 πάσῃ
471 2722 520 2757 μὲν
533 2722 606 2757 ψυχῇ
621 2721 726 2757 μεγάλη
738 2721 816 2753 νόσος
828 2730 836 2738 υ
849 2730 899 2757 με-

111 2767 192 2803 γίστη
204 2767 243 2800 δέ,
261 2767 378 2803 μάλιστα
392 2769 450 2800 τοῖς
463 2769 493 2796 ἐν
504 2768 623 2804 ἐξουσίᾳ.
647 2768 765 2804 Ἀνάγκη
782 2768 846 2804 γὰρ,
859 2766 900 2801 οἷς

112 2814 254 2848 συνεργοῖς
271 2814 364 2850 μέλλει
378 2814 497 2851 χρῆσθαι
513 2816 560 2843 καὶ
576 2815 633 2850 βίου
651 2815 699 2842 καὶ
713 2815 816 2847 πόλεως
831 2816 900 2851 πρὸς

111 2859 296 2896 εὐδαιμονίαν,
310 2862 422 2894 τούτους
437 2862 503 2897 ὀρᾷν
513 2862 551 2894 ὡς
566 2861 690 2898 ἐχθροὺς,
704 2862 747 2890 διὰ
760 2862 810 2899 τὴν
825 2861 900 2889 ἐνοῦ-

984 2574 1029 2601 δι.
1050 2572 1206 2607 Adjuvassit
1228 2571 1389 2607 pmnitentia
1406 2571 1616 2606 providentiam.
1640 2570 1668 2597 Si
1679 2577 1764 2605 quae.

950 2619 1030 2655 igitur
1045 2619 1120 2646 illum
1135 2618 1264 2646 latuerint
1281 2622 1309 2645 et
1321 2617 1477 2653 eﬂ'ugerint,
1492 2618 1551 2646 hac
1561 2620 1697 2652 resumpta
1713 2621 1746 2644 et

949 2664 1091 2692 recollecta
1106 2662 1235 2691 resarciat
1249 2668 1276 2691 et
1290 2667 1443 2691 conservet.

944 2732 946 2734 ·
985 2723 1031 2751 55.
1055 2722 1103 2750 Est
1117 2721 1219 2749 invidia
1243 2721 1431 2756 cujuscunque
1448 2720 1545 2748 anima:
1567 2718 1678 2747 morbus
1695 2718 1745 2745 in-

950 2777 1026 2804 gens,
1043 2768 1090 2796 sed
1110 2776 1165 2803 pra:
1181 2767 1241 2795 aliis
1257 2768 1307 2795 viri
1326 2775 1388 2795 cum
1403 2768 1558 2803 principatu
1570 2765 1742 2793 exsistentis.

951 2815 1067 2842 Necesse
1089 2815 1162 2842 enim
1184 2814 1266 2842 habet
1278 2814 1339 2842 illos
1362 2819 1489 2848 tanquam
1511 2813 1605 2841 hostes
1628 2811 1741 2844 intueri,

951 2865 1061 2897 propter
1081 2860 1202 2889 innatam
1220 2861 1286 2896 ipsis
1299 2861 1439 2894 virtutem,
1458 2863 1486 2888 et
1500 2866 1533 2888 ex
1546 2858 1653 2887 insidiis
1665 2858 1745 2887 velut
