1940 3087
169 128 223 161 675

741 117 873 149 ΡΗΟΤΙῚ
891 112 1146 147 PATRIABCHJE
1163 112 1218 143 ΟΡ.

1751 100 1806 134 676

173 189 264 215 hostes
286 183 397 215 adoriri,
416 189 485 217 quos
499 180 556 208 vult
570 185 598 207 et
611 179 691 207 debet
716 178 847 206 adhibere
866 184 965 211 eoope—
976 188 985 206 λ

1041 184 1065 201 ιν
1081 173 1192 210 ἀρετὴν,
1211 171 1258 198 καὶ
1277 168 1463 197 ἐπιδουλεύειν
1488 167 1526 198 ὡς
1552 164 1703 201 πολεμίοις.
1722 161 1760 190 05
1779 163 1807 190 τί

171 238 265 260 rantes
292 231 326 258 ad
351 237 426 257 suam
449 227 534 262 ipsius
557 231 585 253 ct
619 225 774 260 reipublicae
809 224 964 251 felicitatem

172 275 401 306 constituendam.
426 273 485 306 Quo
510 271 620 307 quidem
643 270 712 298 nihil
726 270 767 298 vel
784 268 967 305 perniciosius

174 324 216 352 vel
230 321 340 350 stultius
355 327 417 347 esse
429 321 523 353 queat.

209 369 254 397 56.
279 370 309 396 ln
335 371 466 402 quantum
489 365 597 392 vitanda
617 369 659 392 est
675 363 786 396 invidia,
812 363 841 390 in
861 367 968 389 tantum

172 415 352 443 annitendum
368 418 398 440 ut
412 412 594 439 invideamur.
616 411 650 437 Et
665 411 717 437 hoc
735 409 868 444 imprimis
891 409 968 444 prin-

174 461 227 497 cipi
248 460 387 492 convenit,
414 466 495 493 quem
519 466 573 485 non
587 462 628 484 est
642 456 763 492 proclive
792 455 931 483 malevolis
940 459 970 482 ιιι

175 507 285 535 laedant.
312 506 391 539 Quod
415 505 439 532 si
469 509 561 531 autem
584 502 789 538 comprimenda
811 502 846 529 sit
871 501 970 529 invidia

175 555 230 587 (est
243 552 315 580 enitn
329 551 418 579 bellua
434 551 523 578 audax
537 549 672 585 imprimis
687 552 714 576 et
728 547 904 583 versipellis),
921 548 972 575 im-

177 599 332 634 pressiones
362 598 423 633 ejus
456 597 567 624 eludere
605 599 722 631 oportet,
755 602 809 622 non
842 594 971 622 virtutem

177 644 336 677 minuendo,
373 643 422 670 sed
451 643 640 670 moderatione
679 641 844 673 animorum,
870 645 898 667 et
924 647 973 675 per

179 692 323 726 quamdam
348 689 560 718 diminutionem
588 687 857 722 subtractionemque
881 690 974 714 osten-

180 738 255 765 tandi
278 741 450 772 potestatem,
477 740 504 763 ct
519 734 674 762 declarandi
701 732 922 768 superioritatem
945 731 974 759 in

180 785 264 812 rebus
278 791 334 811 non
353 782 435 810 nimis
450 781 623 809 necessariis.

217 839 336 867 57.Cum
346 839 455 866 sibimet
468 838 517 873 ipsi
535 838 596 872 quis
611 835 796 871 imperaverit,
806 839 862 862 tum
876 842 905 862 se
919 834 976 862 suis

1014 220 1047 247 ἂν
1062 220 1104 255 εἴη
1115 216 1308 254 ὁλεθριώτερον
1324 215 1342 251 ἢ
1353 214 1552 250 ἀφρονέστερον
1563 219 1571 245 ς

1052 359 1107 389 νς¹.
1120 356 1203 382 Ὂσον
1220 355 1248 381 δὲ
1262 354 1301 381 δεῖ
1314 354 1409 388 φυγεῖν
1422 352 1453 379 τδ
1468 352 1575 387 φθονεῖν
1589 370 1597 383 ,
1613 349 1740 376 τοσοῦτον
1769 348 1810 375 δι-

1017 404 1099 431 ώκειν
1109 403 1139 430 τὸ
1151 401 1304 437 φθονεῖσθαι
1316 398 1552 436 (29).¹¹Λρχοντιδὲ
1566 397 1683 433 μάλιστα
1697 395 1810 431 πρέπει,

1020 450 1042 485 ᾧ
1061 450 1126 486 μηδ’
1142 449 1171 482 ἐξ
1192 448 1299 483 ἑτοίμου
1319 448 1337 482 ἡ
1357 446 1411 474 ἀπὺ
1429 445 1483 472 τῶν
1504 443 1672 478 φθονούντων
1695 443 1812 477 φέρεται

1021 498 1117 534 βλάϐη.
1134 497 1166 523 Εί
1176 496 1216 522 δεῖ
1228 495 1256 521 δὲ
1271 495 1345 529 ὅμως
1359 493 1403 520 τὸν
1420 492 1516 528 φθόνον
1539 489 1726 526 περιστέλλειν
1738 495 1748 523 t
1760 496 1813 513 πο-

1020 543 1177 579 λυμήχανον
1191 541 1245 577 γὰρ
1257 541 1304 567 καὶ
1321 540 1476 574 πάντολμον
1490 538 1521 564 τὺ
1537 537 1654 573 θηρίον),
1679 535 1729 561 οὐκ
1744 535 1813 569 ἀρε-

1022 592 1071 626 τῆς
1087 589 1244 620 ἐλαττώσει,
1259 588 1416 624 μετριότητι
1430 587 1458 613 δὲ
1471 586 1655 621 φρονήματος,
1671 583 1718 609 καὶ
1732 583 1815 616 ἀφαι-

1024 639 1097 675 ρέσει
1113 638 1160 664 καὶ
1177 637 1313 671 περικοπῇ
1328 635 1378 670 τῆς
1400 635 1428 660 ὲν
1442 634 1499 662 τοῖς
1510 633 1561 659 οὐκ
1576 630 1738 665 ἀναγκαίοις
1751 631 1814 655 ἑπι-

1022 684 1132 716 δείξεως
1144 683 1192 710 καὶ
1206 681 1382 714 πλεονεξίας,
1398 679 1449 712 τὰς
1464 678 1547 706 αὑτοῦ
1564 677 1673 713 βολίδας
1685 676 1815 712 διακρου-

1026 731 1114 758 στέον.

1062 827 1111 860 νζ¹.
1132 827 1217 854 Ὅταν
1235 835 1278 858 τις
1298 825 1370 862 ἄρχῃ
1390 822 1501 856 ἑαυτοῦ,
1521 821 1582 849 τότε
1606 820 1742 853 νομιζέτω
1768 820 1818 846 καὶ

181 866 298 914 subditis
325 886 459 920 imperare
477 866 555 919 putei
567 891 630 911 cum
641 866 752 910 ellectu.
779 866 831 908 Ubi
849 881 922 908 enim
938 880 975 908 illi

1044 874 1081 901 ὧν
1101 873 1230 909 ὑπηκόων
1250 873 1344 908 ἄρχειν
1367 870 1485 906 ἀληθῶς.
1501 869 1585 896 Ὅταν
1603 868 1658 903 γὰρ
1675 867 1751 894 ἴδωσι
1771 866 1818 911 τὸν

183 931 303 959 viderint
317 938 379 958 eum
393 930 439 964 qui
456 929 521 964 ipsis
537 933 643 964 praeest,
663 928 806 955 all’ectibus
821 927 878 954 suis
890 926 977 962 impe-

1043 921 1197 956 φεστηκότα
1215 919 1332 955 ἄρχοντα
1352 918 1447 946 παθῶν
1469 917 1516 944 καὶ
1537 914 1690 952 κρατοῦντα
1705 914 1816 949 ἡδονῶν,

183 983 301 1008 mntem,
328 976 516 1011 voluptatibus
545 975 741 1007 dominantem,
766 974 881 1001 libenter
903 960 979 1000 seet

1041 968 1086 994 ere
1102 967 1177 1001 πόθῳ
1190 967 1237 993 καὶ
1249 965 1357 996 ἑκόντες
1376 964 1423 991 καὶ
1441 964 1519 991 αὐτοὶ
1535 963 1773 997 ὑποταγήσονται·
1786 960 1821 987 ἂν

182 1030 246 1050 cum
271 1022 408 1049 desiderio
440 1020 588 1055 subjicient
619 1020 735 1055 imperio
766 1019 931 1054 ejuszquod
955 1017 979 1046 si

1041 1014 1056 1039 γὲ
1077 1011 1241 1047 ἀνδράποδον
1257 1011 1348 1038 ῐδωσιν
1368 1010 1464 1046 ἡδονῆς
1481 1009 1528 1036 καὶ
1551 1007 1647 1035 παθῶν
1659 1027 1666 1040 ,
1681 1006 1822 1042 ἀφόρητον

185 1069 370 1103 voluptatibus
397 1072 426 1095 et
452 1067 596 1094 affectibus
627 1067 683 1094 suis
709 1066 812 1094 servire
838 1065 979 1097 viderint,

186 1123 265 1143 servo
280 1115 392 1142 subesse
407 1121 462 1141 non
484 1113 633 1149 patientur.

223 1168 267 1195 58.
281 1167 405 1194 Judicem
420 1166 497 1193 illum
513 1166 647 1200 optimum
676 1166 820 1198 arbitrare,
844 1165 890 1200 qui
901 1163 982 1199 justi-

188 1213 233 1240 tia:
258 1216 384 1239 naturam
396 1216 423 1239 et
437 1211 623 1238 conditionem
643 1210 785 1238 celerrime
805 1210 878 1238 valet
892 1209 985 1236 animo

187 1257 409 1293 apprehendere,
437 1261 466 1284 et
493 1257 657 1284 intellectam
684 1256 780 1284 ordine
809 1255 934 1291 producit
956 1255 985 1282 in

189 1309 334 1338 apertum;
358 1302 404 1337 qui
425 1302 498 1329 celer
508 1302 542 1329 ad
556 1301 745 1336 opitulandum
764 1301 868 1328 accedit
887 1299 986 1335 injuria

191 1349 307 1380 allectis,
332 1349 526 1383 delinquentes
548 1348 653 1375 tardius
674 1347 771 1383 punit;
787 1347 832 1382 qui
848 1354 903 1374 non
924 1354 987 1373 cor-

193 1395 329 1430 rumpitur
351 1402 429 1426 auro,
454 1401 506 1421 nec
529 1393 639 1420 inﬂatur
660 1397 815 1428 potestate;
831 1392 877 1427 qui
904 1392 989 1419 vincit

194 1439 375 1472 iracundiam,
395 1446 445 1466 nec
459 1438 606 1466 clementia
618 1438 750 1470 vincitur;
766 1437 812 1473 qui
831 1436 989 1463 allinitatem

194 1487 291 1518 solam,
319 1485 478 1517 amicitiam,
514 1485 673 1520 popularem
702 1491 798 1511 auram
825 1491 881 1511 non
910 1483 991 1510 aliter

1030 1059 1179 1095 ἡγήσονται
1192 1057 1351 1094 ἀνδραπόδῳ
1368 1056 1504 1084 δουλεύειν
1520 1055 1608 1083 αὐτοί.

1067 1160 1119 1192 νη’.
1134 1157 1263 1192 Ἀριστον
1281 1155 1376 1190 νόμιζε
1397 1154 1528 1189 δικαστὴν
1541 1173 1548 1186 ,
1564 1153 1594 1185 ὃς
1612 1153 1691 1188 τάχει
1714 1155 1764 1187 μὲν
1777 1151 1824 1178 λος

1033 1203 1141 1239 γισμῶν
1160 1203 1210 1238 τὴν
1225 1202 1272 1229 τοῦ
1286 1202 1391 1229 δικαίου
1407 1200 1490 1236 φύσιν
1508 1198 1630 1235 θηρεύει,
1646 1198 1784 1234 θηρεύσας
1796 1198 1826 1224 δὲ

1036 1251 1084 1278 σὺν
1103 1250 1230 1286 ὀρθότητι
1249 1249 1376 1284 προάγει·
1400 1248 1447 1274 καὶ
1464 1246 1569 1282 πρᾶξαι
1593 1247 1642 1281 μὲν
1662 1246 1754 1272 ἀνεσιν
1768 1246 1826 1276 τοῖς

1036 1295 1223 1331 ἀδικουμένοις
1238 1295 1311 1328 ὀξὺς,
1331 1294 1431 1330 βραδὺς
1445 1293 1474 1320 δὲ
1494 1293 1610 1319 κολάσαι
1623 1293 1686 1323 τοὺς
1702 1291 1827 1326 ἁμαρτά-

1037 1352 1131 1374 νοντας
1145 1351 1152 1358 ο
1167 1343 1213 1369 καὶ
1229 1336 1372 1377 κρείττων’
1387 1341 1436 1376 μὲν
1451 1340 1576 1376 χρυσίου,
1592 1339 1643 1365 οὐκ
1661 1338 1780 1364 ἐλάττων
1798 1337 1828 1364 δὲ

1037 1389 1211 1420 δυναστείας·
1228 1388 1277 1415 καὶ
1293 1388 1402 1424 κρατῶν
1426 1388 1475 1422 μὲν
1494 1387 1591 1423 ὀργῆς,
1606 1386 1656 1421 οὐχ
1670 1385 1828 1422 ἡττώμενος

1038 1437 1067 1463 δὲ
1081 1436 1247 1472 συμπαθείᾳ·
1266 1437 1313 1463 καὶ
1327 1435 1412 1470 μόνην
1426 1435 1476 1470 μὲν
1492 1433 1657 1468 συγγένειαν
1674 1432 1722 1459 καὶ
1734 1431 1829 1467 φιλίαν

1041 1484 1088 1510 καὶ
1105 1483 1185 1516 δοξαν
1202 1481 1284 1515 οἶδεν,
1308 1483 1337 1508 ἐν
1355 1481 1394 1517 τῷ
1412 1479 1553 1513 δικάζειν,
1573 1479 1623 1514 τὴν
1643 1478 1828 1513 δικαιοσύνην·

195 1531 318 1566 agnoscit
339 1538 420 1565 quam
435 1538 498 1558 cum
510 1530 613 1566 iustitia
626 1529 784 1565 iudicando,
801 1529 888 1557 solttm
915 1529 985 1564 inju-

1041 1529 1124 1565 μόνην
1139 1530 1167 1555 δὲ
1186 1528 1364 1563 ἀλλοτρίωσιν
1380 1526 1428 1553 καὶ
1449 1525 1551 1562 ἔχθραν
1567 1525 1615 1552 καὶ
1635 1523 1743 1556 ἀδοξίαν
1753 1544 1762 1558 ,
1778 1524 1830 1560 τὴν

172 1588 174 1597 ι
195 1577 298 1605 stitiam
313 1584 330 1611 ιε
342 1584 372 1603 se
392 1575 520 1609 alienam,
544 1575 682 1603 inimicam
706 1575 757 1603 sibi
775 1579 803 1603 et
826 1575 990 1611 ignominio-

197 1631 255 1649 sam
270 1622 429 1663 arbitratur.

235 1680 279 1707 59.
299 1679 367 1714 Erga
382 1683 511 1714 cognatos
524 1683 553 1706 et
568 1678 663 1706 amnes
692 1678 749 1706 noli
764 1686 824 1706 esse
837 1678 991 1706 abalienato

198 1726 301 1758 animo,
320 1725 371 1752 levi
383 1725 416 1752 de
431 1733 514 1752 causa
528 1729 555 1752 et
570 1725 683 1752 incerta.
697 1724 763 1752 Nam
776 1729 914 1760 utcunque
926 1725 992 1752 sub-

199 1779 260 1799 esse
291 1776 405 1806 possunt
425 1771 541 1798 latentes
563 1779 653 1798 causae
678 1779 739 1806 quae
773 1771 835 1806 jure
861 1765 993 1798 excusent

200 1818 395 1851 abalienatum,
412 1817 450 1844 illi
465 1822 555 1845 tamen
566 1817 667 1852 quibus
686 1822 750 1844 sunt
762 1817 918 1853 incognitae,
937 1825 992 1845 non

200 1864 228 1891 in
243 1864 302 1891 illos
317 1863 465 1899 conjicient
484 1863 595 1898 culpant
617 1862 837 1895 abalienationis,
855 1863 903 1891 sed
917 1867 992 1890 tuam

201 1910 369 1938 accusabunt
403 1909 516 1936 omnino
544 1909 680 1936 levitatem
701 1914 729 1936 et
752 1908 851 1936 mentis
878 1908 993 1936 inﬁrmi-

203 1959 298 1983 tatem.

239 2011 283 2039 60.
306 2011 460 2046 Principem
483 2019 537 2038 non
558 2015 612 2038 tam
633 2010 732 2038 excolit
752 2011 840 2038 virtus
858 2011 953 2038 bellica
966 2015 994 2039 et

205 2058 309 2085 salvum
325 2062 445 2092 praestat,
459 2065 540 2091 quam
552 2056 705 2092 benignitas
720 2061 748 2084 et
759 2057 820 2092 pius
841 2057 866 2084 in
883 2064 994 2091 compa-

206 2103 301 2131 triotas
323 2102 445 2130 allectus.
469 2101 555 2130 Multi.
579 2102 660 2128 rebus
676 2101 778 2129 bellicis
800 2102 930 2137 praeclare
942 2101 993 2129 ad-

210 2149 381 2181 ministratis,
405 2148 478 2176 domi
499 2152 610 2183 propter
635 2148 825 2174 truculentiam
850 2156 900 2183 per
929 2155 994 2175 suos

1040 1576 1157 1603 ἀδικίαν.

1075 1672 1125 1700 νϐ’.
1142 1671 1233 1706 Μηδὲν
1245 1672 1294 1707 τῆς
1308 1671 1378 1707 πρὸς
1392 1671 1423 1698 τὸ
1438 1670 1573 1706 ὁμόφυλον
1590 1670 1738 1702 διαθέσεως
1752 1671 1831 1706 εὐχε-

1042 1720 1096 1755 ρῶς
1111 1719 1158 1746 καὶ
1173 1719 1256 1754 χωρὶς
1271 1718 1409 1754 ἐμφανοῦς
1422 1718 1512 1750 αἰτίας
1530 1717 1717 1753 μεταϐάλλοις.
1731 1718 1764 1743 Εἰ
1776 1718 1831 1752 γὰρ

1041 1767 1088 1793 καὶ
1102 1766 1336 1793 ὐπολανθάνουσαι
1351 1765 1417 1801 παρ’
1430 1766 1520 1793 αὐτῶν
1536 1767 1622 1793 αἰτίαι
1632 1765 1681 1801 τὴν
1698 1765 1766 1800 πρὸς
1780 1765 1830 1791 αὑ-

1041 1812 1104 1842 τοὺς
1119 1810 1270 1847 μεταϐολὴν
1284 1810 1394 1838 δικαίαν
1409 1811 1542 1843 ποιοῦσιν,
1556 1811 1614 1838 ἀλλ’
1631 1809 1678 1838 οὖν
1688 1811 1714 1837 οί
1728 1810 1832 1842 ταύτας

1043 1858 1081 1892 μὴ
1098 1856 1281 1892 συνορῶντες,
1297 1857 1347 1884 οὐκ
1375 1856 1495 1888 ἐκείνους
1517 1857 1684 1883 αἰτιάσονται
1707 1858 1757 1892 τῆς
1781 1857 1832 1891 σῆς

1042 1903 1107 1939 περὶ
1122 1903 1220 1935 αὐτοὺς
1239 1903 1425 1936 ἀλλοιώσεως,
1446 1903 1492 1930 σοῦ
1508 1903 1531 1930 δ’
1544 1903 1701 1939 ἀρρωστίαν
1721 1902 1769 1930 καὶ
1783 1903 1831 1929 εὐ-

1041 1950 1152 1986 χέρειαν
1163 1950 1382 1986 κατηγορήσουσι
1393 1951 1517 1985 γνώμης.

1079 2005 1111 2039 ξ’.
1128 2007 1183 2042 Οὐχ
1198 2006 1285 2037 οὓτως
1302 2008 1319 2042 ἡ
1336 2007 1365 2033 ἐν
1385 2006 1497 2042 πολέμῳ
1519 2007 1630 2042 ἀνδρεία
1648 2007 1695 2034 τὸν
1712 2007 1833 2043 ἄρχοντα

1042 2054 1142 2088 κοσμεῖ
1165 2053 1213 2079 καὶ
1230 2053 1328 2085 σώζει,
1345 2052 1384 2085 ὡς
1400 2054 1417 2089 ἡ
1441 2053 1509 2089 πρὸς
1532 2054 1595 2085 τοὺς
1611 2053 1765 2089 ὁμοφύλους
1785 2055 1834 2082 εύ-

1045 2099 1139 2134 μένεια
1153 2099 1200 2126 καὶ
1216 2099 1416 2133 φιλανθρωπία.
1434 2099 1530 2126 Πολλοὶ
1545 2099 1599 2134 γὰρ
1614 2099 1751 2134 πολεμίων
1765 2108 1835 2134 κρα-

1043 2146 1194 2181 τήσαντες,
1211 2145 1264 2172 ὑπὸ
1283 2145 1338 2172 τῶν
1353 2146 1462 2172 οἰκείων
1484 2144 1517 2172 δι’
1537 2145 1668 2180 ὠμότητα
1688 2145 1836 2180 διεφθάρη-

206 2194 381 2225 interit-runt,
401 2193 478 2220 multi
497 2200 545 2227 per
559 2200 623 2219 suos
642 2192 741 2219 servati
756 2192 904 2225 redierunt,
924 2200 985 2227 quo:

1045 2200 1095 2219 σαν
1106 2199 1112 2206 ·
1129 2192 1177 2218 καὶ
1192 2191 1286 2218 πολλοὶ
1301 2192 1378 2228 παρὰ
1394 2191 1492 2228 μικρὸν
1505 2191 1608 2218 ἁλῶναι
1622 2191 1763 2225 πολεμίοις
1776 2199 1835 2217 κιν-

208 2242 276 2269 bene
290 2241 412 2275 captivos
428 2239 551 2267 fecerunt
565 2239 676 2266 hostiles
693 2238 789 2274 copiae,
815 2247 905 2274 neque
917 2239 985 2266 enim

1043 2238 1239 2270 δυνεύσαντες,
1257 2237 1310 2264 ὑπὸ
1328 2238 1382 2264 τῶν
1405 2237 1550 2272 ὁμοφύλων
1573 2235 1759 2270 διεσώθησαν,
1778 2235 1836 2262 οὐδ’

207 2291 289 2313 Vitam
302 2286 340 2312 illi
355 2293 431 2313 suatn
446 2284 576 2320 principis
586 2285 664 2312 saluti
679 2284 867 2319 praetulerunt.

244 2387 288 2414 61.
309 2386 370 2413 lllos
397 2390 504 2420 oportet
537 2392 599 2412 cum
631 2385 789 2421 magistratu
819 2386 996 2420 constituere,

210 2433 256 2468 qui
281 2433 410 2459 virtutum
432 2431 554 2459 omnium
570 2431 648 2466 copia
668 2431 840 2458 instruuntur
855 2439 862 2458 :
877 2432 949 2467 quod
975 2433 998 2460 si

210 2487 266 2507 non
277 2478 351 2506 omni
367 2478 480 2508 virtute.
492 2476 597 2512 justiti:
612 2477 706 2504 saltem
721 2478 901 2505 instruantur.
911 2477 998 2511 Quid-

1044 2283 1110 2310 αὐτὸ
1126 2283 1156 2309 τὸ
1175 2283 1224 2319 ζῇν
1239 2283 1309 2318 ὑπὲρ
1323 2284 1373 2318 τῆς
1392 2283 1528 2319 σωτηρίας
1543 2281 1772 2318 προτιμησάντων
1786 2281 1836 2308 τοῦ

1045 2329 1185 2365 ἄρχοντος.

1082 2385 1134 2419 ξω.
1153 2387 1303 2422 Ἀρχοντας
1317 2387 1358 2413 δεῖ
1371 2386 1550 2420 καθιστάναι,
1570 2385 1690 2421 μάλιστα
1701 2384 1765 2420 τμὲν
1782 2385 1837 2410 πά-

1046 2441 1108 2465 σαις
1122 2432 1301 2464 πλουτοῦντας
1315 2434 1376 2465 ταῖς
1391 2434 1514 2468 ἀρεταῖςσ
1531 2434 1555 2459 εἰ
1568 2433 1597 2459 δὲ
1613 2433 1663 2468 μὴ,
1680 2432 1791 2463 πάντως
1805 2439 1838 2465 γε

1045 2479 1242 2511 δικαιοτάτους.
1257 2480 1310 2506 Καὶ
1321 2479 1375 2515 γὰρ
1399 2480 1417 2507 ἃ
1427 2481 1482 2512 τοῖς
1495 2480 1609 2515 ἄρχουσι
1623 2479 1838 2515 παρανομεῖται,

973 2577 1090 2607 ΝΟΤΔΕ.

249 2671 305 2706 (29)
326 2671 360 2699 Τὸ
371 2670 557 2706 φθονεῖσθαι.
572 2668 629 2696 Hoc
644 2672 699 2706 est,
711 2675 747 2706 ea,
757 2676 847 2706 agere,
870 2676 930 2704 qua:
946 2677 998 2697 nec

212 2704 315 2739 odiuui,
338 2704 388 2733 nec
401 2705 614 2737 miserationem,
630 2706 678 2732 scd
693 2704 822 2731 invidiam
837 2710 996 2739 procurant,

215 2741 341 2768 nimirum
354 2750 397 2769 res
410 2741 544 2776 praiclara:
554 2745 580 2776 et
591 2740 718 2776 illustres.
733 2739 852 2776 καὶ-*γᾴρ
869 2746 911 2776 τοι
921 2740 997 2776 ὅστις

214 2778 318 2807 τούτοις
333 2773 435 2809 φθονεῖ,
448 2775 536 2810 inquit
561 2775 663 2809 Lysias,
679 2773 725 2804 οὓς
743 2775 768 2800 ot
783 2774 857 2810 ἄλλοι
880 2773 995 2806 ἐλεοῦσι,

215 2811 287 2846 τίνος
309 2812 342 2837 ἂν
363 2812 426 2846 ὑμῖν
449 2813 471 2838 οἰ
486 2809 604 2846 τοιοῦτον.
629 2809 797 2846 ἀποσχέσθαι
812 2809 886 2837 δοκεῖ
911 2817 996 2845 πονη-

216 2845 293 2879 pias;
308 2844 435 2882 Appo'site
451 2846 552 2874 Statius
570 2844 713 2880 Papinius,

1085 2671 1211 2708 Quisnam
1226 2672 1358 2706 impacata
1374 2674 1602 2708 consanguinitate
1616 2672 1712 2699 locauit

1085 2706 1234 2744 F_ortuuam
1246 2707 1441 2744 inuidiamque?
1456 2706 1525 2735 Deus
1541 2709 1585 2744 qui
1593 2708 1674 2742 jussit
1687 2707 1794 2742 iniquus

1084 2741 1224 2769 [Eternum
1239 2742 1336 2769 bellare
1352 2743 1442 2770 Deus?
1458 2741 1707 2770 nullaiiine’notavit

1085 2777 1139 2813 illa
1152 2778 1269 2810 domum,
1288 2783 1359 2804 torvo
1376 2787 1455 2812 quum
1467 2787 1518 2805 non
1532 2780 1587 2806 hac
1602 2778 1700 2805 lumine
1717 2777 1784 2813 ﬁgat

1083 2811 1219 2847 Protinus,
1232 2817 1255 2840 et
1271 2821 1339 2840 mea
1354 2811 1486 2848 perturbet
1500 2814 1600 2850 gaudia
1615 2816 1718 2841 dextra.
