1940 3087
114 111 165 144 677
696 119 966 150 EPISTOLARUM
985 121 1101 151 LIBER
1120 122 1135 152 Ι
1139 145 1147 152 .
1699 125 1752 156 ϐ’ί8

112 169 198 196 ταῦτα
212 169 244 196 τὸ
259 171 337 205 μῖσος
359 171 408 198 καὶ
423 171 472 206 τὴν
489 171 574 209 ὀργὴν
590 172 637 199 τοῦ
657 174 778 210 πλήθους
795 175 832 206 εἰς

952 175 1017 210 quid
1034 177 1107 204 eiiim
1128 177 1296 212 deliquerint
1318 178 1504 214 magistratus,
1530 179 1624 208 odium
1649 187 1677 210 et
1710 184 1750 211 ira

112 217 358 251 προχειρισάμενον
372 217 513 253 ἀναφέρει.

957 229 973 248 a
986 222 1087 257 populo
1100 228 1243 258 concepta,
1261 229 1406 259 eapropter
1419 225 1447 251 in
1461 225 1530 267 illos
1545 227 1679 255 redundat
1702 237 1752 264 per

425 278 428 282 -
960 275 1028 303 quos
1046 274 1124 296 erant
1134 270 1287 298 constituti.

147 304 196 339 ξβ’.
225 305 394 340 Πολλαχόθεν
418 305 460 332 δεῖ
481 305 527 343 τὸν
553 307 673 343 ἄρχοντα
695 308 821 345 θηρεύειν

985 315 1030 342 62.
1059 314 1150 343 Multis
1164 316 1252 344 modis
1284 316 1434 351 principem
1453 322 1561 353 oportet
1575 320 1748 348 subdit0rum

111 349 238 384 ὑπηκόων
254 351 303 383 τὰς
320 351 432 386 γνώμας
443 372 450 384 ,
469 353 517 380 καὶ
537 354 609 380 οὕτω
625 358 764 388 κοινωνοῖς
779 357 832 393 χρῆ

951 365 1059 388 mentes
1087 361 1248 396 explorare,
1269 349 1299 388 ut
1322 349 1479 397 participes-
1493 371 1541 390 eos
1563 364 1600 391 ita
1619 365 1750 393 adhibeat

110 395 201 428 φιλίας
220 396 266 422 καὶ
281 396 368 433 ἀρχῆς
383 398 430 424 καὶ
453 398 653 434 βουλευμάτων·
673 401 793 437 πρῶτον.
811 404 832 430 ὲί

949 413 1011 433 cum
1029 406 1172 439 amicitiae,
1189 411 1247 434 tum
1274 407 1401 442 imperii,
1419 416 1452 435 ac
1467 409 1548 436 etiam
1571 411 1748 439 consiliorum

109 441 189 473 αὐτὸς
204 442 238 469 τὰ
253 445 324 470 κατὰ
338 444 388 479 τὴν
402 444 486 471 αὐτοῦ
498 446 587 473 οὶκίαν
601 448 747 483 οἰκονομεῖ·
760 449 832 476 δεῦτε

950 459 1079 480 suorum:
1113 461 1208 481 eorum
1230 453 1336 481 scilicet
1361 453 1495 488 imprimis
1517 456 1616 490 quibus
1643 458 1672 484 in
1697 466 1748 486 sua

109 487 138 519 ἐξ
152 483 190 514 ὧν
206 490 316 523 γυναικί
335 498 366 516 τε
386 492 432 517 καὶ
450 492 530 519 παισὶ
546 494 594 520 καὶ
609 494 714 526 δούλοις
732 496 832 522 συνδιαη

950 497 1035 533 ipsius
1058 499 1162 534 privata
1185 499 1288 527 familia
1310 499 1460 527 ordinanda
1481 501 1585 534 utitur;
1613 505 1746 536 secundo.

109 540 177 580 ut:
186 534 291 569 τρίτον,
313 536 342 569 ἐξ
357 533 395 564 ὧν
408 537 541 573 κέχρηται
557 540 614 571 τοῖς
638 540 741 575 φίλοις·
758 541 832 578 τέταε

949 544 1048 579 quibus
1083 545 1142 580 ipse
1175 553 1238 573 cum
1270 553 1376 578 uxore,
1408 546 1501 574 liberis
1539 553 1566 575 et
1599 549 1686 577 servis
1716 558 1748 578 sc

108 577 138 610 ἐξ
160 576 198 606 ὦν
217 581 287 616 πρὸς
307 583 370 614 τοὺς
388 585 420 610 ὲκ
443 585 573 618 γειτόνων
591 586 742 614 διάκειται·
764 588 812 615 καὶ
829 599 832 608 ι

949 576 1181 626 imperum-tertio
1191 613 1198 624 ,
1211 592 1313 627 quibus
1323 593 1410 620 utitur
1421 600 1485 629 erga
1500 594 1604 622 amicos
1616 616 1623 629 ,
1636 601 1746 630 quarto,

108 633 184 657 πτον,
201 623 282 675 ὲξ’ὧν
296 627 396 663 ἔχθραν
409 638 438 656 τε
453 630 613 666 ἀναδέχεται
629 633 677 659 καὶ
692 633 832 669 ἀμύνεται

948 637 1048 672 quibus
1068 645 1130 665 cum
1152 638 1250 665 vicinis
1273 639 1344 674 agit;
1366 639 1478 674 quinto}.
1496 641 1604 675 {quibus
1628 642 1747 670 inimici-

109 671 201 703 πᾶλιν,
220 669 261 703 οἷς
282 674 458 703 κατατίθεται
482 677 529 704 καὶ
557 677 710 706 διαλύεται.
733 681 824 708 Ἱκανὰ

949 669 1000 710 tias
1021 688 1148 715 exercet.
1175 688 1203 711 et
1225 669 1280 711 vim
1291 669 1408 712 “illata-tn
1431 669 1560 720 depellit,
1585 688 1628 714 vel
1650 696 1745 723 pacem

107 716 195 744 ταῦτα
208 717 289 752 φύσιν
303 720 398 755 ἀνδρὸς
415 725 616 759 τεκμηριῶσαι,
634 726 682 752 καὶ
695 726 781 760 δεῖξαι
795 736 828 761 γυ

948 729 1052 756 stabilit
1075 734 1102 757 et
1124 730 1389 758 reconciliationem.
1416 730 1561 760 Sulliciunt
1586 716 1677 760 autem
1694 735 1745 763 ista

109 765 292 812 τιροσωπείου,
313 767 363 794 καὶ
382 769 439 800 τοῖς
461 769 508 796 ἐπὶ
523 773 625 807 σκηνῆς
642 771 698 808 (30)
726 773 832 810 ὑποκρί‹

948 774 981 801 ad
1001 779 1126 802 naturam
1147 775 1267 802 hominis
1290 775 1482 811 cujuscunque
1509 778 1745 812 patefaciendam,

105 808 152 835 τὸν
168 808 312 845 ἄνθρωπον
329 811 472 849 θεωροῦσι.
798 808 804 810 ν

948 820 983 847 ad
1006 820 1251 848 demonstrandum
1262 842 1269 853 ,
1297 808 1366 848 nihil
1389 821 1416 848 in
1432 808 1478 849 illo
1492 808 1640 857 praetextus
1652 846 1659 857 ,
1676 808 1746 852 nihil

912 857 933 885 Β
949 866 1131 902 hypocrisews
1145 875 1221 900 esse,
1237 867 1393 902 cujusmodi
1408 869 1435 896 in
1450 877 1533 897 scena
1548 871 1636 898 solent
1648 872 1745 899 obser-

982 920 1014 939 l'l.

145 943 194 978 ξ’ί.
208 945 275 973 Τότε
290 948 387 984 κριτὴς
401 948 512 985 ἄριστος
531 950 581 988 ἔσῃ
595 952 651 980 τῶν
672 953 769 988 ἄλλων,
787 956 832 983 ὅτε

946 919 1014 941 Val'l.

981 957 1027 984 65.
1053 956 1121 984 Tum
1142 957 1276 992 judicium
1298 959 1400 994 optime
1424 959 1453 986 in
1489 960 1558 987 alios
1582 961 1743 996 exercebis,

103 992 205 1020 αὑτοῦἱ
238 994 415 1029 ἐπισκοπῶν,
442 996 521 1032 λόγον
548 999 667 1035 ἑκάστης
691 1002 817 1037 πράξεως

946 1010 1008 1030 cum
1026 1007 1086 1030 tuas
1100 1003 1186 1038 ipsius
1201 1004 1323 1032 actiones
1336 1005 1540 1041 contemplatus
1553 1027 1560 1039 ,
1579 1007 1631 1034 sub
1649 1007 1743 1043 judice

105 1039 237 1066 συνειδότι
255 1041 336 1076 κριτῇ
358 1040 452 1074 δίδως,
479 1043 526 1069 καὶ
547 1043 690 1079 διόρθωσιν
704 1047 823 1079 ἐπινοεῖς

946 1048 1057 1083 propria
1084 1048 1253 1076 conscientia
1276 1050 1493 1085 uniuscujusque
1511 1056 1589 1079 actus
1608 1053 1742 1081 rationem

104 1084 318 1120 ἡμαρτημένων.
354 1087 430 1115 Ἐπεὶ
458 1089 517 1121 πῶς
543 1091 606 1122 τοὺς
636 1091 732 1124 ἄλλους
760 1094 832 1121 ὲπιτι

945 1094 1084 1129 exegeris,
1102 1099 1131 1121 et
1154 1099 1329 1129 peccatorum
1346 1096 1500 1124 institueris
1525 1098 1738 1126 correctionem.

102 1130 153 1157 οὐκ
172 1130 346 1167 ἐρυθριάσειε
357 1154 364 1166 ,
377 1134 420 1168 ἐφ’
437 1132 478 1166 οἷς
498 1136 580 1168 αὐτὸς
593 1138 627 1165 τὰ
641 1139 722 1174 ὃμοια
737 1140 832 1177 ὲξαμαι

947 1139 1088 1174 Siquidem
1114 1140 1188 1167 enim
1210 1140 1279 1168 alios
1312 1141 1334 1168 si
1351 1142 1541 1177 redargueris,
1563 1151 1625 1170 cum
1646 1143 1741 1172 iisdem

101 1183 177 1209 νεις,
196 1176 256 1208 πῶς
271 1177 299 1204 δὲ
312 1178 432 1211 ἐκείνους
445 1180 497 1208 οἴει
514 1190 555 1208 σοι
581 1183 748 1220 διατεθῆναι,
763 1187 832 1221 ἡνίκι

947 1183 1006 1218 ipse
1017 1184 1180 1212 criminibus
1192 1186 1313 1213 tenearis
1325 1205 1332 1216 .
1348 1193 1462 1214 necesse
1479 1192 1522 1214 est
1537 1192 1567 1215 ut
1581 1189 1740 1216 erubescas.

102 1218 143 1252 οἷς
161 1221 310 1249 ὑπεύθυνόν
334 1232 364 1250 σε
391 1225 562 1261 καθορῶσιν,
581 1228 658 1256 αὐτοὶ
673 1218 752 1262 δίκας
766 1218 830 1258 εἰσπ

945 1229 1088 1263 Quomodo
1110 1238 1205 1258 rursus
1226 1231 1286 1259 illos
1313 1231 1426 1260 allectos
1447 1233 1482 1260 iri
1511 1238 1590 1268 putas
1603 1255 1611 1266 ,
1638 1242 1699 1261 cum
1715 1239 1742 1262 te

101 1267 197 1294 τεσθαι
211 1268 397 1304 δικαιοῦνται;

945 1276 992 1312 qui
1025 1277 1093 1304 nulli
1124 1278 1257 1305 rationem
1296 1279 1411 1306 reddere
1441 1267 1543 1307 teneris
1569 1280 1739 1314 obstrictus,

945 1330 1040 1350 severe
1054 1327 1145 1351 tamen
1159 1328 1335 1352 exercentem
1348 1325 1483 1359 judicium
1497 1326 1700 1354 intuebuntur?

139 1359 184 1392 ξδ’.
209 1361 332 1390 Ἐπαίνει
346 1364 397 1396 τὰς
420 1365 549 1400 ἀρίστους
571 1367 703 1402 πράξεις’
728 1369 832 1396 ἐπαίνει

981 1368 1026 1396 64.
1047 1369 1178 1397 Prreclare
1201 1374 1291 1405 gestas
1316 1378 1360 1398 res
1384 1371 1556 1404 collaudato,
1581 1379 1633 1399 nec
1649 1372 1740 1400 verbis

103 1404 142 1441 μὴ
159 1405 231 1442 λόγῳ
258 1407 357 1442 μόνον,
381 1410 450 1438 ἀλλὰ
471 1411 506 1438 δι’
521 1409 558 1439 ὧν
579 1413 661 1445 αὑτός
677 1423 707 1440 τε
723 1415 832 1450 μάλιστα

945 1417 1050 1440 tantum
1066 1404 1237 1446 collaudato.
1259 1414 1306 1442 sed
1326 1415 1384 1450 ipse
1399 1423 1442 1443 res
1465 1416 1566 1450 pariles
1580 1417 1718 1452 operando
1730 1437 1738 1450 ,

101 1452 185 1486 ὃμοια
203 1454 354 1490 πράττοις,
373 1456 420 1484 καὶ
435 1457 469 1485 δι’
488 1455 525 1485 ὧν
541 1460 604 1491 τοὺς
628 1460 751 1496 μιμητὰς
765 1461 819 1489 τῶν

944 1463 972 1486 et
988 1459 1048 1486 illos
1062 1459 1123 1486 aliis
1136 1459 1316 1487 anteferendo
1329 1460 1562 1496 honorandosque
1575 1462 1739 1490 declarando

103 1498 164 1525 πῶν
179 1501 345 1536 προκρίνων,
364 1503 491 1539 ἐντίμους
507 1505 705 1538 ἀποδεικνύοις.
721 1507 757 1534 Τὸ
773 1508 822 1544 μὲν

944 1505 992 1540 qui
1018 1505 1080 1532 talia
1103 1505 1245 1533 imitantur
1271 1514 1410 1541 :quorum
1439 1507 1555 1535 alterum
1585 1508 1738 1544 cuicunque

102 1545 150 1571 καὶ
166 1546 222 1573 τῶν
235 1548 380 1583 τυχόντων,
396 1549 426 1577 τδ
442 1551 471 1578 δὲ
481 1551 535 1578 τῶν
547 1552 643 1588 ἄρχειν
655 1553 749 1586 ἀξίων.

945 1551 1068 1584 homini,
1082 1551 1198 1579 alterum
1214 1553 1347 1587 competit
1363 1553 1387 1580 ei
1400 1553 1447 1588 qui
1462 1553 1543 1589 digne
1556 1554 1682 1590 imperat.

138 1591 183 1624 ξέ.
208 1593 320 1629 Προνὸει
344 1596 472 1630 πάντων,
486 1598 542 1625 τῶν
571 1599 621 1634 μὲν
644 1600 789 1635 ἐπιεικῶν,
806 1601 832 1628 ὡκ

978 1597 1023 1625 65.
1043 1597 1171 1625 Omnium
1204 1599 1319 1626 omnino
1336 1607 1430 1626 curam
1451 1601 1581 1628 adhibeto
1608 1599 1737 1629 modera-

100 1637 209 1673 ἄριστοι
224 1640 369 1674 γένωνται,
390 1642 438 1669 καὶ
451 1643 500 1679 τῆς
518 1644 697 1682 ὀφειλομένης
713 1647 806 1680 αὐτοῖς
821 1648 832 1674 d

942 1648 1034 1671 torum
1058 1643 1200 1671 hominum
1212 1665 1219 1676 ,
1237 1644 1275 1672 ila
1288 1649 1317 1672 ut
1335 1646 1598 1674 commendatissimi
1620 1647 1690 1680 sint,
1708 1653 1737 1676 et

100 1681 222 1711 λαύσωσι
238 1687 321 1721 τιμῆς
335 1688 440 1715 καὶτοῦ
454 1689 604 1726 προνομίου
614 1699 621 1707 ⁶
634 1691 689 1719 τῶν
705 1692 733 1719 δὲ
748 1693 786 1728 μὴ
801 1703 831 1720 το

941 1691 1024 1726 digno
1039 1690 1105 1725 ipsis
1131 1690 1235 1718 honore
1257 1691 1431 1727 praemiisque
1455 1693 1596 1727 fruantur;
1622 1694 1737 1722 minime

99 1738 172 1763 των,
192 1731 230 1763 ὡς
253 1732 285 1759 ἂν
304 1733 471 1768 βελτιωθῶσι
489 1737 540 1768 τὰς
553 1737 682 1773 γνώμας,
699 1739 746 1766 καὶ
766 1741 815 1776 τῆς

941 1741 1033 1763 autem
1050 1736 1159 1769 talium,
1181 1737 1209 1764 in
1229 1745 1291 1764 eum
1308 1739 1388 1765 tinem
1408 1743 1438 1766 ut
1456 1739 1490 1766 ad
1509 1739 1609 1767 bonam
1630 1741 1736 1776 frugem

99 1775 155 1801 τῶν
168 1777 259 1812 νόμων
277 1779 412 1814 ρυσθῶσιν
423 1780 546 1816 ἀτιμίας.
563 1782 650 1810 Τοῦτο
661 1784 715 1820 γὰρ
732 1785 770 1817 ὼς
781 1775 832 1821 ἄλη

941 1781 1087 1809 deveniam
1097 1786 1147 1815 ,~et
1160 1782 1296 1810 immunes
1308 1784 1365 1810 sint
1375 1791 1390 1811 a
1406 1784 1493 1818 pmnis
1510 1792 1559 1819 per
1574 1786 1646 1821 leges
1660 1786 1734 1813 inﬂi-

100 1821 190 1857 ἀρχῆς
203 1823 316 1859 ἐννόμου
331 1826 379 1851 καὶ
393 1826 554 1859 ἐπιστασίας
568 1827 659 1864 ἔργον.

941 1828 1053 1864 gendis,
1073 1836 1125 1856 nec
1157 1828 1266 1856 infamia
1294 1834 1433 1857 notentur.
1456 1829 1511 1857 Hoc
1537 1831 1610 1858 enim
1639 1840 1734 1861 revera

938 1879 1046 1911 spectat
1065 1874 1099 1902 ad
1116 1874 1233 1902 ollicium
1245 1875 1305 1910 ejus
1321 1876 1367 1911 qui
1380 1876 1532 1903 secundum
1550 1877 1623 1913 leges
1640 1879 1734 1914 cupiat

938 1921 1083 1956 imperare.

135 1955 171 1988 ξς
181 1977 187 1983 .
205 1957 261 2004 νῙῘιίς
276 1959 345 1995 πρὸς
361 1960 494 1997 ἀλλήλους
510 1963 564 1990 τῶν
579 1965 739 2001 ἀρχομένων
754 1968 828 2004 ἕρεις

976 1955 1020 1995 ίίϐ.
1042 1967 1216 1995 Subditorum
1242 1966 1303 1994 lites
1321 1967 1348 1994 in
1383 1967 1477 1995 hostes
1509 1968 1633 2000 diverte,
1649 1973 1733 2004 atque

97 2001 161 2034 τοὺς
183 2003 330 2038 πολεμίους
347 2006 470 2042 τρέπων,
493 2009 522 2036 ἐν
536 2012 592 2043 τοῖς
614 2012 684 2048 ὑπὲρ
695 2014 745 2048 τῆς
759 2001 830 2052 τίατρ

941 2012 971 2040 ad
988 2013 1136 2041 certamina
1153 2020 1202 2048 pro
1221 2012 1308 2048 patria
1325 2013 1466 2041 subeunda
1485 2015 1618 2047 transfer;
1640 2001 1733 2051 tyran-

97 2048 186 2080 ἀγῶσι
204 2051 362 2084 μετατίθει·
379 2054 519 2090 τυράννων
536 2057 585 2091 μὲν
599 2058 665 2095 γὰρ,
683 2048 832 2093 στασιάζειν

941 2059 1030 2086 nicum
1055 2064 1099 2086 est
1118 2059 1247 2094 populum
1262 2059 1294 2087 ad
1321 2060 1469 2088 seditiones
1491 2061 1646 2094 concitare,
1669 2070 1731 2089 cum

98 2093 205 2149 aﬂﬁﬁq:
230 2097 333 2149 év‘yd-p
357 2100 390 2136 τῇ
416 2104 492 2139 κοινῇ
521 2104 608 2141 φθορᾷ
629 2093 677 2132 καὶ
690 2107 832 2142 διχοστασί‹

941 2093 1209 2132 securiuttemrsuam
1228 2105 1333 2141 tyranni
1359 2110 1481 2133 statuant
1501 2107 1528 2134 in
1543 2107 1678 2135 discordia
1704 2113 1733 2136 et

96 2142 225 2192 ⁸τυραννὶς
241 2142 289 2178 τὴν
303 2145 455 2192 ’ἀσφάλειαν
469 2148 527 2185 ἔχει
538 2159 546 2166 ο
563 2151 693 2187 ἄρχοντος
707 2154 735 2181 δὲ
748 2157 795 2182 καὶ
807 2158 832 2192 βι

941 2151 1049 2178 interitu
1070 2151 1209 2186 populari:
1234 2151 1337 2186 regium
1361 2157 1403 2179 est
1425 2157 1534 2186 autem,
1557 2154 1731 2181 subditorum

97 2183 166 2236 λέως
177 2206 189 2236 ,Ι
210 2186 392 2218 ἀστασίαστον
423 2183 567 2231 συντηρεῖν
582 2183 646 2234 ’τὴν
673 2183 813 2236 ομόνοιαν.

941 2197 1110 2224 concordiam
1136 2197 1277 2224 immotam
1301 2205 1478 2231 conservare,
1507 2206 1568 2224 cum
1590 2198 1618 2225 in
1643 2199 1730 2226 salute

97 2230 248 2286 Etthxémv“
274 2235 304 2286 εν
329 2238 383 2286 γαρ
407 2240 440 2274 τῇ
457 2230 513 2268 τῶν
540 2230 700 2280 ἀρχομένων
718 2251 832 2286 σωτηρίῃ

941 2243 1122 2279 subiectorum
1134 2243 1278 2278 potestatis
1294 2250 1387 2271 eorum
1401 2243 1517 2271 fulcrum
1534 2249 1681 2272 statuatur.

97 2276 199 2313 βάθρον
211 2280 306 2314 αὐτοῖς
321 2283 430 2320 πέπηγε
444 2287 493 2322 τῆς
508 2276 641 2323 ἐξουσίας.
783 2276 799 2286 η
814 2276 832 2287 Ἴ

134 2324 189 2377 ,ᾖξ’ἱ
211 2326 317 2377 Ὠσπερ
335 2329 377 2357 δεῖ
394 2331 439 2358 τὸν
463 2334 583 2369 ἄρχοντα
602 2338 718 2375 φοϐερὸν
736 2339 806 2370 εἶναι
828 2353 832 2361 ι

971 2343 1016 2370 67.
1038 2342 1169 2377 Princeps
1189 2342 1360 2370 utadversus
1379 2342 1495 2377 injustos
1520 2342 1649 2369 terribilis
1667 2350 1728 2371 esse

97 2370 247 2406 ἀδικοῦσιν,
263 2373 335 2402 οὕτω
357 2377 480 2413 φυλακὴν
501 2382 548 2407 καὶ
566 2370 716 2418 ἀσφάλειαν
732 2387 785 2415 τῶν
801 2397 832 2424 μτ

941 2388 1017 2416 iebet
1027 2410 1034 2422 ,
1051 2389 1086 2416 ita
1100 2370 1251 2416 custodiam
1267 2389 1406 2424 suscipere
1417 2389 1594 2416 innocentum
1608 2394 1726 2424 oportet.

96 2416 271 2453 ἀδικούντων,
292 2421 360 2449 ἀλλὰ
379 2425 448 2452 κατὰ
461 2427 526 2458 τοὺς
541 2416 639 2464 νόμους
657 2416 832 2470 πολιτευομεν

941 2440 965 2463 et
984 2443 1032 2464 eos
1055 2435 1102 2471 qui
1129 2435 1279 2464 secundum
1304 2435 1377 2471 leges
1404 2437 1500 2463 vivunt
1527 2441 1615 2464 sartos
1642 2440 1727 2464 tectos

134 2506 185 2541 ξιτ.
211 2508 279 2543 Τρία
302 2510 375 2538 ἐστὶν
393 2513 423 2540 ἐν
439 2515 610 2553 ἀνθρώποις,
625 2521 760 2558 τιμωρία,
779 2510 832 2557 ditty

957 2486 1076 2509 uastare.

941 2489 954 2516 Ρ
975 2527 1020 2556 68.
1055 2528 1113 2556 l‘ria
1142 2532 1206 2556 sunt
1233 2536 1294 2563 qua:
1322 2532 1434 2564 tangunt
1468 2528 1612 2562 homines,
1635 2535 1725 2564 poena,

906 1530 928 1558 (ἶ

730 2600 774 2628 VA
781 2601 849 2630 RIA'I
879 2604 1084 2634 LECTIONES.

133 2667 140 2695 i
160 2670 178 2698 Ι.
197 2670 231 2697 τὰ
246 2672 354 2700 σαυτοῦ.

847 2734 964 2764 NOTE.

133 2787 565 2835 QSL’E‘Pij'ffgrgfnrﬁg-
586 2791 688 2835 ,Ιηςριρ
718 2793 808 2833 Ιθεῑξο-
820 2793 879 2835 ἰθ-
933 2797 1000 2835 ’ξυτε
1014 2798 1064 2830 τὰς
1079 2799 1178 2826 ἑαυτοῦ
1201 2800 1360 2828 ἐπισκοπῶν
1378 2798 1492 2835 πράξεις
1512 2797 1591 2832 λόγον
1605 2797 1723 2834 ἐκάττης

95 2822 212 2864 gendum
223 2827 251 2868 et
264 2822 496 2868 distinguendum;
508 2822 616 2868 mer
627 2822 680 2854 ὰὲιὸ
695 2829 798 2868 σκηνῆς
807 2829 879 2868 -ἀπο-
931 2822 1215 2868 oﬁi‘ctiéégtlféic'.

95 2857 212 2893 κρίσεως
225 2859 270 2886 τὸν
285 2857 361 2891 avt);
374 2865 424 2888 etc.
435 2861 564 2895 Sequenti
580 2857 647 2891 seret.
665 2857 875 2899 restituendum,
