1940 3087
197 115 250 146 679

765 111 897 143 ΡΗΟΤΙΙ
914 110 1167 141 PATRIARCH/E
1186 112 1240 142 ΟΡ.

1771 113 1818 147 680

194 173 362 208 vituperium
375 193 384 206 ,
397 173 458 201 laus
469 194 477 205 ,
495 173 541 201 sed
557 177 584 200 et
595 173 709 207 insuper
719 192 726 205 ,
744 171 767 198 si
782 170 882 206 placet,
897 170 980 197 bene-

1040 169 1161 203 ἔπαινος,
1177 172 1201 197 εί
1217 170 1305 206 βούλει
1320 171 1359 204 δὲ,
1377 171 1425 199 καὶ
1439 172 1585 207 εὐεργεσία
1597 180 1605 188 ·
1620 171 1689 199 ἀλλά
1705 173 1756 208 τῆς
1774 173 1817 207 μὲν

195 220 315 248 ﬁcentia.
330 219 412 248 Pugna
426 220 500 255 digni
513 224 578 248 sunt
595 219 698 246 inimici
711 227 718 251 ;
734 217 872 252 vituperio
884 238 893 250 ,
910 216 985 244 cives

194 265 240 300 qui
256 265 409 293 exorbitant
434 265 463 292 in
478 264 659 300 quibusdam;
683 262 810 291 laudandi
836 265 863 289 et
880 261 985 290 beneﬁ-

194 311 244 338 ciis
264 311 439 343 cumulandi,
461 311 507 346 qui
530 311 611 339 rebus
629 311 700 338 bene
722 310 805 346 gestis
819 309 984 336 inclaruere.

194 357 272 390 Quod
289 358 310 384 si
330 357 390 392 quis
407 365 440 385 eo
471 358 660 393 progreditur.
681 361 711 384 ut
724 365 784 392 qua:
799 357 893 384 hostes
911 355 985 383 face-

193 407 265 433 rent,
285 407 312 430 et
329 403 387 438 ipse
406 403 521 435 audeat,
534 411 635 437 eosque
650 403 781 433 imitetur,
799 402 918 429 hostium
940 401 985 427 ille

193 457 303 484 ptenam
326 449 354 476 in
378 457 408 476 se
431 449 570 476 transfert.
594 449 671 482 Quod
698 449 720 476 si
746 448 808 482 quis
837 447 985 474 mutaverit

193 495 317 522 ordinem
335 503 415 522 suum
435 499 462 522 et
480 495 569 522 locum
587 495 615 521 in
632 502 687 529 quo
704 493 899 525 constituitur,
912 493 982 520 ultra

192 542 273 568 etiam
292 542 383 569 hostes
399 542 527 568 inimicus
545 541 687 568 habendus
705 540 871 575 reipublicae.
888 540 984 567 Prodi-

191 591 234 614 tor
246 593 298 620 est,
313 588 358 622 qui
373 588 513 614 beneﬁciis
529 587 636 614 hostem
653 586 745 614 allicit.
758 586 902 614 Civitatem
919 593 982 621 per-

191 634 241 666 dit,
272 634 317 668 qui
337 634 465 661 laudibus
487 634 627 668 improbos
641 633 757 664 attollit;
777 640 839 659 nam
859 632 932 659 cives
948 632 982 659 ad

191 680 261 707 male
281 680 418 715 agendum
442 679 575 707 stimulat.
599 679 627 705 In
647 686 729 713 quam
749 678 836 712 ipsam
854 677 982 705 deformi-

191 729 275 753 tatem
297 725 436 752 civitatem
455 730 483 752 et
499 724 523 752 is
539 724 651 752 adducit
669 723 715 759 qui
732 727 806 750 recte
823 723 981 750 incedentes

191 771 348 798 inhonorat.

226 817 271 844 69.
299 816 413 843 Difﬁcile
440 816 551 851 quidem
573 821 676 843 metum
698 815 783 843 amori
813 814 977 842 immiscere.

191 862 413 890 Amantes’enim
433 863 546 890 omnino
564 867 628 890 sunt
643 863 746 897 absque
764 866 857 889 metu:
872 861 917 895 qui
944 861 978 887 ti-

190 916 266 935 more
292 908 494 943 percelluntur,
522 915 614 934 amare
640 908 748 934 nolunt.
774 908 808 933 At
831 911 861 933 tu
889 911 981 933 tamen

190 955 297 982 divide:
312 959 392 989 teque
406 955 444 982 ita
455 962 582 988 compara
598 958 628 981 ut
642 962 718 981 ames
733 953 870 989 optimos;
891 960 981 987 neque

190 1001 264 1027 enim
282 1000 326 1027 hic
342 1008 411 1034 opus
426 1005 469 1027 est
482 1000 537 1027 ullo
556 1005 641 1026 metu.
659 1000 789 1034 Reliquos
805 1006 920 1026 necesSe
939 1002 981 1025 est

190 1051 265 1074 metu
293 1051 413 1078 terrcas,
441 1051 471 1074 ut
498 1055 514 1074 a
539 1047 610 1074 male
634 1048 739 1082 agendo
768 1055 797 1074 se
814 1046 979 1074 abstineant.

189 1092 313 1120 Metuent
341 1100 441 1128 porro.
467 1093 489 1120 si
514 1097 540 1120 te
565 1093 676 1120 videant
706 1090 810 1120 semota
841 1092 980 1124 iracundia

190 1138 359 1173 punientetn,
372 1142 399 1165 et
415 1143 546 1173 tanquam
566 1143 707 1173 parentem
725 1138 935 1170 informantem;
957 1138 980 1165 si

190 1188 216 1212 te
228 1184 450 1211 animadvertant
464 1185 576 1212 minime
590 1184 685 1212 libenti
699 1184 790 1211 animo
806 1184 978 1219 punientem.

190 1232 271 1259 rebus
286 1236 377 1258 autem
392 1231 514 1258 adversis
527 1235 554 1258 et
567 1230 726 1258 infortuniis
737 1231 796 1258 sine
811 1230 902 1266 aliquo
915 1237 982 1265 prae-

190 1282 266 1306 textu
277 1299 285 1312 ,
303 1278 426 1310 sincere.
442 1286 521 1314 opem
535 1278 679 1306 ferentem.

228 1323 270 1352 70.
283 1323 334 1356 Qui
349 1329 454 1350 natura:
466 1324 538 1351 dona
553 1323 792 1358 inimprobitatem
806 1327 980 1356 convertunt,

189 1375 217 1396 et
234 1378 288 1397 non
305 1370 338 1397 ad
351 1370 481 1397 auxilium
498 1370 652 1397 vicinorum
663 1390 670 1400 ,
685 1377 747 1397 cum
764 1374 889 1396 naturam
905 1376 981 1404 sper-

189 1420 274 1446 nunt.
297 1420 354 1443 tum
376 1415 506 1443 creatoris
527 1423 591 1451 erga
615 1416 688 1451 ipsos
712 1415 929 1443 muniﬁcentiam
952 1415 980 1442 in

190 1462 384 1489 contumeliam
396 1461 496 1498 ingrati
513 1466 684 1497 pervertunt.

226 1561 271 1588 7|.
285 1560 522 1594 Quemadmodum
536 1563 616 1595 turpe
629 1563 673 1586 est
689 1563 717 1587 et
733 1558 886 1591 sordidum,
901 1559 980 1594 plane

191 1606 342 1642 plebeculis
370 1606 404 1634 ad
433 1606 602 1633 voluntatem
628 1606 825 1639 obsecundari,
853 1610 880 1633 et
899 1606 981 1633 nimis

191 1652 361 1680 familiariter
374 1660 402 1680 se
415 1659 526 1688 gerere:
545 1653 583 1680 ita
598 1652 733 1680 lubricum
749 1656 790 1680 est
804 1657 831 1679 et
846 1652 981 1688 periculo-

190 1707 267 1730 sum.
285 1699 495 1734 superciliosum
511 1707 619 1734 semper
632 1704 661 1726 et
681 1699 815 1726 tumidum
834 1706 979 1734 apparere.

191 1745 399 1772 Extremitatem
428 1753 492 1780 ergo
517 1749 660 1780 utramque
689 1745 782 1780 fugere
808 1749 929 1780 oportet,
954 1748 982 1771 et

192 1790 311 1818 medium
328 1795 457 1825 tanquam
473 1791 602 1818 virtutem
621 1791 790 1824 consectari,
808 1798 873 1818 suas
890 1795 981 1825 partes

189 1838 291 1872 cuique
305 1838 421 1873 tempori
438 1845 573 1873 congruas
588 1838 741 1865 tribuendo.

229 1884 272 1910 7'2.
290 1884 479 1911 Juramentum
495 1884 627 1919 proclive,
643 1884 793 1919 perjurium
813 1888 856 1911 est
869 1888 944 1911 stans
952 1883 980 1911 in

194 1930 348 1964 procinctu.
368 1930 450 1958 Certe
470 1938 522 1957 nec
543 1937 633 1958 mores
655 1929 725 1957 bene
744 1930 907 1957 constitutos
929 1937 981 1956 nee

190 1975 313 2002 animum
330 1976 409 2003 decet
421 1983 584 2011 generosum
597 1996 604 2008 ,
618 1975 720 2010 jurare.
741 1975 787 2002 Vir
800 1975 900 2003 etenim
917 1983 980 2010 gra-

191 2021 233 2048 vis‘
257 2026 285 2048 et
309 2021 498 2056 magnanimus
524 2021 661 2056 pudeﬁet,
685 2022 708 2049 si
724 2021 808 2048 verba
831 2029 878 2054 sua
898 2021 978 2048 ﬁdem

191 2075 245 2094 non
262 2071 418 2094 mereantur
436 2067 539 2101 absque
551 2067 718 2102 iuramento,
736 2072 764 2094 et
778 2066 978 2095 conversationi

191 2121 249 2140 suae
272 2113 400 2148 iniuriam
426 2113 514 2140 inuri:
537 2113 572 2140 ila
602 2118 633 2140 ut
657 2113 832 2147 coniunctum
857 2112 894 2140 sit
915 2120 976 2140 cum

193 2159 309 2186 utilitate
322 2164 351 2186 et
361 2165 452 2186 nostra
468 2167 532 2186 cura
543 2179 550 2192 ,
562 2160 633 2194 quod
651 2160 709 2194 lege
723 2158 814 2187 divina
834 2158 976 2194 prohibea-

193 2215 252 2234 mur
266 2206 377 2233 omnino
386 2206 489 2241 jurare.

226 2253 269 2280 75.
280 2252 475 2279 Beneﬁciorum
490 2259 597 2286 semper
612 2258 716 2278 memor
728 2255 802 2282 esto;
818 2259 879 2286 quae
892 2252 977 2279 bene-

190 2298 289 2326 l‘eceris
298 2299 390 2326 statim
400 2298 529 2325 oblivioni
537 2298 622 2324 trade.
631 2297 698 2325 Illud
707 2297 780 2324 enim
789 2298 939 2325 bonitatem
950 2303 979 2326 et

190 2345 355 2380 probitatem
369 2344 452 2372 animi
467 2344 580 2375 indicat,
593 2343 645 2371 hoc
659 2347 750 2370 autem
761 2345 978 2379 magnitudinem

189 2395 220 2418 et
231 2390 392 2425 puritatem;
406 2390 471 2417 dum
483 2397 580 2425 purum
592 2389 672 2416 etiam
688 2394 797 2424 prazstat
806 2390 976 2418 beneﬁcium.

228 2436 272 2463 τι.
296 2436 430 2463 Beneﬁcia
451 2435 610 2470 exprobrari
635 2435 678 2463 vel
697 2435 976 2470 infortuniumalicui,

189 2487 220 2511 et
234 2482 483 2510 levitatemindicat
494 2487 522 2509 et
536 2482 775 2510 inhumanitatem.

229 2529 272 2556 75.
284 2528 370 2556 Fraus
390 2536 498 2563 semper
517 2528 661 2563 proﬁtetur
678 2527 891 2555 imbecillitatem
906 2537 912 2554 :
931 2529 978 2556 sed

192 2574 288 2602 eadem
317 2581 381 2609 erga
413 2574 517 2601 amicos
547 2573 668 2600 adhibita
697 2577 848 2600 extremam
876 2574 979 2602 indicat

192 2620 344 2655 nequitiam
365 2624 392 2647 et
417 2627 550 2646 summam
576 2619 776 2654 improbitatem
798 2619 937 2648 :adhibita
950 2621 977 2648 in

193 2667 288 2694 hostes
308 2670 338 2693 et
358 2665 495 2697 inimicos,
525 2665 606 2693 etiam
636 2665 812 2700 improvidos,
824 2674 877 2693 non
900 2667 979 2703 longe

193 2714 252 2740 abit
277 2720 293 2740 a
318 2715 520 2747 stratagemate.
550 2711 678 2739 Tractatu
709 2716 799 2739 autem
829 2712 922 2741 habito
945 2714 979 2742 de

1037 217 1061 243 oi
1079 217 1201 252 πολέμιοι
1217 218 1287 251 ἄξιοι
1297 226 1305 234 ο
1323 218 1408 253 ψόγου
1424 218 1463 250 δὲ,
1479 218 1504 244 οἱ
1528 218 1625 253 μέτρια
1639 217 1694 244 τῶν
1707 217 1818 245 πολιτῶν

1036 263 1241 299 ἁμαρτάνοντες
1253 273 1261 280 ·
1280 265 1392 291 ἐπαίνου
1408 264 1436 291 δὲ
1461 265 1509 291 καὶ
1525 264 1686 299 εὐεργεσίας
1696 285 1703 296 ,
1718 264 1743 290 οἱ
1766 264 1818 291 δια·

1037 310 1164 346 φέροντες
1178 310 1385 346 κατορθώμασι.
1405 312 1434 338 Εἰ
1449 311 1477 338 δέ
1498 312 1595 343 τιςέίς
1614 311 1663 346 τὴν
1677 310 1731 338 τῶν
1746 310 1818 337 πολε-

1038 357 1107 392 μίων
1123 358 1227 393 τόλμαν
1248 358 1293 384 καὶ
1309 358 1426 393 μίμησιν
1448 357 1586 392 ὲξαχθείη,
1607 357 1688 388 αὐτὸς
1713 357 1760 383 καὶ
1772 356 1818 391 τὴν

1036 404 1150 430 ἐκείνων
1163 403 1260 438 ποινὴν
1273 404 1313 434 εἰς
1327 402 1422 429 ἑαυτὸν
1438 401 1609 437 ἐπιστρέφει.
1632 401 1662 428 '0
1672 401 1700 427 δέ
1715 410 1741 427 τι
1759 400 1816 427 τού-

1034 458 1089 477 των
1114 449 1245 484 ἀμείϐων,
1270 450 1316 475 καὶ
1331 449 1380 484 τὴν
1400 448 1521 480 διάταξιν
1542 447 1731 479 ὲπαλλάσσων,
1746 442 1817 478 οὗτος

1035 495 1132 531 ἐχθρὸς
1145 495 1196 530 τῆς
1209 494 1346 525 πολιτείας
1362 494 1442 520 πλέον
1454 493 1470 528 ἦ
1482 495 1506 520 οἱ
1528 492 1662 528 πολέμιοι.
1678 492 1712 518 '0
1726 500 1756 518 τε
1766 491 1818 527 γὰρ

1033 543 1098 573 τοὺς
1139 541 1287 577 πολεμίους
1313 539 1476 576 εὐεργετῶν,
1495 539 1647 575 προδότης·
1671 539 1685 565 ὃ
1708 546 1738 564 τε
1758 538 1818 569 τοὺς

1035 588 1154 623 φαύλους
1172 587 1304 619 ἐπαινῶν,
1319 586 1369 622 τὴν
1387 586 1464 614 πόλιν
1481 586 1644 620 ἀνατρέπει·
1660 585 1706 612 ἐπὶ
1722 584 1817 612 κακίαν

1033 636 1088 670 γὰρ
1102 633 1257 669 παρακαλεῖ
1272 633 1335 665 τοὺς
1350 632 1461 664 πολίτας
1471 639 1479 648 ο
1492 633 1540 659 καὶ
1555 633 1569 659 ὁ
1582 631 1645 663 τοὺς
1658 630 1817 666 κατορθοῦν-

1033 689 1082 712 τας
1104 680 1141 716 μὴ
1161 680 1250 716 τιμῶν
1262 700 1269 711 ,
1288 680 1329 711 είς
1348 679 1396 715 τὴν
1413 679 1499 714 αὐτὴν
1518 678 1654 713 ἀκοσμίαν
1670 677 1721 712 τὴν
1743 677 1816 704 πολι-

1032 729 1108 755 τείαν
1124 728 1319 764 καταστρέφει.

1069 817 1117 849 ξθ’.
1133 816 1258 844 Χαλεπὸν
1279 815 1328 852 μὲν
1351 815 1433 850 φόϐον
1452 814 1549 851 ἀγάπῃ
1570 814 1695 850 κεράσαι.
1718 813 1748 840 Ol
1764 814 1817 849 γὰρ

1033 863 1175 898 φιλοῦντες
1199 863 1236 894 ὼς
1250 862 1352 888 ὲπίπαν
1371 861 1401 888 τὸ
1418 861 1476 893 δέος
1491 861 1541 888 οὐκ
1559 860 1661 895 ἐχούσι,
1677 859 1724 887 καὶ
1735 860 1759 886 οἱ
1776 859 1817 886 δε-

1031 910 1119 942 διότες
1136 909 1224 944 φιλεῖν
1244 909 1295 935 οὐκ
1320 908 1453 935 ἐθέλουσι.
1471 908 1508 934 Σὺ
1532 906 1560 933 δὲ
1578 906 1666 933 δίελε·
1688 906 1735 932 καὶ
1755 905 1816 936 τοὺς

1033 957 1083 992 μὲν
1107 956 1236 992 ἀρίστους
1253 955 1341 990 φιλεῖν
1366 954 1576 990 παρασκεύασον
1587 961 1595 967 ο
1616 952 1692 979 οὐδὲν
1710 952 1764 986 γὰρ
1778 951 1818 977 δεῖ

1030 1003 1106 1034 δέους
1120 1003 1166 1028 ἐπὶ
1180 1003 1236 1033 τοῖς
1253 1001 1395 1032 τοιούτοις.
1410 1000 1480 1032 Τοὺς
1495 1000 1518 1026 δ’
1537 999 1633 1031 ἀλλους
1647 999 1754 1034 ἀνάγκη
1767 1007 1814 1032 φο-

1033 1049 1101 1080 ϐεῖν,
1123 1049 1166 1075 ἵνα
1191 1049 1245 1075 τῶν
1270 1047 1381 1082 φαύλων
1397 1046 1580 1082 ἀπέχονταιι.
1605 1045 1768 1081 Φοὸήσονται
1787 1044 1816 1071 δὲ

1030 1097 1116 1131 χωρὶς
1132 1095 1238 1130 μίσους,
1265 1095 1298 1122 ἂν
1314 1095 1352 1129 μὴ
1372 1094 1430 1129 μετ’
1452 1093 1534 1128 ὀργῆς
1549 1092 1634 1128 ὁρῶσι
1657 1092 1815 1124 κολάζοντα,

1031 1143 1089 1170 ἀλλ’
1106 1142 1144 1174 ὡς
1161 1143 1267 1177 πατέρα
1291 1140 1465 1172 παιδεύοντα,
1480 1140 1527 1166 καὶ
1541 1140 1570 1166 ὲν
1585 1139 1634 1174 μὲν
1658 1139 1713 1170 τοῖς
1726 1139 1817 1173 ἀμαρ-

1030 1189 1152 1223 τήμασιν
1170 1188 1219 1222 οὐχ
1235 1187 1320 1222 ἡδέως
1344 1185 1560 1222 τιμωρούμενον,
1580 1185 1608 1211 ὲν
1623 1185 1651 1211 δὲ
1666 1185 1726 1215 ταῖς
1747 1192 1817 1219 συμ-

1032 1236 1129 1269 φοραῖς
1152 1234 1200 1260 κά).
1220 1234 1277 1265 τοῖς
1293 1233 1497 1268 δυστυχήμασιν
1520 1231 1734 1267 ἀπροφασίστως
1755 1230 1818 1256 ὲπι-

1031 1282 1141 1315 κουρεῖν
1153 1278 1391 1315 προθυμούμενον.

1067 1330 1098 1354 o’.
1125 1327 1157 1353 Οἱ
1182 1325 1319 1361 χρώμενοι
1339 1325 1396 1356 τοῖς
1413 1324 1445 1351 ἐκ
1461 1324 1568 1358 φύσεως
1584 1323 1818 1358 πλεονεκτήμασιν

1031 1373 1073 1404 είς
1086 1372 1222 1407 πονηρίας
1236 1369 1399 1406 ὑπηρεσίαν,
1414 1370 1482 1397 ἀλλὰ
1497 1369 1535 1405 μὴ
1549 1369 1617 1404 πρὸς
1629 1369 1678 1404 τὴν
1685 1369 1740 1395 τῶν
1749 1367 1819 1403 πλη-

1032 1419 1089 1446 σίον
1100 1418 1271 1454 εὐεργεσίαν,
1287 1414 1361 1444 οὗτοι
1373 1416 1420 1443 καὶ
1432 1416 1480 1451 τὴν
1494 1416 1576 1450 φύσιν
1589 1414 1758 1450 φαυλίζουσι,
1772 1413 1820 1440 καὶ

1030 1465 1070 1500 τῷ
1081 1464 1249 1500 Δημιουργῷ
1271 1464 1320 1499 τὴν
1333 1464 1398 1498 περὶ
1407 1463 1507 1494 αὐτοὺς
1520 1461 1677 1496 φιλοτιμίαν
1689 1460 1729 1492 εἰς
1740 1459 1820 1494 ὓὸριν

1032 1512 1080 1539 καὶ
1097 1511 1261 1548 ἀχαριστίαν
1274 1510 1495 1546 περιτρέπουσιν.

1068 1572 1117 1596 οα’.
1143 1568 1248 1604 Ὥσπερ
1272 1567 1383 1602 αἰσχρὸν
1403 1567 1451 1593 καὶ
1467 1565 1613 1596 ταπεινὸν.
1637 1564 1706 1599 πρὸς
1723 1562 1822 1599 ἡδονὴν

1031 1615 1136 1649 ὁμιλεῖν
1148 1614 1187 1649 τῷ
1202 1613 1311 1648 πλήθει,
1331 1612 1417 1643 οὕτως
1429 1611 1600 1638 ἐπικίνδυνον
1612 1610 1658 1636 καὶ
1673 1609 1820 1645 σφαλερὸν,

1032 1662 1076 1689 ἀεὶ
1097 1661 1295 1696 σοϐαρεύεσθαι
1321 1660 1368 1687 καὶ
1389 1659 1542 1694 ὑπέρογκον
1556 1658 1681 1694 ὁρᾶσθαι.
1699 1657 1747 1684 Δεῖ
1763 1666 1822 1684 τοι-

1032 1707 1135 1743 γαροῦν
1161 1707 1293 1742 ἑκάτερον
1316 1705 1401 1741 ἀκρον
1426 1705 1562 1741 φυγόντα,
1582 1705 1620 1736 ὡς
1643 1704 1755 1739 ἀρετὴν,
1771 1703 1823 1739 τὴν

1033 1753 1170 1788 μεσότητα
1186 1751 1295 1779 διώκειν
1306 1773 1314 1785 ,
1330 1752 1376 1777 καὶ
1391 1751 1497 1787 καιροῖς
1521 1750 1596 1782 ἰδίοις
1617 1749 1647 1776 τὸ
1664 1749 1822 1785 πρόσφορον

1030 1798 1150 1833 ἀπονέμε
1155 1807 1188 1825 ιν.

1065 1888 1115 1924 οβ’.
1131 1888 1275 1923 Προπετὴς
1288 1887 1380 1923 ὅρκος,
1393 1886 1538 1922 πρόχειρος
1554 1885 1690 1920 ἐπιορκία.
1714 1885 1823 1916 Ἄλλως

1030 1943 1059 1960 τε
1076 1934 1104 1960 δὲ
1123 1933 1171 1960 καὶ
1186 1933 1217 1959 τὸ
1231 1933 1342 1968 ὀμνύειν
1359 1933 1439 1964 ὅλως,
1452 1932 1535 1967 ἦθους
1548 1932 1598 1958 οὐκ
1612 1929 1641 1958 εὖ
1652 1931 1802 1966 βεϐηκότος
1813 1949 1822 1962 ,

1029 1979 1090 2006 οὐδὲ
1103 1979 1276 2015 φρονήματος
1290 1977 1419 2012 εὐγενοῦς
1429 1985 1435 1992 ·
1452 1979 1465 2004 ό
1478 1977 1507 2003 δὲ
1522 1976 1655 2012 εὐσταθὴς
1669 1976 1715 2002 καὶ
1731 1984 1822 2010 μεγα-

1030 2026 1147 2061 λόψυχος
1165 2026 1236 2061 ἀνὴρ
1258 2025 1470 2061 αἰσχυνθήσεται
1486 2025 1549 2056 τοὺς
1566 2024 1662 2059 λόγους
1679 2024 1754 2059 ὅρκῳ
1772 2033 1824 2051 πι-

1030 2072 1110 2102 στοὺς
1133 2070 1294 2104 ἀποφαίνειν
1305 2091 1312 2103 ,
1328 2071 1376 2097 καὶ
1388 2070 1436 2105 τὴν
1451 2069 1495 2096 διὰ
1509 2070 1563 2096 τῶν
1578 2070 1685 2097 οἰκείων
1708 2069 1824 2105 τρόπων

1030 2117 1121 2144 πίστιν
1142 2116 1296 2151 ἀτιμάζειν.
1314 2115 1381 2143 Λίαν
1403 2116 1458 2151 ἀρα
1482 2117 1674 2152 συμφερόντως
1695 2116 1743 2142 καὶ
1765 2123 1824 2150 κη-

1028 2163 1178 2199 δεμονικῶς
1199 2162 1270 2199 [καὶ]
1291 2164 1305 2190 ὁ
1319 2163 1483 2194 Δεσποτικὺς
1500 2163 1581 2197 νόμος
1600 2163 1645 2188 τὸν
1664 2163 1745 2198 ὅρκον
1761 2170 1824 2188 κω-

991 2203 1013 2232 Ῐ)
1027 2209 1097 2237 λύει.

1064 2259 1114 2290 ογ¹.
1132 2256 1165 2282 'A
1185 2255 1235 2290 μὲν
1251 2253 1281 2281 εὖ
1303 2255 1415 2287 πάθοις,
1431 2255 1474 2281 ἀεὶ
1492 2255 1630 2290 μέμνησο·
1644 2251 1681 2280 ὧν
1698 2254 1721 2281 δ’
1737 2254 1772 2280 ἂν
1789 2252 1823 2281 εὖ

1031 2303 1169 2337 ποιήσαις,
1186 2301 1283 2328 θᾶττον
1306 2300 1494 2328 ὲπιλανθάνου.
1511 2301 1547 2326 Τὸ
1569 2301 1617 2335 μὲν
1630 2301 1684 2337 γὰρ
1700 2303 1826 2336 χρηστόο

1031 2357 1112 2383 τητος
1129 2348 1176 2374 καὶ
1193 2347 1414 2382 εὐγνωμοσύνης,
1430 2347 1460 2373 τὸ
1477 2347 1505 2373 δὲ
1521 2346 1644 2382 καθαρᾶς
1662 2347 1825 2382 μεγαλοψυ-

1031 2393 1104 2428 χίας,
1119 2393 1167 2419 καὶ
1182 2392 1306 2427 καθαρὰν
1321 2393 1449 2426 φυλάττει
1465 2393 1514 2428 τὴν
1529 2392 1699 2427 εὐεργεσίαν.

1066 2439 1112 2465 οδ’.
1137 2439 1303 2473 Εὐεργεσίας
1316 2439 1364 2465 καὶ
1376 2438 1518 2473 συμφορὰς
1536 2438 1687 2471 ὀνειδίζειν,
1701 2439 1753 2474 τῆς
1772 2440 1829 2466 αὐ-

1031 2485 1080 2519 τῆς
1095 2482 1165 2512 εἶναι
1178 2484 1271 2518 νόμιζε
1285 2484 1449 2519 κουφότητος
1463 2484 1510 2511 καὶ
1526 2484 1734 2519 ἀπανθρωπίας.

1066 2532 1112 2558 σε’.
1147 2531 1252 2565 Ἀπάτη
1281 2531 1331 2565 μὲν
1352 2530 1491 2565 πανταχοῦ
1512 2530 1654 2562 ἀσθενείας
1675 2531 1829 2564 ὁμολογία.

1039 2579 1108 2606 Ἀλλ’
1125 2579 1150 2605 εἰ
1168 2578 1216 2613 μὲν
1230 2579 1258 2604 ἐν
1275 2578 1372 2612 φίλοις,
1387 2578 1471 2604 κακόν
1490 2587 1519 2605 τε
1532 2578 1655 2613 ἔσχατον,
1672 2579 1720 2606 καὶ
1734 2579 1831 2614 ὑπερ-

1033 2624 1186 2659 ϐαλλούσης
1206 2623 1357 2658 μοχθηρίας
1369 2631 1375 2638 ·
1396 2624 1420 2650 εί
1442 2623 1470 2650 δὲ
1490 2624 1558 2659 πρὸς
1573 2624 1686 2666 ἐχθροὺς
1703 2626 1751 2650 καὶ
1774 2633 1832 2651 πο-

1032 2669 1154 2703 λεμίους,
1181 2669 1264 2704 μηδὲν
1282 2668 1331 2703 μὲν
1356 2668 1523 2704 προειδότας,
1549 2670 1580 2696 οὐ
1601 2670 1696 2705 πόρρω
1718 2679 1832 2706 στρατ-

1035 2715 1129 2749 ηγίας.
1144 2714 1319 2749 Κοινολογίας
1336 2714 1365 2741 δὲ
1392 2715 1540 2750 γενομένης
1552 2735 1560 2749 ,
1583 2715 1629 2743 καὶ
1642 2716 1747 2752 ταύτην
1774 2718 1834 2744 οὐκ

810 2780 926 2808 νΑιιιιΕ
957 2782 1160 2816 ιερτιοΝΕδ,

234 2838 245 2856 ⁸
261 2838 324 2874 Leg.
346 2837 503 2872 ἀπέχωνται
525 2838 543 2865 f.
556 2838 751 2873 ἡπείγρωνται.
