1940 3087
129 138 178 172 681

708 135 979 168 EPISTOLARUM
997 135 1113 167 LIBER
1138 135 1165 166 Ι.

1691 133 1745 165 652

127 194 301 227 ἀθετοῦντας,
322 194 416 231 πόρρω
431 194 570 231 ἀριστείας
591 194 639 221 καὶ
659 194 859 230 ἀνδραγαθίας·
879 193 907 220 δι’

966 192 1153 226 ίωάθτοῑίοηο,
1168 192 1190 219 si
1206 192 1240 220 ab
1264 191 1308 219 illa
1322 199 1375 218 non
1395 190 1561 219 abhorreant
1579 190 1726 219 adversarii
1737 210 1746 224 ,

125 244 140 270 ὃ
157 243 225 278 μηδὲ
239 243 303 275 τοὺς
316 243 493 274 πιοτεύοντάς
513 251 556 269 σοι
571 242 718 278 πολεμίους
735 243 826 278 ἀπάτῃ
846 251 909 277 μετ-

124 291 217 325 έρχου.
229 291 261 317 Εί
275 289 330 325 γὰρ
341 290 388 316 καὶ
400 289 535 325 πολέμιοι,
552 289 609 317 ἀλλ’
621 290 696 325 ὅμως
713 290 789 316 οὐδὲν
799 289 909 315 ἔλαττον

125 335 253 362 ἀπατεὼν
269 336 316 362 καὶ
329 335 444 368 πλάνος,
465 335 479 362 ὁ
494 336 557 367 τοὺς
572 336 788 368 πεπιστευκότας
803 336 908 368 ἑξαπα-

123 381 220 417 τήσας.

158 468 212 501 ος¹.
229 469 367 504 Προδὸτην
382 469 420 500 ὡς
430 470 464 496 τὰ
476 469 562 496 πολλὰ
580 470 605 497 οἱ
618 469 756 506 ἄνθρωποι
771 471 909 506 προδιδόν-

124 523 158 542 τα
172 515 221 550 μὲν
236 515 354 550 φιλοῦσι,
367 515 555 551 προδεδωκότα
566 515 594 542 δὲ
614 516 732 551 μισοῦσι.
748 517 785 543 Σὺ
803 517 832 544 δὲ
847 518 908 544 ἐπι-

124 561 231 593 σκόπει,
245 561 296 588 κᾶν
315 561 364 596 μὲν
373 562 576 594 ὲπιῦουλευθεὶς
592 562 644 589 ὑπὸ
664 562 719 589 τῶν
739 563 847 590 οἰκείων
861 563 908 590 καὶ

123 606 250 641 χαλεπῶν
262 606 355 632 παθῶν
371 606 427 642 (51)
441 606 608 642 προῦδωκεν,
619 607 670 633 οὐκ
680 607 838 634 ἀνέλπιστόν
849 608 908 634 ἐστι

123 651 200 686 φίλον
217 653 262 679 καὶ
278 653 360 679 καλὸν
374 653 500 687 γενέσθαι
511 660 518 667 “
534 653 567 680 ἂν
583 654 613 680 δὲ
628 654 722 689 μηδὲν,
746 654 793 680 καὶ
808 654 906 681 σαυτοῦ

124 698 207 733 μηδὲν
218 699 328 726 ἔλαττον
338 699 431 734 νόμιζε
447 700 588 735 προδότην.
604 698 640 726 Τδ
654 700 704 734 μὲν
719 699 774 736 γὰρ
788 700 907 736 ἀμείψα-

123 743 184 770 σθαι
200 746 295 775 κακοῖς
318 745 382 776 τοὺς
397 745 593 780 λελυπηκότας,
612 746 781 782 ἀνθρώπινον
803 747 905 779 πάθος⁶

123 790 152 816 τδ
165 790 194 817 δὲ
209 790 375 826 τηλικαύτης
388 791 469 827 ἄρξαι
483 792 664 828 κακουργίας,
675 792 786 820 ἀνιάτου
804 793 906 828 μοχθη-

123 834 192 871 ρίας.

156 966 204 1000 οξ.
221 966 327 1002 Χρυσδς
343 967 451 994 ἅπαντα
466 966 501 994 τὰ
526 967 685 1003 ἀνθρώπινα
711 968 831 1004 στρέφει.
856 969 910 995 Φύ-

122 1019 201 1040 Ααττε
213 1013 358 1048 τοιγαροῦν
381 1013 412 1039 τὸ
433 1013 484 1048 τῆς
499 1013 629 1049 πατρίδος
657 1013 816 1048 ἀνύϐριστον
830 1014 889 1046 ἔθος
900 1022 907 1029 ·

121 1059 258 1094 ἄχρηστον
273 1059 320 1086 καὶ
331 1059 449 1094 νομίζων
461 1060 508 1085 καὶ
523 1059 606 1086 πᾶσιν
619 1059 783 1093 ἐπιδεικνὺς,
796 1060 843 1087 τὸν
854 1061 910 1092 τοῖς

121 1105 244 1139 φιλοῦσιν
260 1105 370 1140 ίσχυρὺν
384 1104 537 1137 ὲπίόουλον,
553 1105 664 1141 χρυσόν.

158 1197 209 1230 οη’.
226 1195 272 1221 Δεῖ
285 1193 320 1221 τὰ
335 1194 384 1230 μὲν
399 1194 454 1221 ἴδια
467 1194 658 1229 συμπίπτοντα
678 1194 846 1230 εὐχαρίστως
863 1195 910 1222 καὶ

122 1240 256 1274 γενναίως
265 1239 358 1274 φέρειν
369 1247 378 1256 ο
392 1240 427 1267 τὰ
440 1240 469 1267 δὲ
481 1240 536 1267 τῶν
550 1240 689 1275 ὑπηκόων,
706 1241 856 1276 συμπαθῶς
864 1241 911 1269 καὶ

123 1286 173 1312 οὐκ
199 1286 367 1321 ἀναλγήτως.
386 1285 423 1312 Τὸ
451 1286 501 1321 μὲν
517 1286 571 1322 γὰρ
588 1286 737 1322 καρτερίας
751 1287 798 1313 καὶ
813 1288 912 1323 φρονή-

125 1340 211 1366 ματος
223 1331 345 1367 ἀνδρείου
357 1339 364 1346 ·
392 1331 423 1358 τὸ
443 1332 472 1359 δὲ
499 1332 645 1368 ὀλιγωρίας
663 1332 717 1368 (32)
735 1333 782 1359 καὶ
803 1333 912 1366 ἀνάξιον

123 1378 241 1414 ἀρχικῆς
253 1378 381 1418 προνοίας
395 1378 442 1404 καὶ
455 1378 625 1410 ἐπιστασίας.

158 1466 211 1494 οθ’.
233 1466 363 1502 Ἐχθροὺς
376 1466 532 1502 ὁμοφύλους
548 1467 605 1502 (55)
623 1467 661 1504 μὴ
674 1468 840 1503 ἀμύνασθαι,
853 1468 912 1496 ἐστι

961 247 976 267 a
1002 239 1162 267 fortitudine
1192 243 1220 266 et
1248 238 1382 273 probitate
1408 237 1526 264 alienum
1548 241 1600 268 est,
1624 237 1749 265 fraudem

962 286 1104 314 adhibere.
1119 285 1251 318 Quocirca
1273 285 1319 319 qui
1338 284 1417 311 ﬁdem
1435 284 1484 311 tibi
1503 283 1661 316 adhibeant,
1679 291 1715 310 ne
1726 284 1750 311 si

960 333 1017 360 sint
1047 334 1149 365 hostes,
1175 332 1229 360 noli
1256 331 1455 359 circumvenire
1478 339 1486 357 :
1512 335 1652 365 utcunque
1675 330 1750 357 enim

962 375 1055 406 hostes
1080 382 1161 410 sunt,
1179 378 1203 405 is
1218 382 1273 405 tam
1282 384 1316 404 en
1341 377 1386 411 qui
1407 377 1487 404 ﬁdem
1505 376 1558 404 sibi
1575 376 1750 403 adhibentem

960 425 1048 457 fallit,
1067 424 1198 459 deceptor
1211 428 1252 451 est
1266 427 1293 451 et
1310 423 1406 458 planus
1420 422 1509 457 plane.

995 470 1039 498 76.
1060 470 1230 499 Proditorem
1260 469 1324 497 dum
1350 468 1439 504 prodit
1468 468 1628 504 plerumque
1656 473 1749 495 amant

959 517 1110 550 mortales;
1130 517 1176 544 ubi
1195 520 1287 544 autem
1305 513 1464 550 prodiderit,
1487 513 1550 541 odio
1574 514 1686 542 habent.
1709 514 1749 541 Tu

961 567 1053 590 autem
1069 562 1186 597 inquire,
1202 570 1237 589 an
1251 561 1358 588 insidiis
1372 561 1396 587 is
1417 561 1519 595 petitus
1534 564 1561 587 et
1580 559 1746 587 circumven-

959 611 1003 636 tus
1021 617 1037 636 a
1049 609 1106 636 suis
1116 607 1270 636 intrinsecis
1282 612 1309 635 ct
1321 606 1479 642 urgentibus
1494 606 1674 641 passionibus,
1686 613 1752 641 pro-

959 654 1031 682 ditor
1043 654 1189 682 exstiterit.
1214 653 1242 680 Si
1255 653 1329 680 enim
1349 652 1440 683 itasit,
1462 659 1517 679 non
1545 655 1587 678 est.
1603 651 1752 686 desperan-

961 700 1025 728 dum
1046 700 1113 735 quln
1129 700 1169 727 vir
1179 700 1280 734 probus
1303 704 1331 727 et
1350 699 1481 727 honestus
1496 698 1627 726 exsistere
1643 698 1750 733 possit:

957 746 1030 781 quod
1049 745 1071 773 si
1085 746 1151 774 nihil
1163 746 1214 773 tale
1221 746 1266 778 sit,
1278 752 1341 772 eum
1350 749 1378 772 et
1396 744 1434 772 tui
1447 744 1613 779 proditorem
1629 743 1751 770 futurum

958 792 1100 820 arbitrare.
1116 791 1164 819 Est
1179 791 1253 818 enim
1268 791 1429 823 humanum,
1446 797 1493 818 eos
1506 789 1553 824 qui
1578 789 1657 817 nobis
1679 789 1753 825 inju-

960 839 1024 866 riosi
1045 837 1200 866 exstiterint
1213 837 1282 864 velle
1299 836 1418 864 ulcicisci
1432 844 1440 870 ;
1459 837 1506 863 sed
1522 836 1581 864 sine
1597 843 1680 863 causa
1694 844 1752 863 rem

959 890 1012 912 tam
1025 885 1135 919 impiam
1150 883 1280 916 exordiri,
1312 882 1470 910 insanabilis
1488 882 1629 917 cujusdam
1645 886 1687 910 est
1701 882 1754 909 im-

959 931 1036 966 probi
1041 930 1112 958 tatis.

996 977 1040 1004 77.
1055 976 1160 1004 Aurum
1184 983 1291 1011 quaqua
1313 982 1424 1003 versum
1449 982 1493 1003 res
1510 975 1644 1002 humanas
1665 975 1750 1002 ducit.

959 1023 1090 1056 Quocirca
1104 1029 1194 1050 mores
1202 1023 1306 1058 patrios
1317 1021 1468 1057 inculpatos
1481 1022 1596 1049 observa
1612 1029 1682 1049 :nec
1697 1029 1753 1048 non

960 1068 988 1098 id
1003 1077 1062 1106 age.
1082 1074 1214 1097 utomnes
1230 1068 1341 1096 videant
1354 1072 1380 1096 et
1395 1068 1546 1103 intelligant
1557 1076 1664 1100 aurum,
1680 1075 1753 1103 pra:-

959 1119 1100 1152 potentem
1118 1115 1194 1142 illum
1216 1114 1414 1147 insidiatorem,
1438 1114 1507 1141 nihil
1524 1114 1596 1149 apud
1611 1119 1638 1141 te
1660 1121 1751 1149 posse,

961 1165 1057 1188 contra
1069 1157 1182 1188 amic'os.

996 1207 1041 1234 78.
1062 1206 1128 1240 Quae;
1158 1207 1207 1235 tibi
1223 1207 1274 1253 ipsi
1288 1205 1448 1236 acciderint,
1467 1205 1529 1233 forti
1543 1210 1570 1233 et
1593 1210 1669 1241 grato
1688 1213 1752 1240 erga

961 1253 1047 1280 Deum
1063 1253 1154 1280 animo
1170 1250 1286 1280 tolerare
1300 1251 1378 1278 decet
1396 1260 1403 1278 :
1418 1251 1541 1278 subditos
1551 1255 1640 1278 autem
1654 1250 1752 1285 siquid

961 1298 1032 1325 male
1049 1298 1184 1330 habuerit,
1197 1297 1251 1324 noli
1271 1304 1331 1324 esse
1346 1297 1404 1323 sine
1420 1303 1514 1328 sensu,
1539 1296 1586 1323 scd
1603 1303 1665 1322 cum
1677 1302 1752 1322 com-

962 1345 1090 1379 passione
1108 1351 1163 1371 una
1177 1350 1240 1370 cum
1263 1343 1316 1370 illis
1331 1342 1455 1369 tolerato.
1483 1341 1551 1369 lllud
1579 1341 1652 1368 enim
1683 1341 1753 1368 tole-

963 1390 1058 1418 rantiae
1083 1394 1111 1417 et
1135 1389 1220 1417 anitui
1247 1389 1326 1416 l'ortis
1346 1393 1388 1416 est
1403 1397 1410 1416 :
1424 1389 1476 1416 hoc
1495 1387 1630 1415 incuriam
1651 1387 1750 1423 arguit,

963 1444 1014 1465 nec
1028 1437 1139 1472 dignum
1155 1441 1197 1463 est
1210 1434 1384 1471 imperatoria
1401 1442 1467 1462 cura
1486 1438 1514 1462 et
1530 1433 1714 1469 providentia.

997 1483 1043 1511 79.
1068 1482 1123 1509 Lex
1135 1481 1227 1509 divina
1252 1486 1280 1508 et
1295 1488 1357 1516 erga
1373 1480 1498 1508 homines
1526 1479 1646 1507 charitas
1662 1479 1752 1514 jubet,

124 1513 174 1548 μὲν
185 1512 256 1544 θεῖος
272 1513 318 1539 καὶ
331 1512 521 1548 φιλάνθρωπος
544 1513 636 1548 νόμος,
659 1513 717 1540 ἔστι
732 1514 761 1541 δὲ
777 1515 824 1541 καὶ
839 1515 907 1542 πολὺ

966 1533 1163 1563 itcongeneres
1180 1526 1258 1553 nobis
1272 1532 1400 1560 tanquam
1411 1525 1504 1552 hostes
1518 1531 1555 1551 ne
1568 1523 1732 1551 ulciscamur
1742 1531 1753 1549 ι

121 1558 154 1586 τὸ
171 1559 306 1594 χρήσιμον
324 1559 354 1585 ἐν
374 1559 465 1590 αὐτοῖς
486 1559 544 1590 τοῖς
566 1559 711 1594 πράγμασι
735 1561 878 1596 παρέχων’
894 1561 908 1587 ὁ

123 1604 173 1638 μὲν
191 1604 244 1639 γὰρ
257 1603 428 1638 ἀμυνόμενος
439 1603 496 1639 ἔχει
511 1604 593 1631 πάλιν
600 1604 791 1641 χαλεπώτερον
802 1606 908 1642 ὲχθρδν,

120 1649 137 1675 ὁ
151 1649 181 1676 δὲ
195 1648 375 1684 εὐεργετῶνῆ
389 1649 465 1684 φίλον
481 1649 688 1684 παρεσκεύασεν
697 1650 758 1678 ἀντὶ
769 1650 878 1687 ἐχθροῦ,
892 1652 908 1687 ἢ

122 1695 232 1728 πάντως
245 1695 396 1731 πραότερον
411 1695 518 1731 ἐχθρόν.

157 1786 195 1809 π’.
211 1783 304 1818 Μηδὲν
318 1781 356 1810 ὧν
382 1783 473 1816 ἄλλοις
488 1783 575 1817 ἔγνως
600 1784 790 1818 ἐπαγγέλλειν,
812 1786 911 1819 φαίνου

124 1829 309 1865 παραϐαίνων.
326 1830 359 1856 Ἦ
371 1830 426 1865 γὰρ
441 1829 470 1856 ἐν
480 1839 536 1857 τισι
545 1831 705 1866 ψευδολογία
715 1832 762 1859 τὸν
778 1832 839 1859 ὅλον
849 1834 911 1869 τρό-

124 1884 174 1902 πον
196 1875 310 1901 ἀπιστον
338 1875 466 1902 δεικνύει.
482 1876 538 1903 Καὶ
555 1878 612 1908 τοῖς
636 1877 838 1912 διαψευσθεϊσιν
858 1879 910 1906 οὐκ

121 1921 196 1947 ἐστιν
227 1920 342 1956 αἰσχύνη
363 1921 401 1956 μὴ
429 1921 592 1956 ἀμείϐεσθαι
612 1924 670 1954 τοῖς
690 1924 803 1958 ὁμοίοις.
822 1925 909 1952 Παντὶ

122 1966 172 2002 μὲν
186 1965 232 1993 οὖν
243 1965 379 2002 ἀνθρώπῳ
394 1966 438 1993 διὰ
455 1967 534 1993 τοῦτο
545 1967 676 2002 φευκτέον
690 1969 722 1995 τὸ
731 1968 837 2004 ψεῦδος,
853 1970 908 2005 μά-

121 2012 200 2038 λιστα
214 2012 243 2039 δὲ
267 2014 323 2044 τοῖς
351 2013 381 2038 ὲν
402 2012 558 2048 δυναστείᾳ.
575 2013 637 2045 Τοῖς
664 2015 714 2049 μὲν
738 2014 794 2050 γὰρ
817 2015 907 2048 ἄλλοις

121 2057 177 2084 ἐσθ’
189 2058 234 2084 ὅτε
251 2058 356 2092 γίνεται
379 2058 522 2093 ἀπολογία,
538 2059 554 2092 ἠ
569 2059 721 2094 ἀδυναμία·
745 2062 802 2092 τοῖς
815 2061 844 2087 δὲ
857 2062 908 2089 οὐκ

121 2105 179 2132 ἔστι
197 2106 342 2140 καταφυγὴ
362 2105 399 2141 μὴ
411 2105 473 2141 οὐχὶ
488 2106 571 2132 παντὶ
583 2106 677 2142 τρόπῳ
690 2106 844 2143 μοχθηροὺς
858 2108 908 2141 τὰς

121 2150 235 2186 γνώμας
248 2151 418 2186 ἐλεγχθῆναι.

157 2248 213 2276 na’.
230 2249 286 2280 Τὰς
306 2249 376 2284 μετὰ
403 2249 583 2285 σφοδρότητος
596 2250 757 2286 ὑποσχέσεις
781 2253 906 2282 εὐλαϐεῖ-

122 2295 182 2322 σθαι
197 2295 261 2331 χρή.
277 2295 340 2321 Εἴτε
354 2295 408 2330 γὰρ
427 2296 589 2331 παράσχοις,
612 2297 661 2332 τὴν
682 2298 814 2334 πλείστην
841 2310 907 2336 προ-

119 2341 229 2376 ἀφεῖλες
241 2342 320 2377 χάριν
334 2343 367 2377 τῇ
384 2341 546 2377 σφοδρότητι
560 2342 610 2378 τῆς
621 2343 796 2378 ἐπαγγελίας,
804 2346 907 2382 ταύτην

961 1573 1008 1601 sed
1023 1576 1051 1600 et
1062 1579 1160 1608 magna
1175 1571 1274 1598 exinde
1290 1571 1371 1598 rebus
1392 1570 1495 1598 nostris
1510 1569 1613 1597 utilitas
1626 1576 1753 1596 accessu-

961 1628 990 1648 ra
1016 1624 1068 1647 est.
1095 1618 1163 1646 Nam
1175 1618 1197 1645 si
1223 1617 1370 1645 vindictam
1400 1616 1563 1651 sumpseris,
1600 1615 1662 1650 plus
1678 1615 1705 1642 in
1724 1618 1751 1642 te

961 1666 1067 1693 hostem
1081 1663 1249 1696 irritaveris;
1265 1671 1328 1690 cum
1344 1662 1389 1697 qui
1407 1661 1542 1689 beneﬁcio
1569 1660 1678 1694 afﬁciet,
1706 1659 1751 1687 vel

962 1718 1011 1746 pro
1026 1711 1105 1738 hoste
1116 1710 1236 1737 anticum
1256 1709 1415 1742 reddiderit,
1433 1713 1479 1736 aut
1495 1708 1590 1736 saltent
1601 1707 1749 1735 modestio-

960 1762 1017 1781 rem
1034 1755 1149 1781 hostem.

996 1800 1040 1828 80.
1061 1799 1090 1827 Si
1103 1800 1167 1834 quid
1183 1799 1244 1827 aliis
1257 1799 1425 1834 promiseris,
1438 1807 1474 1826 ne
1484 1799 1601 1827 videaris
1615 1799 1684 1826 velle
1694 1806 1751 1826 non

961 1846 1085 1881 implere.
1105 1846 1184 1879 Quod
1199 1846 1221 1872 si
1245 1845 1319 1872 enim
1345 1845 1446 1872 inﬁdus
1463 1845 1507 1872 vcl
1542 1845 1570 1872 in
1585 1844 1750 1879 quibusdam

962 1891 1118 1927 reperiaris,
1133 1892 1162 1919 in
1182 1892 1342 1919 universum
1356 1890 1411 1918 tuis
1435 1890 1558 1918 moribus
1580 1890 1749 1918 diﬂiderel‘a-

961 1938 1018 1965 cies
1032 1937 1102 1965 alios
1117 1946 1124 1964 :
1141 1942 1169 1965 et
1192 1945 1260 1973 quos
1276 1938 1315 1965 sic
1337 1937 1399 1965 fuco
1414 1937 1484 1964 facto
1507 1937 1636 1970 illuseris,
1651 1937 1684 1964 ad
1701 1944 1750 1971 par

960 1985 1019 2019 pari
1041 1984 1215 2013 referendum
1232 1983 1360 2012 armabis.
1391 1983 1524 2017 Quocirca
1555 1984 1633 2011 decet
1654 1991 1750 2011 omnes

960 2031 1133 2058 mendacium
1150 2031 1247 2063 vitare,
1276 2030 1428 2066 praesertim
1455 2038 1521 2058 vero
1547 2030 1592 2065 qui
1614 2038 1675 2057 cum
1699 2038 1749 2065 po—

963 2079 1064 2103 testate
1079 2081 1153 2103 sunt.
1174 2076 1225 2103 Alii
1239 2076 1312 2103 enim
1335 2083 1365 2103 se
1380 2076 1414 2103 ab
1430 2076 1602 2111 impossibili,
1629 2076 1671 2103 vel
1696 2076 1749 2103 alio

962 2121 1059 2156 quovis
1069 2122 1160 2154 modo,
1177 2122 1348 2150 excusabunt
1362 2131 1368 2148 :
1387 2121 1524 2157 principes
1543 2126 1632 2149 autem
1651 2126 1748 2148 natura

961 2167 1032 2194 mala
1060 2167 1166 2202 praediti
1193 2175 1254 2195 esse
1274 2167 1513 2200 existimabuntur,
1527 2175 1579 2195 nec
1598 2167 1749 2195 remanebit

924 2199 947 2228 θ
960 2213 1011 2240 alia
1027 2213 1092 2248 ipsis
1107 2213 1255 2241 excusatio.

996 2258 1041 2286 81.
1062 2258 1266 2286 Vehementiori
1289 2267 1350 2286 cum
1363 2258 1562 2286 asseveratione
1577 2258 1632 2285 noli
1646 2258 1747 2292 aliquid

962 2305 1095 2340 polliceri.
1121 2305 1151 2332 Si
1180 2305 1253 2332 enim
1279 2305 1387 2332 steteris
1410 2304 1561 2339 promissis,
1598 2304 1746 2339 plurimutn

961 2350 1079 2378 decessit
1093 2351 1127 2378 de
1148 2351 1310 2386 gratitudine
1327 2358 1375 2386 per
1394 2350 1466 2377 illam
1483 2350 1672 2378 vehementem
1687 2349 1747 2385 pol—

873 2414 992 2445 ΝΟΤΕ.

157 2468 214 2503 (51)
242 2467 388 2495 Χαλεπῶν
412 2467 525 2495 παθῶν.
550 2467 580 2494 in
603 2467 726 2502 margine
746 2473 906 2497 annotatum

120 2502 190 2535 erat,
218 2503 312 2539 nescio
331 2511 365 2539 an
390 2510 406 2539 e
433 2502 509 2539 libris
532 2507 579 2539 aut
604 2504 772 2539 conjectura,
789 2504 905 2539 χαλεπά,

121 2540 174 2567 hoc
188 2537 286 2574 modo,
303 2537 505 2574 ἐπιϐουλευθεὶς
527 2538 579 2574 ὑπὸ
595 2538 648 2574 τῶν
662 2537 843 2570 οἰκείων,’καὶ
854 2549 905 2574 χα-

120 2574 191 2601 λεπὰ
205 2572 300 2600 παθὼν
317 2572 484 2610 προύδωκεν,
510 2573 557 2600 sed
572 2572 905 2610 omttino‘male.rch'(5n-

120 2610 185 2637 dum
199 2613 243 2644 est
263 2612 293 2634 ut
302 2607 442 2644 edidimus
462 2613 498 2644 et?
511 2608 652 2644 vertimus.
676 2607 745 2644 Ibid.
774 2607 907 2644 Πατρίδος

120 2645 188 2676 ἕδος.
212 2643 281 2670 Natu
301 2642 423 2677 Bulgari,
440 2647 469 2669 ut
492 2643 599 2670 barbari
614 2643 738 2678 plerique
755 2642 860 2675 omnes,
877 2650 906 2672 et

120 2679 222 2708 nostris
236 2679 403 2713 temporibtts
416 2685 504 2712 nuper
515 2678 618 2705 inventi
636 2678 820 2706 occidentales
833 2679 902 2711 Indi,

119 2722 216 2742 aurum
227 2722 280 2741 non
293 2713 434 2744 curabant,
446 2713 476 2738 τὸ
485 2713 597 2747 ἀρχαῖον
609 2713 669 2745 ἔθος
681 2721 771 2741 aurem
782 2715 864 2746 illius,
877 2719 905 2742 et

121 2750 249 2784 antiqum,
265 2756 296 2775 ac
312 2748 441 2784 fabulosae
455 2748 554 2780 artatis,
577 2752 608 2775 ut
621 2749 649 2775 in
663 2749 799 2784 plerisque
818 2750 904 2777 illiba-

121 2782 388 2811 tum‘custodientes.
406 2782 498 2817 Itaque
514 2784 539 2810 in
559 2791 625 2817 pace
642 2782 801 2818 plerumque
815 2790 902 2812 erant.

121 2819 227 2854 Χρυσδς
241 2819 313 2846 enim
327 2819 436 2845 ἅπαντα
445 2818 479 2844 τὰ
492 2818 651 2853 ἀνθρώπινα
667 2819 787 2854 στρέφει.
802 2819 902 2847 Tibull.

121 2854 180 2882 Lib.
196 2862 215 2882 ι.
230 2853 303 2882 Elea.
321 2853 363 2882 10.

146 2862 180 2882 to.
196 2862 215 2882 ι.
231 2862 303 2888 meg.
321 2862 363 2882 ιυ.

275 2904 410 2935 ΡΑτιιοι.
428 2905 484 2935 Gn.
498 2905 558 2936 CII.

997 2473 1092 2510 Dicitis
1105 2475 1152 2501 hoc
1170 2475 1259 2510 silium
1277 2478 1314 2500 est
1331 2473 1405 2506 auri;
1422 2481 1468 2510 nec
1479 2473 1548 2501 bella
1560 2474 1667 2510 fuerunt

1032 2508 1268 2544 Faginusustabat
1282 2518 1339 2535 cum
1355 2509 1465 2543 scyphus
1477 2513 1539 2535 ante
1552 2508 1633 2544 dapes
1647 2518 1657 2536 :

996 2543 1056 2570 Non
1073 2543 1152 2576 acies,
1168 2552 1219 2570 non
1230 2544 1314 2571 vallus
1330 2549 1396 2574 erat,
1412 2543 1701 2579 somnumque'petebat

1032 2579 1144 2606 Securus
1156 2580 1244 2606 varias
1257 2580 1310 2605 dum
1323 2579 1407 2615 gregis
1422 2579 1490 2605 inter
1501 2587 1569 2606 oves.

996 2647 1053 2684 (52)
1072 2648 1106 2675 Τὸ
1124 2648 1158 2674 δὲ
1183 2648 1434 2684 ὀλιγωρίαςηῐηιο
1449 2656 1504 2675 non
1525 2652 1567 2675 est
1593 2648 1746 2684 συμπαθῶς

954 2683 1059 2718 φέρειν,
1073 2684 1121 2711 sed
1138 2684 1308 2718 ἀναλγήτως.
1327 2683 1368 2710 Ad
1383 2683 1449 2710 illud
1463 2691 1539 2719 ergo,
1555 2690 1609 2710 non
1621 2683 1654 2710 ad
1666 2683 1743 2717 prius

954 2719 1098 2746 referenda
1113 2719 1251 2749 ἀπόδοσις.

991 2754 1047 2788 (55)
1075 2753 1217 2787 Ἐχθροὺς
1226 2753 1409 2788 ὁμοφύλους.
1424 2754 1482 2781 Hoc
1496 2761 1590 2780 verum
1607 2757 1658 2780 est.
1674 2753 1743 2781 Nam

953 2789 1048 2824 ἐχορο),
1065 2793 1129 2815 sunt
1144 2789 1286 2821 homines;
1310 2796 1375 2824 ergo
1392 2789 1533 2823 ὁμόφυλοι.
1551 2788 1679 2823 chcrcm
1702 2795 1744 2815 ta-

955 2831 1017 2850 men
1034 2823 1163 2855 libenter,
1178 2824 1216 2855 ὡς
1231 2823 1394 2859 ὁμοφύλους,
1412 2824 1465 2851 hoc
1480 2828 1532 2856 est,
1548 2828 1676 2856 tanquam
1693 2824 1743 2851 do-

956 2859 1084 2891 mesticos,
1099 2866 1162 2886 nam
1175 2859 1201 2886 id
1219 2859 1308 2886 divina
1324 2859 1365 2886 lex
1379 2859 1510 2894 praecipit.

1582 2906 1622 2935 22
