1940 3087
182 141 239 172 688

749 134 882 166 PHOTII
900 133 1153 164 PATRIARCHJE
1171 134 1226 165 (ΣΡ.

1755 133 1808 166 684

184 193 360 222 licitationem
377 195 450 220 tuam
463 200 471 223 ;
487 198 550 219 nam
563 191 733 226 dispertitam
749 190 785 218 ab
800 189 879 217 initio
889 194 971 224 atque

1028 189 1266 224 προκαταμερίσας
1278 188 1326 215 καὶ
1340 189 1381 220 είς
1394 189 1441 215 δύο
1456 188 1505 224 τὴν
1518 188 1583 223 μίαν
1596 188 1703 224 δωρεὰν
1722 197 1807 216 κατα-

183 241 220 269 ita
250 240 417 269 deminutam
442 238 515 265 illam
547 237 660 273 gratiam
680 236 841 264 reddidisti:
856 235 930 270 quod
946 234 970 262 si

181 294 239 314 non
256 285 373 318 steteris,
387 283 532 318 dupliciter
547 282 610 309 inde
624 280 852 309 verecundaberis
866 288 916 308 :eo
927 279 970 307 ni-

183 333 282 360 mirum
294 329 404 358 nomiue
416 328 489 364 quod
510 333 564 356 tam
579 331 740 356 attestanter
756 325 931 362 'promiseris,
943 329 972 353 et

183 385 217 405 eo
225 376 297 412 quod
310 375 379 403 nihil
402 374 560 410 praestiteris
588 381 682 401 eorum
706 380 767 408 quae.
783 372 968 407 pollicebare:

183 427 265 458 atque
283 421 319 448 ita
336 428 386 456 pro
409 421 497 448 amico
521 419 658 448 videberis
687 418 827 451 inimicus,
847 425 880 445 eo
896 417 970 453 quod

182 469 217 497 de
229 476 278 505 spe
290 467 410 503 deiectos
420 466 543 495 cluseris.
560 466 667 501 Alioqui
680 469 785 494 certum
800 469 842 492 est
854 463 971 500 promis-

183 522 216 542 sa
227 502 282 542 tam
297 502 416 541 violenta
442 512 667 549 egasseverantia
684 511 743 539 illos
759 511 856 539 decere
871 510 970 545 quibus
983 502 989 508 ’

183 560 251 588 ﬁdes
262 559 335 586 haud
353 559 423 586 bene
439 557 602 590 adhibetur;
625 561 653 584 et
666 560 741 583 certe
755 563 810 583 non
830 560 886 583 tam
896 555 970 582 indi-

180 606 301 642 gentiam
318 613 399 640 quam
411 611 504 632 curam
519 608 546 630 et
570 602 751 638 patrocinium
758 605 915 636 susceptum
927 607 970 627 re-

182 653 329 688 darguunt.
363 656 390 679 et
404 658 437 678 eo
448 650 559 678 nomine
575 649 731 676 referendas
745 648 855 684 gratias.

217 698 263 725 82.
276 696 370 728 Gratia
382 696 480 731 dignus
494 699 537 722 est
553 694 599 729 qui
619 699 745 721 naturam
762 693 856 728 gratiae
876 696 904 719 et
917 699 968 719 no-

181 750 246 771 men
260 746 420 774 veueratur,
448 740 550 776 quique
562 747 670 768 omnem
681 739 871 774 cogitationem
892 745 968 765 suam

175 788 320 817 contendit
335 787 459 815 conferre
478 790 508 814 ut
523 790 680 814 rcmuneret
697 795 704 813 :
729 785 862 813 beneﬁcio
877 789 969 812 autem

182 835 268 864 veluti
291 835 417 870 indignus
431 838 482 865 est,
501 833 546 868 qui
582 833 654 860 bene
679 835 830 860 merentem
845 830 969 866 ingratiis

1024 235 1195 271 σμικρύνας·
1213 236 1268 262 εἴτε
1282 235 1320 270 μὴ
1343 236 1506 271 παράσχοις,
1532 235 1626 270 διπλῆν
1651 235 1808 270 ἀπήνεγκας

1022 280 1072 317 τὴν
1084 281 1226 316 αίσχύνην,
1237 281 1278 307 ὅτι
1290 289 1321 307 τε
1341 281 1463 316 σφοδρῶς
1480 280 1610 316 ὑπέσχου,
1625 281 1672 308 καὶ
1698 281 1740 307 ὅτι
1756 290 1808 317 μη-

1022 326 1068 353 δὲν
1080 323 1118 354 ὧν
1132 326 1251 362 ὑπέσχου
1271 327 1425 362 παρέσχες·
1441 327 1488 354 καὶ
1494 327 1631 362 δυσμενὴς
1644 326 1738 362 ὤφθης
1748 327 1809 354 ἀντ).

1023 373 1112 407 φίλου·
1132 372 1243 408 ἀφεῖλες
1260 373 1315 408 γὰρ
1335 372 1350 400 ὃ
1366 373 1504 409 παρέσχον
1519 374 1547 400 al
1571 373 1688 405 ἐλπίδες.
1706 374 1809 405 ’Δλλως

1022 428 1053 445 τε
1078 419 1107 446 δὲ
1123 419 1170 446 καὶ
1185 419 1214 446 αί
1230 419 1346 455 σφοδραὶ
1372 420 1531 454 ὑποσχέσεις
1543 420 1693 455 ἀρμόζουσι
1708 421 1764 452 τοῖς
1778 421 1808 447 οὐ

1023 466 1083 492 λίαν
1098 465 1320 502 πιστευομένοις·
1337 465 1478 501 ἐλέγχουσι
1495 466 1524 493 δὲ
1537 466 1584 493 καὶ
1597 466 1635 498 ὡς
1646 466 1676 493 οὺ
1693 466 1810 502 κηδεμο-

1022 511 1082 543 νίας
1098 510 1198 545 μᾶλλον
1212 510 1229 546 ἦ
1245 510 1339 546 χρείας
1355 511 1562 547 ὑποτεινόμεναι
1575 511 1666 547 χάριν.

1057 689 1113 726 πβ’.
1131 690 1225 724 ’Δειος
1239 690 1358 728 χαρίτων
1370 691 1385 717 ὁ
1397 689 1593 725 εὐλαϐούμενος
1602 689 1688 725 αὐτῆς
1699 690 1748 717 καὶ
1759 690 1808 725 τὴν

1022 739 1103 772 φύσιν
1121 738 1169 765 καὶ
1183 738 1380 775 προσηγορίαν,
1395 738 1442 765 καὶ
1458 738 1496 773 μὴ
1517 738 1669 773 παυόμενος
1693 738 1808 774 μελετᾷν

1022 785 1075 817 ἓως
1087 785 1120 812 ἄν
1134 784 1239 822 [αὐτὴν]
1258 785 1447 822 ἀνταποδώσῃ.
1463 786 1568 821 Ὥσπερ
1590 785 1620 812 δὲ
1640 784 1749 818 ἀνάξιος
1760 794 1808 819 χα-

1023 832 1116 867 ρίτων,
1133 833 1148 858 ὁ
1161 831 1308 868 ἀχαριστίᾳ
1324 831 1436 868 γνώμης
1451 831 1574 867 ἀμείϐων
1588 832 1635 859 τὸν
1649 831 1807 868 εὐεργέτην,

183 885 354 914 remunerat;
368 881 405 908 ita
422 885 450 908 et
463 880 562 915 dignus
581 883 623 907 est
638 878 683 906 cui
707 877 871 905 excellenter
885 876 969 904 bene-

1028 878 1108 910 >ὒτως
1119 879 1193 912 ἄξιος
1203 878 1252 905 τοῦ
1263 879 1313 915 τῆς
1325 878 1484 914 εὐεργεσίας
1495 878 1659 914 ἀξιώματος,
1670 879 1685 905 ὸ
1698 877 1809 914 χαριζό-

183 928 266 961 ﬁciat,
279 927 325 962 qui
341 927 410 954 bene
424 926 477 953 illis
492 925 590 953 fecerit
616 932 632 952 a
647 923 748 960 quibus
761 923 971 951 retributionem

182 981 237 1001 non
259 971 467 1007 exspectaverit.

218 1019 263 1047 85.
288 1018 327 1046 Ne
353 1017 463 1053 quidem
492 1016 587 1044 amicis
613 1019 708 1044 contra
733 1022 841 1050 aequum
870 1013 972 1050 aliquid

183 1065 320 1101 elargitor.
347 1064 415 1091 Nam
431 1063 453 1091 si
466 1062 592 1090 homines
616 1062 687 1089 bene
712 1061 807 1088 morati
822 1061 888 1093 sint,
908 1060 972 1088 odio

175 1116 212 1139 1e
231 1110 370 1138 habebunt
391 1109 481 1144 potius
504 1108 577 1143 quod
589 1108 662 1143 leges
677 1105 831 1140 violaveﬁs,
850 1106 973 1142 quamob

184 1156 346 1184 beneﬁcium
361 1155 489 1182 collatum
505 1154 738 1182 exosculabuntur
755 1161 762 1179 :
779 1153 803 1180 si
826 1160 890 1180 vero
908 1151 973 1180 mali

184 1201 249 1234 sint,
262 1200 363 1236 duplici
380 1199 523 1235 dispendio
539 1199 665 1226 afﬁcieris
682 1207 689 1225 :
713 1205 775 1225 nam
789 1202 817 1225 et
842 1197 974 1233 improbis

184 1245 354 1278 benefeeisti,
370 1250 398 1273 et
412 1245 504 1273 odium
527 1244 598 1280 apud
623 1244 725 1280 probos
745 1243 892 1271 incuri-isti.
920 1242 974 1271 Sed

185 1297 323 1327 utcunque
346 1291 390 1319 his
406 1291 538 1323 carueris,
551 1290 649 1326 gaudio
668 1290 776 1325 privato
792 1293 820 1317 et
833 1288 974 1323 temporali

184 1343 315 1366 aeternum
326 1337 501 1373 opprobrium
517 1336 688 1372 permutasti,
700 1335 773 1372 quod
792 1336 904 1363 stultum
915 1334 975 1370 pla-

184 1391 220 1413 ne
237 1389 321 1413 esset.

230 1431 274 1459 8L
299 1430 398 1458 Gratiae
430 1437 482 1465 per
518 1428 792 1465 procrastinationes,
822 1432 974 1463 temporum

184 1477 373 1509 extensiones,
390 1476 465 1503 velut
488 1475 522 1503 ad
536 1480 703 1504 senectutem
718 1474 862 1510 quamdam
878 1473 975 1502 dever-

185 1526 291 1559 gentes,
310 1522 419 1558 propria
427 1521 606 1551 deﬂorescunt
620 1521 823 1557 pulchritudine
837 1529 845 1548 :
861 1527 975 1548 excusso

185 1568 287 1596 etenim
302 1568 524 1604 promptitudinis
540 1568 617 1602 ﬂore,
633 1567 748 1603 quicum
764 1567 871 1595 adesset
883 1567 975 1602 splen-

186 1613 279 1642 didam
291 1613 435 1648 quamdam
447 1618 475 1641 et
494 1613 655 1642 immensam
668 1612 900 1648 pulchritudinem
929 1620 974 1640 re-

186 1659 379 1695 praesentabat,
395 1659 470 1687 nullo
481 1659 562 1688 modo
574 1667 610 1687 ne
617 1659 651 1687 ad
664 1659 759 1687 horam
772 1662 890 1695 possunt
898 1657 974 1686 oble-

187 1709 273 1733 ctare.

222 1750 268 1778 85.
293 1749 392 1778 Gratiae
406 1749 553 1778 dimidiatae
567 1757 738 1785 nequaquam
765 1750 859 1786 gratiae
885 1754 949 1777 sunt
965 1758 972 1777 :

188 1800 270 1824 erunt
293 1800 396 1829 autem,
425 1800 622 1823 consummatae
648 1796 693 1823 ubi
717 1796 829 1823 fuerint.
857 1795 908 1829 Qui
927 1803 975 1830 per

188 1847 280 1879 partes
292 1843 479 1870 tantummodo
491 1842 601 1878 gratiam
613 1842 686 1876 facit,
701 1842 847 1878 ipsummet
855 1850 884 1870 se
898 1843 975 1870 dam-

188 1895 224 1915 no
234 1887 327 1921 allicit,
349 1895 401 1915 nec
423 1888 566 1923 accipienti
591 1888 703 1923 gratiam
722 1888 808 1915 facit:
823 1895 886 1915 nam
914 1887 975 1923 plus

187 1934 232 1961 ille
245 1933 279 1961 de
292 1941 325 1961 eo
342 1933 414 1968 quod
427 1933 597 1961 desideratur
613 1933 724 1967 dolebit,
734 1941 815 1968 quam
838 1934 975 1962 laetabitur

188 1979 222 2007 de
235 1984 344 2013 accepta
355 1979 494 2006 dimidiata
507 1979 632 2013 portione
643 2001 650 2008 .

223 2024 268 2052 86.
285 2024 337 2058 Qui
350 2025 463 2060 gratiam
479 2026 560 2053 alicui
585 2026 684 2054 factam
707 2027 862 2062 exprobrat,
879 2027 974 2055 similis

188 2075 231 2098 est
242 2070 338 2098 colono
352 2070 398 2106 qui
424 2071 541 2098 libenter
562 2072 687 2104 seminat,
712 2073 759 2099 sed
777 2076 879 2107 ‘porcos
893 2076 922 2099 et
935 2071 975 2099 fe-

191 2124 234 2143 ras
251 2117 279 2143 in
293 2121 443 2144 sementem
472 2116 605 2145 immittit.
637 2117 729 2145 Perdit
751 2118 796 2145 ille
826 2126 929 2151 semen,
946 2122 974 2145 et

190 2162 306 2189 fructum
322 2170 337 2190 e
370 2163 492 2196 semine;
515 2164 604 2199 perdit
615 2164 665 2191 iste
679 2171 710 2190 ea
725 2171 786 2198 qua:
804 2164 929 2196 contulit,
947 2169 974 2192 et

190 2208 385 2244 gratitudinem
399 2209 450 2236 sibi
470 2217 502 2236 ex
516 2209 548 2236 iis
563 2210 787 2237 elllorescentem.

224 2297 270 2324 87.
299 2297 327 2325 Si
342 2298 376 2325 ab
400 2297 477 2325 initio
490 2298 624 2326 beneﬁcio
640 2298 781 2331 alfcceris,
808 2306 877 2334 quos
897 2299 976 2326 dein-

189 2351 254 2378 ceps
267 2340 391 2379 neglectu
408 2345 502 2377 habes,
527 2345 583 2372 noli
606 2350 701 2380 putare
720 2353 768 2372 eos
784 2345 824 2373 sic
843 2345 976 2373 beneﬁcio

189 2389 304 2417 affectos
333 2390 403 2418 velle
424 2391 639 2418 benevolentiam
656 2391 775 2426 priorem
801 2399 975 2419 conservare.

190 2434 289 2462 Multos
306 2441 412 2471 egomet
425 2441 553 2471 expertus
574 2436 698 2472 cognovi,
713 2437 757 2471 qui
775 2437 868 2464 multis
883 2442 912 2464 et
921 2445 977 2464 ma-

190 2481 250 2516 gnis
272 2482 328 2509 suis
351 2482 455 2509 collatis
467 2481 607 2509 beneﬁciis
628 2483 733 2515 conﬁsi,
746 2483 846 2510 nullam
863 2491 974 2518 prorsus

188 2535 282 2555 curam
299 2528 391 2555 eadem
403 2528 532 2563 deinceps
548 2528 707 2556 continuare
724 2529 896 2556 habuerunt:
912 2537 974 2564 per-

189 2577 334 2600 suaserant
349 2573 422 2600 enim
449 2574 500 2601 sibi
520 2573 669 2601 exhibitam
685 2573 719 2601 ab
736 2573 812 2601 initio
827 2574 974 2602 liberaliter

188 2619 407 2646 benevolentiam
430 2619 553 2647 suliicere
572 2619 671 2648 debere
685 2620 718 2647 ad
750 2620 974 2655 obstringendum

191 2671 323 2702 perpetuo
337 2665 477 2693 beneﬁciis
501 2665 621 2699 allectos,
652 2674 703 2694 nec
718 2666 849 2702 temporis
867 2667 973 2694 diutur-

1023 933 1103 960 μενος
1118 925 1162 960 ἐφ’
1174 921 1197 958 ᾧ
1215 924 1252 961 μὴ
1263 924 1461 952 ἀνταπολαϐεϊν
1476 924 1525 960 τὴν
1539 924 1629 960 χάριν.

1057 1018 1113 1049 πγ’.
1134 1015 1226 1050 Μηδὲν
1242 1015 1401 1051 παράνομον
1428 1015 1496 1051 μηδὲ
1513 1015 1600 1048 φίλοις
1620 1015 1741 1051 χαρίζου.
1760 1015 1809 1042 Ἂν

1024 1060 1072 1096 μὲν
1088 1060 1143 1096 γὰρ
1157 1062 1289 1094 ἐπιεικεῖς
1312 1059 1373 1096 ὦσι,
1403 1062 1550 1098 μισήσουσι
1570 1061 1671 1096 μᾶλλον
1687 1070 1809 1097 παρανο-

1024 1105 1136 1142 μοῦντα,
1154 1107 1170 1142 ἢ
1189 1107 1332 1142 φιλήσουσι
1345 1107 1526 1144 χαριζόμενον
1537 1117 1544 1123 ·
1561 1108 1594 1135 ἂν
1607 1108 1636 1135 δὲ
1647 1107 1755 1142 φαῦλοι,
1767 1107 1808 1134 δι·-

1022 1152 1092 1188 πλῆν
1103 1152 1205 1188 ζημίαν
1219 1153 1376 1189 ὑπέμεινες,
1391 1155 1493 1186 κακοὺς
1503 1154 1665 1190 εὐεργετῶν,
1680 1154 1727 1180 καὶ
1738 1154 1809 1188 ἀγα-

1024 1197 1080 1230 θοῖς
1096 1198 1329 1234 ἀπεχθανόμενος.
1354 1199 1409 1226 Καὶ
1425 1200 1510 1235 χωρὶς
1523 1199 1552 1226 δὲ
1575 1199 1695 1231 τούτων,
1713 1198 1810 1234 τέρψει

1023 1244 1184 1280 προσκαίρῳ
1200 1245 1248 1272 καὶ
1278 1245 1399 1281 ἰδιωτικῇ
1421 1245 1507 1273 ἀΐδιον
1519 1245 1619 1277 ὄνειδος
1642 1243 1810 1277 ἀλλάξασθαι

1024 1291 1071 1318 καὶ
1090 1291 1189 1324 κοινὸν,
1203 1291 1326 1327 μεγάλης
1341 1291 1444 1324 ἀνοίας.

1059 1421 1112 1450 πεδ’.
1125 1423 1159 1449 Δί
1169 1428 1280 1459 χάριτες
1292 1425 1351 1457 ταῖς
1363 1425 1509 1459 ἀναϐολαῖς
1520 1428 1567 1454 καὶ
1581 1426 1752 1463 παρατάσεσι
1763 1428 1812 1455 τοῦ

1024 1468 1132 1504 χρόνου,
1142 1468 1290 1506 ὤσπερ-είς
1301 1471 1391 1507 γῆρας
1404 1472 1581 1506 ὲλθοῢσαι,τὺ
1594 1475 1694 1501 οἰκεῖον
1709 1475 1811 1510 μαραί-

1024 1524 1115 1543 νονται
1129 1516 1243 1549 κάλλος·
1259 1518 1290 1544 τὸ
1303 1518 1358 1554 γὰρ
1370 1518 1450 1551 ἄνθος
1469 1520 1655 1547 ἀποϐαλοῦσαι
1672 1521 1722 1556 τῆς
1741 1529 1812 1555 προ-

1027 1562 1136 1597 θυμίας,
1149 1562 1209 1598 μεθ’
1217 1560 1252 1599 ἦς
1261 1563 1403 1599 ἀμήχανόν
1412 1573 1474 1592 τινα
1481 1566 1527 1592 καὶ
1537 1565 1666 1601 λαμπρὰν
1673 1566 1814 1593 ἐποιοῦντο

1023 1607 1074 1643 τὴν
1090 1608 1196 1644 τέρψιν,
1212 1609 1242 1636 οὺ
1257 1609 1387 1646 καθωρὰν
1406 1609 1416 1630 ι
1430 1611 1543 1647 φέρουσι
1565 1611 1615 1647 τὴν
1629 1611 1812 1647 εὐφροσύνην.

1059 1744 1113 1771 πε’.
1133 1745 1167 1771 Al
1183 1745 1294 1781 χάριτες
1310 1745 1448 1780 ἡμιτελεῖς
1459 1745 1547 1779 οὖσαι,
1559 1747 1609 1774 οὐκ
1625 1747 1747 1774 ἐθέλουσι
1763 1748 1814 1783 χά-

1025 1800 1099 1827 ριτες
1112 1789 1198 1819 εἶναι·
1216 1792 1323 1820 ἔσονται
1336 1793 1376 1826 δὲ,
1390 1793 1500 1820 ἐπειδὰν
1515 1794 1722 1830 τετελειωμέναι
1732 1792 1811 1822 ὦσιν·

1023 1838 1037 1863 ὁ
1060 1836 1088 1863 δὲ
1104 1837 1204 1869 ταύτας
1218 1837 1248 1870 ἐξ
1263 1838 1392 1874 ἡμισείας
1404 1839 1570 1872 κατατιθεὶς,
1585 1841 1680 1867 ἑαυτὸν
1692 1841 1814 1876 ἐζημίω-

1024 1891 1065 1916 σε,
1076 1883 1124 1909 καὶ
1137 1883 1183 1910 τὸν
1203 1883 1320 1910 λαϐόντα
1337 1885 1388 1911 οὐκ
1403 1884 1547 1920 εὔφρανεν.
1569 1887 1599 1912 '0
1610 1886 1664 1922 γὰρ
1676 1887 1814 1922 ἡμίτομον

1022 1928 1072 1964 τὴν
1089 1929 1169 1966 χάριν
1184 1930 1353 1966 ἀπειληφὼς,
1371 1932 1420 1968 οὐχ
1436 1932 1506 1959 οὕτω
1520 1932 1558 1968 τῷ
1575 1933 1670 1968 ἡμίσει
1691 1934 1813 1969 εὐφραν-

1023 1975 1147 2011 θήσεται,
1162 1977 1200 2008 ὼς
1218 1977 1288 2013 ὑπὲρ
1298 1977 1345 2004 τοῦ
1362 1978 1550 2014 ἀφαιρέματος
1562 1979 1712 2006 ἀνιάσεται.

1059 2023 1118 2055 σις’.
1145 2024 1174 2050 '0
1199 2024 1249 2056 τὰς
1263 2025 1379 2060 χάριτας
1397 2026 1545 2059 ὀνειδίζων,
1572 2027 1665 2061 ὅμοιός
1688 2027 1747 2052 ἐστι
1772 2026 1814 2061 τῷ

1024 2068 1149 2103 γεωργῷ,
1166 2069 1303 2104 σπείροντι
1316 2071 1367 2105 μὲν
1384 2071 1542 2107 προθύμως,
1562 2073 1694 2107 ὲπαφέντι
1709 2073 1737 2101 δὲ
1754 2075 1813 2110 χοί-

1026 2121 1089 2147 ρους
1103 2114 1153 2139 καὶ
1177 2114 1258 2148 θηρία
1284 2115 1322 2150 τῷ
1339 2116 1441 2151 σπόρῳ.
1464 2117 1508 2148 Ὧς
1522 2119 1576 2153 γὰρ
1601 2118 1705 2150 ἐκεῖνος
1717 2120 1764 2146 καὶ
1780 2120 1814 2146 τὸ

1024 2156 1136 2191 σπέρμα
1147 2157 1194 2184 καὶ
1207 2158 1253 2184 τὸν
1268 2158 1297 2191 ἐξ
1312 2159 1394 2186 αὐτοῦ
1417 2160 1577 2195 λυμαίνεται
1603 2163 1719 2198 καρπὸν,
1739 2164 1814 2191 οὕτω

986 2223 1012 2253 D
1025 2202 1072 2229 καὶ
1089 2199 1168 2233 οὗτος
1182 2205 1228 2230 καὶ
1239 2205 1273 2232 τὰ
1283 2206 1489 2241 καταϐληθέντα
1503 2209 1550 2234 καὶ
1575 2209 1624 2244 τὴν
1645 2209 1813 2244 βλαστάνου-

1025 2257 1076 2276 σαν
1087 2250 1161 2285 αὐτῷ
1177 2252 1395 2285 προσαπόλλυσιν
1413 2254 1598 2288 εὐχαριστίαν.

1059 2295 1114 2327 πζι.
1129 2296 1204 2331 Μηδὲ
1216 2298 1287 2323 κατὰ
1300 2298 1410 2332 πρώτας
1420 2299 1582 2334 εὐεργετῶν,
1597 2300 1689 2327 ἔπειτα
1703 2301 1731 2327 δὲ
1742 2301 1814 2336 ἀμε-

1024 2340 1089 2375 λῶν,
1103 2343 1197 2377 νόμιζε
1207 2344 1258 2379 τὴν
1269 2344 1300 2377 ἐξ
1313 2345 1401 2380 ἀρχῆς
1410 2354 1450 2373 σοι
1467 2346 1575 2381 εὔνοιαν
1585 2348 1648 2378 τοὺς
1661 2348 1704 2374 εὐε
1710 2356 1814 2383 ργετη-

1024 2387 1123 2420 θέντας
1136 2388 1334 2423 διαφυλάττειν.
1353 2391 1470 2423 Πολλοὺς
1483 2392 1538 2427 γὰρ
1552 2393 1633 2424 αὐτὸς
1653 2393 1707 2428 ἐγὼ
1727 2395 1814 2429 πείρᾳ

1022 2432 1148 2467 διέγνων,
1159 2434 1200 2460 ὅτι
1218 2434 1404 2470 θαρρήσαντες
1417 2436 1457 2472 τῷ
1472 2437 1569 2472 πλήθει
1580 2439 1627 2464 καὶ
1638 2438 1748 2473 μεγέθει
1760 2440 1814 2474 τῆς

1024 2480 1166 2515 καταρχὰς
1179 2481 1348 2516 εὐεργεσίας,
1366 2482 1442 2509 οὐδὲν
1452 2484 1481 2509 ὲν
1491 2484 1547 2515 τοῖς
1568 2484 1667 2519 ἐφεξῆς
1686 2485 1815 2520 ἐφρόντι-

1026 2534 1075 2552 σαν
1091 2527 1277 2559 ὲπιδείξασθαι
1295 2527 1415 2554 τοιοῦτον
1425 2535 1432 2544 ·
1448 2529 1575 2564 ἀρκέσειν
1595 2530 1648 2565 γὰρ
1663 2531 1720 2562 τοῖς
1732 2531 1815 2566 εὐερ-

1025 2572 1164 2608 γετηθεῖσι
1177 2573 1245 2608 πρὸς
1261 2574 1310 2609 τὴν
1321 2574 1364 2601 διὰ
1380 2574 1438 2609 βίου
1451 2575 1627 2610 εὐχαριστίαν
1638 2576 1688 2610 τὴν
1705 2584 1816 2611 καταρ-

1024 2618 1076 2653 χὰς
1090 2618 1208 2654 ἤλπισαν
1224 2619 1389 2655 φιλοτιμίαν,
1406 2620 1453 2646 καὶ
1469 2621 1563 2656 χρόνον
1573 2620 1667 2647 οὐδένα
1682 2621 1716 2648 ἂν
1727 2622 1815 2656 ἐγγε-

1025 2665 1120 2691 νέσθαι
1135 2665 1220 2701 λήθης
1230 2667 1286 2698 τοῖς
1302 2664 1331 2693 εὖ
1344 2666 1490 2693 πεπονθόσι
1505 2666 1554 2702 τῆς
1565 2667 1766 2702 ἀγαθουργίας’
1785 2669 1817 2695 τὸ

831 2766 949 2796 ΥΑΒΙᾹΞ
969 2767 1173 2796 LECTIONES.

230 2852 240 2872 ³
257 2854 300 2881 lc.
312 2856 444 2892 καθαράν,
476 2859 528 2890 vel,
540 2857 602 2884 καθ’
617 2857 692 2894 ὤραν
