1940 3087
124 136 174 167 685

711 124 984 160 EPISTOLARUM
1001 123 1120 155 LIBER
1133 125 1163 155 ἵ.

1700 120 1753 153 686

124 191 150 218 δὲ
167 190 198 217 οὐ
219 188 300 226 μόνον
312 187 344 215 οὐ
359 186 431 214 κατὰ
443 185 493 218 τὰς
506 184 598 213 αὐτῶν
613 183 724 215 ὲλπίδας
735 181 837 217 ἀπέϐη,
847 180 915 208 ἀλλὰ

982 179 1081 206 ιὶιοιοηι
1109 178 1211 206 debere
1226 176 1393 206 oblivionem
1416 177 1575 206 collatorum
1605 177 1755 207 beneﬁcio-
1775 179 1789 183 ‘

124 236 170 264 καὶ
183 237 223 267 είς
235 234 391 262 τούναντίον
402 232 519 268 ἐτράπη.
541 230 623 258 Ἀλλὰ
632 229 698 266 περὶ
712 229 762 265 μὲν
774 229 828 255 τῶν
843 226 914 262 φαύ-

125 282 176 309 λων
189 281 239 316 τὴν
254 279 414 316 προαίρεσιν
428 277 504 318 οὐδὲν
518 276 675 312 θαυμαστόν
685 284 693 291 ·
709 276 734 302 οἱ
753 274 809 310 γὰρ
827 272 916 301 τοιοῦ-

125 336 175 359 τοι,
186 325 247 354 οὐδὲ
259 325 374 362 ῥεούσης
388 325 481 356 αὐτοῖς
492 325 529 355 είς
548 324 641 359 χεῖρας
651 322 718 354 ἴσως
737 323 788 357 τῆς
802 321 916 356 εὐεργε-

127 373 196 405 σίας,
215 372 275 400 οὑδὲ
289 371 350 398 τότε
362 370 501 405 γλώσσαις
526 369 682 400 ἀνοθεύτοις
705 367 853 403 ἠμείϐοντο
866 366 917 398 τὰς

126 418 294 454 εὐεργεσίας,
311 417 382 453 πλὴν
393 417 441 444 καὶ
452 417 500 443 ὲπὶ
511 415 566 442 τῶν
577 415 676 447 ἄλλων,
688 413 752 446 τοὺς
769 413 820 450 μὲν
836 412 917 440 καλο-

126 465 260 499 καγαθίας
286 463 521 500 ἐπιμελουμένους
544 460 579 498 ἦν
609 462 686 494 ἰδεῖν,
715 461 754 492 ὡς
768 458 843 496 εῖχον
867 459 917 495 μὲν

128 511 237 546 μνήμην
249 507 287 537 ὧν
299 510 395 545 ἔτυχον
412 508 641 541 ἀπολελαυκότες,
657 508 706 535 καὶ
728 506 850 541 εὐλογεῖν
867 507 918 533 οὐκ

126 555 266 588 ἐξίσταντο
290 556 337 583 τὸν
358 555 524 591 εὐεργέτην
548 555 624 591 ὅμως
635 554 665 581 δὲ
681 553 720 590 μὴ
744 553 798 580 τῶν
816 552 919 588 ὁμοίων

126 603 317 638 τυγχάνοντες,
328 601 383 629 οὐδ’
393 601 472 629 αὐτοὶ
485 601 612 637 καθαρὰν
637 601 686 629 καὶ
700 600 842 636 ἀκήρατον
867 598 919 634 τὴν

127 649 246 685 ἀρχαίαν
263 648 393 681 διέσωζον
421 647 645 683 εὐγνωμοσύνην,
677 646 745 674 ἀλλὰ
773 645 814 682 τῷ
829 645 920 682 χρόνῳ

127 698 178 730 τὴν
192 696 273 732 χάριν
291 695 332 731 (οὐ
345 695 400 731 γὰρ
413 693 488 731 εῐχον
502 694 648 730 ὲπιρροὴν)
656 693 919 730 ὑπομαραινόμενοι,

127 742 159 769 τὸ
176 742 292 778 σφοδρὸν
305 742 352 769 καὶ
366 742 468 777 ὡραῖον
480 741 663 778 ἀπηνθίζοντο
681 740 729 768 τοῦ
747 740 859 776 φίλτρου
869 747 877 755 ⁸
895 740 920 767 oi

128 789 157 816 δὲ
183 789 270 824 μέσης
296 788 472 824 νομιζόμενοι
498 788 667 822 διαθέσεως,
694 786 920 823 εὐεργετούμενοι

130 835 181 871 μὲν
192 835 360 871 εὐχαρίστως
375 835 509 862 διέκειντο
519 843 526 850 ”
545 834 730 882 ἀμεληθέντες
745 833 786 866 δὲ,
803 832 920 882 οὐδ’Ᾰαύρ
937 854 957 882 Β

128 881 171 906 τοὶ
183 880 233 916 τὴν
246 880 384 916 προτέραν
395 880 516 907 διάθεσιν
530 880 571 912 είς
585 879 738 908 τούναντίον
755 877 920 914 μεταϐαλεῖν

130 926 352 962 ὲνῃσχύνθησαψ
365 926 492 962 μάλιστα,
512 925 658 961 βλέποντες
679 924 792 961 ἑτέρους
815 924 920 960 φιλοτι-

132 972 201 1007 μιῶν
217 971 415 1004 ἀπολαύοντας.
435 971 472 999 Οὐ
495 972 551 1007 γὰρ
563 971 581 998 ἃ
595 970 818 1007 προπεπόνθασιν
832 970 922 1003 αὐτοὶ,

131 1018 220 1045 καίτοι
234 1018 304 1050 δέον,
321 1018 493 1053 ὲλογίσαντοο
507 1015 548 1049 οἷς
562 1017 584 1044 δ’
599 1015 628 1044 εὖ
639 1016 751 1045 πάθοιεν
760 1017 785 1043 oi
798 1015 924 1050 πλησίον,

131 1063 291 1099 ἑπητένιζον
301 1071 309 1079 ·
324 1063 372 1090 καὶ
395 1062 502 1095 τούτοις
517 1061 755 1097 παρακνιζόμενοι
769 1060 820 1097 τὴν
836 1061 924 1095 εὐφη-

133 1108 198 1144 μίαν
214 1109 255 1141 εῐς
277 1109 440 1145 ἀχαριστίαν
464 1108 590 1144 ἔτρεπον.
607 1107 701 1143 Πολλῷ
714 1107 769 1143 ἄρα
785 1106 926 1134 λυσιτελὲ-

133 1163 229 1190 στερον
239 1155 360 1191 ἄρχοντι,
373 1155 422 1182 καὶ
432 1155 461 1181 ὲν
475 1153 610 1189 πολιτείᾳ,
622 1152 695 1180 κατὰ
707 1153 800 1189 μέρος,
816 1152 864 1179 καὶ
881 1151 926 1179 διὰ

134 1200 204 1236 βίου,
219 1201 279 1232 ταῖς
293 1200 409 1235 δωρεαῖς
423 1200 440 1235 ἢ
455 1199 553 1235 ἀθρόον
569 1199 617 1226 καὶ
635 1198 745 1234 ἐφάπαξ
756 1196 925 1225 οἰκειοῦσθαι

133 1246 165 1274 τὸ
180 1246 312 1282 ὑπήκοον.
326 1246 364 1273 Τδ
387 1245 417 1273 δὶ
447 1245 551 1281 πλῆθος
571 1245 619 1273 καὶ
634 1245 718 1281 βάρος
737 1245 793 1272 τῶν
805 1245 925 1281 χαρίτων

133 1292 251 1329 ἁρμόζει
266 1293 367 1329 μᾶλλον
391 1292 450 1324 τοῖς
472 1292 627 1327 ὑπέρογκον
650 1300 678 1319 τι
705 1291 754 1319 καὶ
770 1291 925 1327 παράδοξον

135 1339 184 1366 ἐπὶ
197 1341 273 1376 κοινῇ
286 1339 410 1375 σωτηρίᾳ
426 1338 648 1374 κατωρθωκόσιν,
665 1338 682 1373 ἢ
693 1339 749 1370 τοῖς
761 1339 802 1370 είς
814 1338 844 1365 τὸ
857 1347 928 1365 σπα-

135 1385 266 1413 νιώτατον
280 1387 331 1422 τῆς
343 1386 421 1422 ἡμῶν
433 1385 596 1421 ἐπικουρίας
608 1385 713 1412 δεῖσθαι
728 1384 889 1420 νομισθείσι.

967 232 1027 251 rum
1046 232 1061 251 a
1081 224 1166 252 semel
1191 224 1261 251 bene
1285 224 1319 252 de
1337 231 1367 251 se
1390 224 1496 252 meritis
1510 232 1673 259 procurare.
1696 225 1755 259 Qua

967 269 994 296 in
1021 276 1050 297 re
1079 276 1128 304 spe
1156 269 1244 296 delusi
1269 269 1451 304 exciderunt,
1477 277 1508 297 re
1537 271 1565 298 in
1591 271 1756 299 contrariam

967 315 1259 351 partemprocedente.
1281 315 1375 351 Neque
1390 317 1488 345 mirum
1514 325 1580 345 sane
1611 317 1698 346 malos
1716 318 1757 346 sit:

968 361 1081 390 affectos
1096 369 1157 389 esse
1176 362 1270 390 animo
1286 371 1293 390 :
1309 362 1376 390 tales
1389 363 1474 395 enim,
1499 371 1534 391 ne
1554 364 1664 398 quidem
1691 365 1756 392 dum

968 408 996 435 in
1029 415 1127 436 manus
1156 408 1278 444 ipsorum
1304 408 1436 437 beneﬁcia
1466 409 1638 445 depluerent,
1658 410 1758 446 linguis

968 453 1165 482 sincerioribus
1178 454 1249 482 bene
1265 459 1404 483 merentes
1425 456 1459 484 de
1473 464 1502 484 se
1526 457 1695 485 remunerari
1711 466 1759 486 vo-

969 500 1071 528 lebant.
1089 500 1143 528 Sed
1154 505 1183 529 et
1200 500 1321 536 alioquin
1334 501 1407 537 apud
1419 509 1467 530 eos
1481 502 1582 537 quibus
1601 503 1683 532 etiam
1695 511 1760 540 pro-

968 547 1040 576 bitas
1059 556 1132 576 curae
1146 553 1199 580 est.
1224 548 1318 577 videre
1329 556 1476 584 possumus
1490 551 1650 578 memoriam
1663 558 1758 579 eorum

970 594 1071 630 quibus
1101 595 1274 629 fruebantur,
1295 596 1368 624 baud
1401 596 1538 625 retinere:
1565 600 1593 625 et
1620 602 1760 634 utcunque

970 637 1150 670 benemeritis
1156 643 1221 671 dum
1230 643 1395 676 adiciuntur,
1406 644 1627 673 benefactoribus
1635 645 1703 681 grati
1710 653 1761 674 ex-

971 689 1082 722 sistant.
1108 694 1298 718 verumtamen
1319 690 1343 718 si
1365 691 1496 727 deinceps
1518 699 1574 720 non
1590 692 1649 728 pari
1679 693 1762 721 modo

971 734 1134 768 adiciantur,
1150 735 1269 771 priorem
1284 736 1356 764 illam
1373 744 1450 764 suam
1462 737 1547 765 animi
1567 738 1762 774 promptitudi-

971 788 1036 808 nem
1062 789 1234 817 nequaquam
1259 783 1381 810 retinent
1406 783 1541 812 sinceram
1556 789 1584 811 et
1609 784 1762 819 illibatam;

971 835 1068 855 verum
1089 827 1222 863 temporis
1232 828 1348 857 decursu
1364 829 1436 865 (cum
1453 829 1555 858 inﬂuxu
1571 830 1605 858 de
1612 838 1683 859 novo
1707 839 1763 860 non

972 874 1176 911 supplerentur)
1197 876 1311 911 gratiam
1340 876 1504 905 emarcidam
1535 877 1677 911 habentes,
1691 879 1765 914 quod

974 920 1003 948 in
1030 928 1124 949 amore
1146 921 1342 950 vehementius
1366 927 1393 950 et.
1417 922 1588 959 splendidius
1600 922 1763 956 habebatur.

975 967 1099 995 avulsum
1121 971 1151 995 et
1176 967 1361 996 deﬂorescens
1373 968 1532 997 admittunt.
1553 969 1589 997 At
1611 970 1658 1005 qui
1674 970 1766 998 medio

973 1013 1092 1048 quodam
1111 1021 1189 1042 more
1202 1014 1376 1048 tenebantur,
1398 1015 1540 1043 beneﬁciis
1553 1015 1642 1044 affecti
1657 1017 1691 1044 ad
1705 1024 1768 1053 gra-

972 1060 1119 1088 titudinem
1137 1060 1370 1096 disponebantur;
1385 1061 1503 1097 neglecti
1529 1067 1634 1096 autem,
1649 1070 1685 1091 ne
1704 1063 1767 1098 qui-

975 1105 1037 1133 dem
1051 1106 1102 1142 ipsi
1116 1106 1233 1142 'pudore
1255 1107 1429 1134 deterrentur
1452 1115 1508 1143 quo
1529 1108 1620 1136 minus
1648 1109 1767 1145 priorem

975 1151 1059 1179 animi
1082 1151 1210 1180 affectum
1237 1157 1399 1181 convertant
1425 1153 1453 1180 in
1478 1154 1660 1188 contrarium;
1680 1162 1768 1190 eoque

977 1199 1063 1234 magis
1073 1198 1096 1226 si
1107 1198 1175 1226 alios
1189 1198 1308 1227 viderint
1321 1199 1373 1227 sibi
1387 1199 1520 1235 dignitate
1533 1200 1671 1235 praelatos.
1698 1200 1767 1229 Nam

977 1253 1149 1281 nequaquam
1178 1247 1269 1275 solent
1303 1247 1443 1275 recordari
1467 1255 1562 1276 eorum
1591 1248 1692 1283 quibus
1715 1248 1769 1285 ipsi

977 1292 1053 1327 prius
1077 1292 1147 1320 bene
1161 1297 1240 1321 erant
1250 1292 1341 1320 ail‘ecti
1369 1293 1521 1327 beneﬁciis.
1548 1301 1703 1329 quanquam
1725 1302 1770 1322 re.

977 1338 1089 1366 damare
1105 1346 1152 1367 eos
1168 1346 1218 1374 par
1239 1338 1329 1367 fuerat
1344 1347 1352 1373 ;
1374 1339 1422 1368 sed
1435 1340 1535 1375 quibus
1562 1340 1692 1369 fruuntur
1701 1341 1770 1369 viei—

939 1385 962 1414 C
979 1387 1018 1419 ni.
1044 1386 1134 1414 solent
1151 1393 1183 1414 ea
1206 1385 1341 1419 contueri,
1365 1386 1466 1422 quibus
1490 1386 1590 1414 irritati
1614 1387 1716 1423 gratias
1741 1387 1771 1421 in

136 1432 267 1468 ingratias
280 1432 370 1459 solent
383 1436 562 1459 commutare.
575 1430 784 1458 Condueibilius
796 1432 926 1465 quocirca
945 1433 1100 1467 cuicunque
1114 1430 1232 1466 principi
1260 1435 1312 1463 est,
1336 1437 1400 1458 eum
1424 1431 1453 1458 in
1478 1432 1619 1467 republica
1649 1433 1770 1461 admini-

137 1479 249 1507 stranda
275 1483 332 1506 tum
355 1478 384 1505 in
406 1479 511 1514 privata
540 1478 605 1509 vita,
633 1476 758 1505 subditos
783 1477 833 1505 sibi
859 1485 924 1507 suos
941 1478 1077 1507 demereri
1104 1477 1184 1506 donis
1205 1477 1311 1505 collatis
1341 1477 1543 1512 particulatim,
1569 1479 1618 1506 sed
1648 1479 1770 1514 quandiu

137 1526 194 1554 sint
213 1526 241 1553 in
255 1524 335 1556 vivis,
347 1524 438 1559 potius
451 1531 533 1558 quam
548 1516 752 1558 semel,neque'
765 1522 793 1551 id
807 1523 953 1558 profusiori
969 1524 1060 1552 modo.
1078 1523 1132 1551 Sed
1165 1530 1214 1558 par
1231 1527 1275 1550 est
1291 1527 1322 1551 ut
1354 1523 1504 1559 gratiarum
1528 1524 1675 1552 multitudo
1710 1532 1771 1552 ma-

138 1572 305 1608 gnitudoque
319 1570 354 1598 iis
368 1570 459 1606 potius
471 1569 616 1605 irrogetur,
632 1569 679 1604 qui
709 1577 759 1605 pro
785 1570 873 1597 salute
889 1562 1043 1599 'communi
1061 1570 1159 1605 ingens
1173 1569 1285 1605 aliquod
1310 1573 1338 1597 et
1349 1570 1485 1598 excellens
1503 1570 1612 1599 facinus
1631 1576 1773 1607 perpetra-

137 1619 239 1652 verint,
267 1626 349 1654 quam
379 1622 410 1645 ut
439 1617 467 1644 in
486 1623 534 1644 eos
560 1617 735 1652 impendatur
750 1617 796 1652 qui
814 1617 954 1646 rarissime
972 1622 1067 1646 nostra
1081 1624 1133 1652 ope
1152 1621 1180 1644 et
1196 1616 1296 1644 auxilio
1314 1616 1437 1653 indigere
1449 1617 1588 1645 videntur.

174 1681 231 1713 σπη’.
245 1676 338 1712 Θυμός
351 1677 426 1703 ἐστιν
439 1675 568 1707 ἔκστασις
581 1674 717 1706 ἑκούσιος,
733 1674 781 1701 καὶ
790 1674 844 1701 τῶν
855 1674 930 1702 ίδίων

138 1724 247 1761 φρενῶν
270 1723 462 1759 ἀλλοτρίωσις·
490 1722 509 1749 ἃ
520 1722 575 1757 γὰρ
589 1722 615 1748 οἱ
634 1720 781 1752 διαπαντὸς
797 1720 932 1756 μελαγχο-

138 1770 241 1801 λῶντες
252 1769 486 1804 κατεργάζονται,
514 1767 696 1803 παραπλήσια
715 1766 821 1798 τούτοις
845 1766 893 1793 καὶ
907 1765 932 1792 oi

139 1815 180 1851 τῷ
195 1814 274 1851 θυμῷ
289 1814 439 1849 πληγέντες
453 1814 514 1841 κατ’
529 1814 620 1840 ἐκεῖνο
635 1811 733 1848 καιροῦ
755 1812 934 1848 διαπράττον-

139 1870 196 1889 ται.

176 1918 232 1946 πθ¹.
251 1918 357 1954 Ὠσπερ
369 1917 399 1944 τὸ
413 1916 469 1952 πῦρ
482 1916 532 1951 τὴν
546 1915 701 1951 τρέφουσαν
712 1914 778 1950 ῦλην
793 1912 931 1949 ἀφανίζει,

140 1966 214 1993 οὓτω
229 1965 275 1993 καὶ
284 1966 298 1992 ὀ
311 1965 398 2000 eum;
412 1963 461 1999 τὴν
471 1963 588 1998 ἔχουσαν
599 1961 689 1998 ψυχὴν
704 1961 853 1993 κατεσθίει,
867 1959 934 1987 πολ-

1015 1675 1059 1704 88.
1078 1675 1120 1704 Ira
1141 1680 1183 1704 est
1195 1675 1349 1704 voluntaria
1372 1675 1496 1711 quaedam
1518 1675 1643 1708 ecstasis,
1657 1680 1685 1704 et
1694 1684 1774 1713 men:

981 1723 1017 1750 tis
1047 1730 1062 1750 a
1083 1726 1155 1750 statu
1187 1730 1238 1750 suo
1266 1722 1458 1750 abalienatio:
1490 1729 1555 1757 quae
1572 1721 1647 1749 enim
1678 1721 1774 1750 furiosi

981 1767 1104 1803 quotidie
1131 1772 1276 1804 peragunt,
1302 1767 1402 1795 similia
1430 1767 1511 1802 plan'e
1535 1771 1695 1802 perpetrant
1725 1775 1776 1802 per

983 1815 1050 1843 illud
1069 1820 1178 1851 tempus
1187 1815 1224 1843 illi
1237 1815 1284 1851 qui
1296 1814 1482 1851 percelluntur
1495 1814 1645 1842 iracundia.

1022 1915 1067 1943 89.
1093 1914 1167 1951 ignis
1181 1915 1264 1943 veluti
1279 1915 1446 1943 nutrientem
1463 1923 1494 1943 se
1505 1915 1647 1943 materiam
1665 1915 1778 1943 annibi-

986 1961 1034 1994 lat,
1055 1961 1092 1988 ita
1108 1966 1136 1989 et
1157 1961 1299 1989 iracundia
1310 1961 1428 1988 animam
1441 1961 1532 1989 exedit
1554 1969 1636 1997 quam
1658 1962 1776 1994 obsedit.

141 2012 221 2044 λὰκις
236 2011 265 2039 δὲ
280 2013 326 2039 καὶ
337 2010 440 2046 φθορὰν
456 2009 604 2045 ὁλόκληρον
624 2008 773 2044 εἰργάσατο
786 2006 833 2034 τοῦ
849 2006 926 2038 ζὼου.

986 2006 1053 2042 quin
1065 2010 1092 2034 et
1103 2014 1158 2034 non
1170 2013 1232 2034 raro
1247 2011 1466 2034 consummatam
1479 2006 1563 2035 totius
1577 2006 1703 2036 animalis
1713 2016 1777 2043 per—

178 2127 214 2157 t".
230 2122 371 2158 Μηδαμῶς
387 2121 490 2156 μηδένα
504 2120 573 2156 μηδὲ
585 2119 698 2152 δικαίως
710 2118 790 2155 θυμῷ
804 2118 932 2154 κολάσῃς.

149 2170 193 2202 Ὠς
210 2169 264 2204 γὰρ
274 2169 307 2195 ἂν
344 2167 456 2202 πάσχων
472 2168 522 2202 τὴν
544 2166 623 2201 δίκην
651 2166 748 2202 ὐφέξῃ,
764 2165 847 2197 αὐτὸς
860 2165 934 2200 ὅμως

143 2216 221 2243 οὐδὲν
234 2215 344 2242 ἔλαττον
355 2213 552 2248 ὲξελεγχθήσῃ,
568 2212 711 2247 σφαλερῶς
727 2213 760 2247 τῇ
771 2211 870 2247 πράξει
889 2220 935 2238 κε-

142 2262 292 2299 χρημένος,
307 2261 353 2288 Atii
363 2260 411 2287 καὶ
424 2259 557 2287 κάλλιστά.
569 2267 613 2290 τις
631 2258 686 2284 τῶν
696 2257 818 2294 ἀρχαίων
832 2256 934 2284 ἀπεθέ-

143 2317 228 2337 σπισε
247 2307 316 2345 πρὸς
337 2305 531 2343 ἡμαρτηκότα,
557 2304 709 2331 Ἐκόλασα
735 2303 775 2330 ἄν
788 2310 836 2336 σε,
850 2303 877 2329 εὶ
891 2302 934 2338 μὴ

143 2355 326 2390 ὲθυμσύμην.

181 2425 237 2456 μα’.
255 2421 360 2456 Τυφλύν
375 2421 434 2447 ἐστι
452 2419 538 2450 πάθος
551 2419 566 2446 ὁ
581 2417 677 2454 θυμὸς,
694 2416 743 2444 καὶ
756 2416 860 2452 κρίνειν
884 2416 936 2442 οὐκ

145 2468 216 2504 ἔχων
227 2467 282 2495 ἀπὸ
297 2467 344 2494 τοῦ
359 2466 480 2502 χείρονος
494 2466 524 2492 τὸ
536 2465 673 2499 κρεῖττον.
688 2463 733 2490 Διὸ
746 2461 859 2498 οὐδεμία
874 2461 937 2496 ὄνη-

146 2503 201 2547 σις,
216 2511 384 2548 παραίνεσις
394 2511 576 2548 ὀργιζομένῳ.
590 2509 763 2546 Πεπαυμένῳ
777 2503 821 2542 δὲ,
827 2508 878 2543 τὴν
892 2507 936 2534 διὰ

146 2560 202 2586 τῶν
226 2559 345 2594 ἐλέγχων
381 2558 532 2594 θεραπείαν
561 2555 759 2592 προσενεκτέον
788 2554 937 2590 κεράσαντι

146 2604 294 2640 ἐπιεικείᾳ.
316 2604 385 2631 Οὔτε
409 2603 464 2640 γὰρ
478 2603 513 2630 τὰ
536 2602 687 2638 δριμύτερα
711 2601 767 2628 τῶν
782 2600 936 2635 φαρμάκων

146 2653 213 2681 ἄνευ
234 2650 343 2687 μέλιτος
365 2651 422 2681 τοίς
442 2649 578 2684 κάμνουσι
602 2648 752 2683 προσάγειν
785 2646 937 2681 ἐγνώκασιν

147 2699 174 2725 οἱ
190 2697 278 2733 ἰατροὶ
289 2717 296 2729 ,
312 2695 375 2723 οὔτε
389 2696 453 2726 τοὺς
461 2695 599 2730 ἀκράτους
611 2694 739 2729 ἐλέγχους
749 2693 767 2728 ἡ
783 2691 838 2719 τῶν
852 2692 938 2718 ἀπαι-

148 2744 250 2771 δεύτων
264 2743 371 2778 δέχεται
383 2741 469 2777 ψυχή.

186 2812 239 2847 ιιβι.
255 2812 359 2847 Ὠσπερ
377 2809 462 2846 ταχὺν
471 2809 502 2836 ὲν
515 2810 575 2841 ταῖς
588 2808 672 2841 ἀξίων
685 2807 858 2844 εὐεργεσίαις
869 2804 940 2834 εἶναι

151 2857 300 2894 προσῆκεν,
332 2857 403 2885 οὕτω
423 2855 524 2892 βραδὺν
541 2857 570 2883 ὲν
583 2856 644 2888 ταῖς
658 2854 713 2883 τῶν
737 2854 830 2882 αἰτίων
853 2862 941 2890 τιμω-

949 2038 972 2067 D
985 2038 1118 2081 ditionem
1133 2058 1272 2089 operatur.

1020 2123 1065 2151 90.
1080 2123 1168 2151 Iratus
1182 2123 1332 2156 neminem,
1351 2130 1386 2150 ne
1410 2123 1520 2158 quidem
1540 2123 1612 2158 justo
1625 2123 1699 2155 licet,
1713 2130 1778 2158 sup-

985 2169 1074 2205 pliciis
1091 2169 1199 2197 aﬂicito.
1212 2169 1358 2204 Utcunque
1376 2170 1449 2196 enim
1468 2169 1560 2197 tulerit
1573 2169 1617 2196 ille
1629 2169 1676 2204 qui
1694 2170 1778 2205 puni-

986 2219 1042 2248 tur,
1068 2219 1098 2242 tu
1118 2215 1296 2242 nihilominus
1327 2215 1492 2250 vituperium
1530 2214 1666 2245 incurres.
1704 2214 1779 2249 quod

988 2260 1140 2296 improvide
1150 2261 1290 2297 negotium
1311 2261 1377 2288 illud
1403 2259 1532 2288 obiveris.
1551 2259 1685 2293 Quocirca
1713 2268 1778 2295 per-

988 2307 1060 2334 belle
1070 2306 1175 2335 dictum
1190 2307 1225 2335 ab
1237 2308 1412 2342 antiquorum
1428 2307 1520 2341 aliquo
1532 2306 1585 2334 fuit
1613 2314 1675 2342 erga
1687 2307 1778 2335 delin-

987 2357 1118 2388 quentem
1144 2361 1152 2380 :
1181 2351 1258 2380 Certe
1270 2357 1294 2379 te
1315 2352 1487 2386 punirem,si
1514 2360 1566 2380 non
1593 2353 1731 2380 irascerer.
1770 2360 1773 2362 '

1024 2420 1069 2448 9i.
1095 2419 1173 2447 Caeca
1182 2418 1305 2454 quaedam
1321 2417 1412 2453 passio
1426 2417 1504 2445 furor
1522 2423 1574 2450 est.
1597 2426 1649 2446 nec
1671 2418 1779 2447 discer-

988 2469 1055 2489 nere
1086 2465 1176 2496 potest
1190 2461 1257 2488 utile
1269 2461 1303 2488 ab
1317 2460 1416 2487 inutili.
1432 2459 1503 2488 irato
1516 2460 1585 2488 nihil
1597 2461 1721 2495 proderit
1731 2462 1780 2490 ad—

989 2508 1105 2536 monitio
1124 2512 1289 2542 :postquam
1326 2513 1392 2533 vero
1429 2505 1568 2533 deferbuit
1582 2507 1633 2538 ira.
1648 2507 1781 2536 adhibea-

990 2559 1034 2582 tur
1043 2553 1176 2580 medicina
1189 2560 1238 2587 per
1250 2552 1460 2585 correctionem,
1473 2551 1508 2579 ita
1521 2557 1551 2579 ut
1567 2553 1696 2581 comitate
1711 2561 1779 2581 con-

990 2601 1090 2629 diatur.
1122 2598 1190 2626 Nam
1217 2599 1269 2626 nisi
1296 2599 1376 2626 melle
1400 2599 1467 2627 illita
1490 2599 1587 2635 pocula
1614 2599 1778 2628 medicantia

991 2647 1071 2683 azgris
1083 2645 1213 2674 exhibere
1226 2645 1309 2680 paulo
1324 2645 1458 2674 amariora
1482 2653 1538 2673 non
1553 2645 1641 2673 solent
1655 2645 1754 2673 medici
1770 2654 1778 2678 ;

990 2694 1028 2721 ita
1060 2701 1112 2720 nec
1127 2692 1315 2728 insipientium
1328 2693 1427 2720 animae
1449 2693 1656 2729 redargutiones
1679 2692 1781 2721 admit-

990 2743 1051 2767 tunt
1061 2738 1235 2767 meraciores.

1026 2806 1071 2834 92.
1099 2804 1337 2839 Quemadmodum
1346 2804 1515 2832 celeritatem
1532 2803 1662 2831 adhibere
1677 2810 1727 2838 par
1739 2807 1782 2830 est

992 2853 1021 2881 in
1042 2852 1250 2881 remunerandis
1265 2852 1298 2880 iis
1311 2851 1359 2887 qui
1367 2850 1440 2887 digni
1452 2855 1526 2885 sunt,
1547 2851 1585 2878 ita
1596 2850 1703 2878 tardum
1721 2857 1783 2878 esse
