1940 3087
181 145 238 176 087

184 203 264 228 decet
284 200 311 226 in
332 199 492 227 delictorum
518 206 608 234 poenis
621 198 784 235 infligendis.
804 197 973 226 Gaudentem
988 200 1011 227 Α

184 251 291 282 oportet
305 246 394 274 bonos
410 246 556 278 honorare,
572 246 767 273 condolentem
780 252 847 272 vero
872 244 975 279 suppli-

186 294 229 321 cio
243 292 351 319 allicere
367 292 509 319 obnoxios.

219 339 264 366 95.
290 337 328 364 llli
356 337 403 372 qui
433 337 481 364 tibi
505 337 587 364 ﬁdem
615 337 727 365 adhibet
758 337 880 365 diuidere
908 337 975 365 noli.

184 384 212 410 Si
229 383 302 410 enim
323 383 497 410 credentibus
524 383 600 411 inﬁdi
612 384 725 416 erimus,
742 383 901 418 qualesnam
917 383 976 410 aliis

185 430 340 458 videbimur
353 437 426 462 esse,
453 434 576 458 autcum
606 431 771 465 quibusnam
800 430 921 458 suaviter
948 433 976 457 et

182 478 241 505 sine
269 482 343 504 metu
361 477 552 504 versabimur?

217 524 263 551 94.
287 523 352 551 Esse
387 528 414 550 et
428 523 556 558 opinione
584 523 707 559 usurpari
731 531 786 550 non
806 522 974 550 coincidunt.

187 569 319 603 Quocirca
340 570 411 604 apud
424 577 491 604 quos
508 569 665 604 opinionem
679 569 721 596 sui
750 569 875 596 obtinere
901 568 976 596 vide-

183 615 233 648 ris,
261 615 388 642 exsulare
413 614 513 642 ibidem
524 615 663 642 actionem
678 619 774 650 reputa
788 618 816 642 et
830 613 975 642 essentiam

183 660 284 688 realcm
311 660 419 693 abesse,

217 707 264 734 95.
279 706 370 741 Turpe
381 711 424 734 est
441 706 518 734 illum
541 707 589 742 qui
608 706 674 735 viris
706 706 822 742 imperat
848 714 976 734 succum-

179 751 248 779 bere
278 751 459 785 mulieribus,
493 757 521 780 et
554 752 739 787 voluptatibus
766 751 906 779 subditum
933 751 975 778 in-

181 796 282 824 veniri.
297 796 327 823 lu
344 796 390 824 illa
412 796 514 824 femina
551 797 739 824 tantummodo
769 805 824 824 non
844 796 976 831 delinquit

179 834 291 878 aliquis,
302 851 382 878 quam
412 843 484 875 vitae,
521 843 674 870 secundum
701 843 785 878 leges,
813 842 974 878 adjutricem

181 888 306 928 sortitur.
325 888 471 917 Caelibatus
482 889 591 924 quidem
606 889 697 917 divina
714 889 838 924 quaedam
855 896 900 916 res
922 892 974 921 est,
991 880 1015 911 Β

181 938 308 961 naturam
329 942 474 969 superans,
490 936 579 970 majus
596 935 724 970 quiddam
747 936 849 963 virtute
866 935 975 970 politica

181 983 209 1006 ct
224 983 297 1007 recta
312 979 401 1015 legum
409 980 593 1008 observantia.
617 979 773 1008 Uuiviratus
787 980 913 1008 humana:
924 988 975 1007 na-

182 1029 251 1052 tura:
269 1033 338 1060 opus
353 1030 405 1059 est,
426 1034 489 1054 cum
511 1027 545 1054 ad
561 1027 762 1055 successionem
790 1027 897 1062 generis
911 1034 976 1054 con-

183 1071 350 1104 tinuandam.
371 1076 429 1099 tum
449 1073 484 1100 ad
505 1072 664 1100 societatem
686 1072 772 1100 civilis
800 1077 828 1100 et
850 1073 976 1100 humanae

183 1117 258 1150 vitae,
279 1123 308 1146 et
335 1118 556 1146 conversationis,
573 1124 647 1147 recte
665 1119 805 1147 institutae.
822 1119 977 1155 Polygamia

181 1172 226 1191 res
236 1164 392 1199 turpissima
406 1171 434 1192 et
443 1165 624 1197 detestabilis,
636 1173 698 1200 quae
707 1165 860 1193 belluarum
875 1173 976 1194 conve—

181 1211 223 1246 nit
237 1214 265 1237 et
282 1210 433 1245 impuritati
446 1215 474 1238 et
489 1211 618 1239 lasciviae.

216 1255 261 1282 96.
282 1256 438 1284 Alexander
452 1255 562 1284 Macedo
577 1257 745 1284 dominatum
760 1257 831 1285 Asiae
843 1257 917 1285 bello
930 1265 977 1285 ac-

179 1301 304 1336 quirens,
320 1301 446 1329 Persicas
472 1302 602 1330 mulieres
617 1303 758 1330 oculorum
773 1303 860 1338 jacula
872 1303 978 1331 dicebat

184 1355 246 1374 esse
259 1357 267 1375 :
286 1347 328 1375 vir
342 1352 434 1375 autem
450 1356 515 1376 vere
531 1352 686 1384 temperans
696 1355 724 1382 et
734 1349 890 1377 divinorum
899 1357 978 1377 man-

180 1393 306 1420 datorum
326 1393 437 1421 sedulus
449 1394 609 1422 observator
622 1402 676 1422 non
696 1396 778 1423 modo
795 1395 975 1430 Persicarum,

181 1438 231 1466 sed
252 1444 280 1466 et
304 1439 426 1466 omnium
443 1439 556 1467 omnino
571 1439 735 1468 feminarum
755 1441 896 1475 intuitum,
917 1447 978 1470 tan-

180 1491 261 1519 quam
284 1484 421 1512 letiferum
443 1486 542 1514 animae
559 1487 642 1514 telum
661 1491 689 1515 et
699 1488 780 1516 nimis
791 1489 878 1522 velox,
894 1488 979 1524 fugiet

180 1536 209 1559 ct
223 1533 406 1560 aversabitur.
425 1533 506 1562 Vocis
520 1534 630 1569 quidem
645 1543 729 1563 sonus
744 1543 825 1564 aures
841 1536 925 1569 feriit,
948 1542 974 1565 et
989 1551 1011 1581 α

179 1585 231 1614 per
239 1586 320 1607 aures
334 1580 426 1615 passio
436 1580 534 1608 animae
549 1581 729 1617 insculpitur:
746 1583 975 1612 attrahitoculum

180 1624 305 1658 corporis
323 1624 510 1660 pulchritudo,
526 1631 552 1653 et
566 1634 614 1662 per
630 1635 692 1654 eum
715 1628 824 1656 modum
840 1629 976 1664 captivum

179 1669 299 1697 vinculis
310 1672 491 1699 constrictum
508 1677 604 1700 tenens
616 1674 760 1706 rationem,
772 1675 814 1702 sui
827 1675 976 1712 priusjuris

178 1718 209 1741 et
224 1714 344 1750 imperii,
363 1716 392 1744 in
409 1717 569 1746 servitutem
587 1719 669 1747 simul
684 1721 798 1756 redegit.

215 1759 261 1788 97.
283 1761 518 1794 Quemadmodum
529 1764 696 1800 impossibile
704 1772 745 1795 est
760 1772 789 1795 ut
804 1768 826 1795 is
840 1769 886 1804 qui
902 1777 976 1798 mare

179 1806 291 1841 navigat
307 1807 343 1834 sit
356 1807 416 1835 sine
434 1813 598 1843 tempestate
617 1812 768 1840 etturbato
783 1813 852 1846 salo,
870 1814 906 1842 ita
919 1814 975 1842 fieri

180 1852 279 1886 nequit
299 1857 329 1880 ut
344 1853 367 1880 is
382 1859 458 1881 extra
477 1856 597 1890 pericula
620 1861 648 1884 et
663 1857 761 1886 ﬂuctus
778 1860 909 1888 consistat
928 1861 975 1896 qui

178 1898 351 1932 corporalem
360 1905 481 1928 sectatur
492 1903 575 1936 paulo
586 1903 722 1932 curiosius
732 1905 973 1938 pulchritudinem.

179 1942 294 1978 Oportet
314 1945 397 1980 igitur
411 1946 486 1974 initia
502 1949 657 1983 passionum
672 1955 699 1978 et
713 1958 808 1979 causas
821 1952 973 1981 declinare:

178 1990 253 2024 quod
275 1995 303 2018 et
317 1992 460 2020 utilitatem
487 1994 583 2022 all‘eret
599 2017 606 2029 ,
626 2004 715 2031 neque
739 2005 805 2025 sane
832 1998 975 2027 difﬁculter

180 2037 361 2071 pnnstabitur.
379 2038 447 2066 Cum
461 2048 525 2068 vero
536 2043 619 2069 semel
632 2043 790 2072 rationalem
807 2050 909 2081 partem
922 2046 974 2074 hoc

180 2082 281 2110 malum
309 2084 450 2117 invaserit.
475 2086 510 2114 ita
529 2092 557 2114 ut
581 2088 726 2125 imaginem
750 2090 909 2119 desiderata:
934 2091 973 2119 rei

180 2129 270 2157 eidem
284 2130 463 2166 impresserit,
480 2133 624 2161 dilIit-ulter
650 2135 708 2163 haec
727 2136 818 2171 passio
835 2137 972 2173 abjicitur,

179 2181 206 2203 ct
223 2176 268 2204 vix
285 2182 327 2205 est
343 2182 372 2205 ut
386 2179 420 2205 ab
436 2179 481 2206 illa
495 2186 525 2207 se
541 2180 667 2214 expediat
683 2181 792 2216 aliquis.

215 2221 261 2249 98.
282 2222 352 2249 Sunt
377 2223 422 2258 qui
446 2229 583 2252 amatores
608 2227 789 2260 pronuntiant
817 2226 844 2253 in
874 2227 972 2256 alienis
987 2225 1012 2256 D

178 2268 340 2303 corporibus
354 2277 417 2297 suas
432 2270 536 2298 animas
551 2271 671 2300 habere:
687 2273 861 2307 conjunclius
872 2274 971 2308 opinor

178 2321 243 2342 cum
267 2315 374 2343 ratione
392 2316 501 2350 dicitur,
522 2324 570 2345 eos
596 2317 624 2345 in
642 2319 803 2353 corporibus
821 2319 917 2346 alienis
941 2325 970 2347 et

179 2364 298 2388 mentem
314 2365 341 2388 et
353 2361 470 2389 animam
488 2362 650 2397 perdidisse.

752 141 886 175 PHOTII
902 141 1158 172 PATRIABCH/E
1175 142 1231 172 GP.

1761 141 1810 173 688

1026 197 1109 232 ρίαις,
1126 198 1172 224 καὶ
1185 198 1291 234 χαίρειν
1303 197 1352 233 μὲν
1363 197 1498 233 τιμῶνται
1512 201 1531 212 "
1548 197 1612 228 τοὺς
1635 197 1807 231 σπουδαίους,

1031 244 1159 272 ἀνιᾶσθαι
1174 245 1203 271 δὲ
1219 244 1368 277 κολάζοντα
1381 245 1447 277 τοὺς
1460 243 1640 275 ὑπευθύνους.

1062 335 1234 370 ια’.Μηδενὶ
1264 335 1400 370 μηδέποτε
1427 335 1603 362 πιστεύσαντι
1633 343 1674 362 σοι
1703 336 1810 367 ἄπιστος

1026 383 1148 418 ὀφθείης.
1171 383 1219 408 Ἂν
1234 384 1288 418 γὰρ
1301 382 1412 409 ἄπιστοι
1426 382 1570 416 γενώμεθα
1586 382 1644 413 ταῖς
1666 390 1811 408 πεπιστευ-

1027 430 1098 461 κόσι,
1116 430 1188 461 τίνες
1202 431 1258 460 τοῖς
1273 429 1363 460 ἄλλοις
1377 429 1507 464 δόξομεν;
1536 429 1585 455 καὶ
1612 428 1681 464 μετὰ
1694 428 1772 455 τίνων
1785 429 1812 456 δὲ

1026 476 1121 504 λοιπὸν
1134 476 1219 508 ἀδεῶς
1231 476 1279 503 καὶ
1292 475 1378 511 ἡδέως
1394 475 1548 511 βιώσομεν;

1063 525 1113 558 ιιδι.
1131 524 1188 551 Οὐκ
1203 523 1291 550 ἐθέλει
1305 523 1335 549 τὸ
1348 521 1418 550 εἶναι
1446 521 1515 558 μετὰ
1533 521 1579 549 τοῦ
1605 521 1711 548 οἴεσθαι
1728 522 1812 548 συνεῖ-

1027 579 1081 599 ναι.
1096 571 1136 598 Δι’
1151 570 1165 597 ὃ
1177 571 1204 597 ὲν
1218 568 1260 602 οἷς
1269 569 1303 597 ἂν
1312 569 1362 605 τὴν
1376 569 1465 604 οἴησιν
1473 569 1550 605 ὁρᾷς,
1559 568 1610 603 τὴν
1622 568 1723 603 πρᾶξιν
1735 568 1814 603 ὑπερ-

1027 618 1102 652 όριον
1115 616 1221 652 νόμιζε,
1238 616 1286 643 καὶ
1302 615 1517 651 διαπεφευγέναι
1529 615 1560 641 τὸ
1574 613 1657 642 εἶναι.

1062 706 1112 742 ιιέ.
1128 707 1247 743 Δίσχρόν
1257 707 1331 734 ἐστιν
1339 706 1443 742 ἀνδρῶν
1454 706 1573 741 ἄρχοντα
1585 705 1633 732 καὶ
1642 705 1812 738 δεσπόζοντα,

1026 754 1165 788 γυναικῶν
1181 753 1342 790 ἡττηθῆναι,
1374 753 1421 780 καὶ
1447 752 1540 779 δοῦλον
1565 751 1668 787 ἡδονῶν
1689 751 1813 786 ὀφθῆναι.

1026 797 1078 824 “HV
1093 797 1123 824 δέ
1131 806 1174 829 τις
1188 798 1263 833 νόμῳ
1276 797 1373 832 βοηθὸν
1389 797 1525 833 ἐκτήσατο
1539 795 1609 832 βίου.
1623 796 1710 832 ταύτῃ
1730 804 1815 823 συνοι-

1026 843 1082 871 κῶν
1110 844 1158 879 οὐχ
1185 844 1350 880 ἁμαρτάνει.
1385 844 1505 879 Ἀγαμία
1522 845 1572 880 μὲν
1595 844 1666 871 θεῖον
1691 844 1814 879 πρᾶγμα,

1028 891 1243 926 καὶθύπερφυὲς,
1259 890 1308 918 καὶ
1322 891 1416 926 μεῖζον
1433 890 1577 925 πολιτικῆς
1593 889 1695 926 ἀρετῆς
1712 890 1758 917 καὶ
1773 890 1816 916 εὑ-

1026 940 1134 975 νομίας.
1154 938 1318 973 Μονογαμία
1333 939 1373 970 δὲ,
1401 938 1511 972 φύσεως
1524 937 1698 973 ἀνθρωπίνης
1725 937 1814 973 ἔργον,

1026 984 1066 1016 είς
1090 992 1120 1011 τε
1150 984 1247 1018 γένους
1271 984 1413 1020 διαδοχὴν,
1432 985 1481 1011 καὶ
1501 985 1540 1016 είς
1556 984 1701 1010 κοινωνίαν
1711 983 1815 1018 ἡμέρου

1026 1030 1074 1057 καὶ
1086 1029 1280 1065 φιλανθρώπου
1298 1030 1367 1065 βίου,
1389 1030 1436 1057 καὶ
1454 1030 1591 1062 πολιτείας
1603 1029 1815 1065 εὐνομουμένης.

1026 1076 1188 1112 Πολυγαμία
1204 1076 1260 1112 (54)
1273 1076 1311 1109 δὲ,
1325 1077 1509 1113 ὑπέραισχρον
1523 1077 1569 1104 καὶ
1583 1076 1693 1112 μιαρὺν,
1705 1075 1753 1102 καὶ
1768 1075 1816 1110 τῆς

1026 1124 1081 1151 τῶν
1095 1123 1200 1158 ἀλόγων
1214 1123 1362 1156 ἀκολασίας
1377 1124 1423 1151 καὶ
1437 1123 1618 1159 ἀκαθαρσίας.

1063 1258 1121 1290 [ις’.
1141 1255 1316 1291 Ἀλέξανδρος
1328 1256 1342 1282 ό
1353 1254 1496 1289 Μακεδὼν,
1513 1254 1604 1287 Ἀσίας
1619 1254 1713 1290 κύριος
1725 1254 1818 1291 δόρατι

1027 1303 1158 1337 γεγονὼς,
1173 1303 1222 1334 τὰς
1235 1302 1371 1338 Περσίδας
1385 1301 1479 1336 ἔλεγεν
1497 1301 1603 1337 βολίδας
1625 1301 1757 1337 ὀμμάτων
1776 1299 1815 1328 εἷ-

1027 1357 1088 1377 ναι·
1103 1350 1117 1376 ό
1128 1349 1157 1376 δὲ
1172 1349 1288 1385 σώφρων
1299 1348 1337 1380 ὡς
1353 1348 1462 1384 άληθῶς
1475 1348 1545 1383 ἀνὴρ
1557 1369 1564 1380 ,
1579 1346 1626 1374 καὶ
1643 1348 1818 1374 Δεσποτικῶν

1028 1395 1117 1430 φύλαξ
1127 1395 1242 1422 ἐντολῶν
1257 1394 1325 1430 (55),
1349 1395 1380 1421 οὑ
1408 1393 1458 1426 τὰς
1474 1393 1611 1429 Περσίδας
1633 1393 1724 1428 μόνον,
1750 1392 1819 1420 ἀλλὰ

1028 1442 1077 1469 κα)¹
1092 1442 1184 1477 πάσης
1203 1441 1333 1475 γυναικὸς
1350 1440 1423 1476 ὕψιν,
1446 1441 1484 1472 ὡς
1503 1440 1550 1473 ὀξὺ
1572 1440 1663 1476 ψυχῆς
1679 1440 1756 1475 βέλος
1770 1440 1819 1466 καὶ

1029 1487 1233 1523 θανατηφόρον,
1261 1485 1391 1521 φεύξεται.
1409 1485 1456 1512 καὶ
1475 1487 1705 1520 ἀποστραφεῖται,
1731 1483 1820 1519 τΗχος

1030 1534 1081 1569 μὲν
1095 1533 1188 1569 φωνῆς
1206 1533 1323 1568 ἐπληξεν
1338 1533 1435 1568 ἀκοὴν,
1451 1532 1499 1559 καὶ
1514 1531 1548 1558 δι’
1560 1532 1646 1567 αὐτῆς
1660 1530 1819 1564 ἐνετυπὼοη

1026 1580 1057 1607 τὸ
1070 1580 1157 1612 πάθος
1184 1581 1217 1616 τῇ
1243 1579 1334 1615 ψυχῇ·
1357 1579 1455 1611 κάλλος
1480 1578 1509 1605 δὲ
1537 1577 1672 1613 σωμάτων
1694 1577 1821 1604 εἵλκυσεν

1026 1626 1176 1662 ὀφθαλμὸν,
1189 1626 1236 1653 καὶ⁸
1246 1626 1279 1653 δι’
1294 1625 1377 1653 αὐτοῦ
1393 1625 1504 1660 δέσμιον
1516 1624 1607 1652 λαϐὼν
1618 1645 1626 1658 ,
1650 1623 1820 1652 κατεδουλώ-

1027 1682 1093 1700 σατο
1106 1673 1151 1700 τὸν
1161 1672 1357 1700 αὺτοδέσποτον
1370 1671 1512 1707 λογισμόν.

1061 1762 1114 1797 ιζ’.
1132 1763 1238 1799 Ὥσπερ
1253 1762 1382 1790 ἀδύνατον
1399 1762 1428 1788 ὲν
1445 1761 1567 1797 θαλάσσῃ
1584 1761 1712 1794 πλέοντα,
1732 1770 1821 1797 ταρα-

1026 1810 1077 1845 χῆς
1094 1810 1141 1837 καὶ
1155 1810 1240 1844 ζάλης
1252 1809 1402 1845 ἀπείρατον
1413 1809 1561 1843 διαμεῖναι,
1577 1807 1663 1840 οὕτως
1677 1808 1822 1844 ἀμήχανον

1025 1858 1072 1885 τον
1088 1856 1174 1892 κάλλη
1190 1856 1325 1892 σωμάτων
1344 1854 1546 1882 ἐπισκοποῦντα
1567 1855 1615 1881 καὶ
1636 1854 1823 1890 περιεργαζό-

1028 1912 1120 1938 μενον,
1145 1903 1199 1930 τῶν
1219 1902 1325 1929 ἐκεῖθεν
1351 1901 1481 1937 κυμάτων
1510 1902 1558 1928 καὶ⁵
1580 1900 1712 1927 κινδύνων
1739 1901 1822 1932 ἐκτὸς

1027 1949 1206 1977 καθεστάναι,
1221 1949 1260 1975 Δι’
1273 1948 1287 1975 ὃ
1306 1948 1356 1980 τὰς
1371 1947 1458 1983 ἀρχὰς
1474 1946 1524 1973 καὶ
1537 1947 1587 1978 τὰς
1611 1947 1702 1978 αίτίας
1725 1947 1823 1983 ὲκτρέ‹

1026 1996 1126 2022 πεσθαι
1145 1994 1200 2031 χρὴ
1212 1994 1267 2020 τῶν
1279 1993 1460 2029 παθημάτων,
1477 1992 1562 2019 Τοῦτο
1579 1991 1634 2028 γὰρ
1650 1992 1698 2018 καὶ
1710 1993 1822 2027 συμφέ-

1029 2050 1085 2077 ρον,
1097 2041 1145 2069 καὶ
1155 2041 1186 2067 οὐ
1204 2040 1330 2076 χαλεπόν.
1353 2039 1480 2066 Ἐπειδὰν
1500 2038 1530 2065 δὲ
1553 2039 1609 2070 τοῖς
1625 2038 1767 2074 λογισμοῖς
1788 2039 1824 2065 τὸ

1026 2087 1111 2114 κακὸν
1128 2085 1263 2122 ὲνσκήψῃ,
1273 2086 1321 2112 καὶ
1332 2085 1364 2112 τὺ
1376 2085 1485 2112 εἴδωλον
1497 2085 1589 2116 αὐτοῖς
1603 2084 1653 2118 τῆς
1667 2085 1823 2120 ἐπιθυμίας

1025 2132 1182 2168 ὲντυπώσῃ,
1196 2131 1401 2167 δυσαπόϐλητον
1411 2131 1517 2166 γίνεται
1529 2131 1561 2158 τὸ
1574 2130 1727 2164 πάθος,καὶ
1738 2131 1825 2166 χαλε-

1025 2180 1076 2208 πὺν
1089 2180 1289 2215 ἀπαλλαγῆναι.

1060 2229 1115 2262 ιιην.
1134 2226 1213 2257 Τινὲς
1224 2226 1286 2257 τοὺς
1304 2225 1425 2261 ἐρῶντας
1438 2224 1543 2260 ἔφησαν
1560 2225 1588 2251 ὲν
1601 2223 1751 2261 ἀλλοτρίοις
1764 2226 1826 2251 σώο

1027 2272 1152 2309 μασιτὴν
1165 2271 1255 2308 ψυχὴν
1266 2271 1317 2307 τὴν
1330 2271 1398 2298 ἰδίαν
1410 2271 1491 2306 ἔχειν·
1501 2270 1685 2306 εὐλογώτερον
1698 2270 1722 2296 δ’
1736 2268 1824 2305 οἶμαι

1024 2319 1126 2354 λέγειν,
1157 2318 1255 2349 αὐτοὺς
1279 2319 1307 2344 ὲν
1325 2317 1475 2353 ἀλλοτρίοις
1495 2316 1603 2352 σώμασι
1627 2315 1673 2343 τὸν
1698 2315 1762 2342 νοῦν
1784 2317 1823 2351 τῇ

1022 2365 1096 2400 ψυχῇ
1110 2363 1338 2391 σνναπολιυλεναι.

822 2430 940 2459 VARLE
961 2431 1165 2461 LECTIONES.

213 2492 236 2508 ⁸η
250 2487 314 2523 Leg.
331 2488 465 2523 τιμῶντα.

937 2568 1052 2602 NOTAE,

214 2631 270 2667 (54)
287 2631 472 2666 Πολυταμια.
499 2631 611 2658 Rctinui
631 2639 737 2664 vocem,
751 2632 814 2667 quia
825 2637 868 2660 est
882 2634 969 2661 ambi-

196 2676 238 2695 ua.
258 2667 376 2703 Sedrhoc
400 2667 427 2703 in
444 2668 503 2693 loco
518 2671 624 2703 putem,
640 2674 695 2703 non
715 2667 869 2703 signiﬁcare
882 2669 968 2703 pluri-

196 2677 238 2695 ua.
258 2677 309 2694 aeu
325 2677 376 2694 11οὓ
400 2677 427 2693 Ill
444 2677 503 2693 IUCU
518 2677 624 2701 putem,
640 2677 695 2694 nou
715 2677 869 2702 stgluucare
882 2677 968 2703 plun-

177 2677 229 2731 Eus
244 2702 325 2730 simul
342 2702 472 2730 uxoribus
494 2703 543 2734 uti,
561 2701 696 2734 utJacob,
717 2702 814 2735 David,
830 2703 968 2737 llerodes,

177 2739 222 2765 alii
238 2738 302 2774 olim
316 2738 474 2774 utebantur.
489 2738 582 2774 sedati
598 2737 691 2764 tertias
703 2743 847 2774 quartasve
858 2740 968 2774 nuptias

178 2773 316 2808 progredi.
332 2773 398 2799 Bern
413 2773 476 2800 mali
492 2772 591 2799 ominis
606 2777 634 2799 et
646 2773 765 2799 nominis
787 2773 812 2799 in
826 2772 966 2806 Ecclesia;

178 2809 236 2845 scil.
251 2809 326 2845 proli
338 2809 435 2845 pudor,
448 2810 481 2835 ab
498 2807 531 2834 iis
551 2812 719 2842 usurpatam,
733 2808 780 2843 qui
793 2809 967 2845 καθαρότητα.

177 2842 302 2868 allen-tam
320 2841 410 2869 hodie.

213 2876 271 2910 (55)
291 2877 481 2905 Δεῖγποτικῶν
499 2876 642 2905 ἐντολῶν.
666 2878 796 2914 ΐιιιειίὶεἰι
818 2879 884 2907 illud
911 2879 964 2908 Do-

1023 2636 1094 2677 mini
1114 2635 1263 2677 deiptuitu
1276 2637 1397 2677 mulieris
1416 2638 1541 2677 adillam
1547 2642 1825 2677 concupiscendam,

1022 2672 1094 2712 quod
1115 2672 1178 2712 alibi
1191 2672 1582 2712 _in_epi§_toli_s__explicat._7fEx
1598 2672 1652 2712 γάρ
1669 2677 1716 2703 τοῦ
1734 2672 1826 2712 ὁρᾷνξ

1022 2707 1126 2744 γίνεται
1142 2707 1172 2733 τὸ
1189 2708 1265 2744 ὲρᾷέν.
1285 2708 1316 2736 Ut
1329 2709 1394 2741 uidi,
1416 2707 1445 2735 ut
1458 2710 1544 2744 perii!
1559 2715 1587 2737 ut
1604 2707 1645 2738 me
1664 2707 1829 2740 malus-alb;

1021 2742 1108 2782 slum.
1121 2743 1212 2782 error!
1237 2742 1281 2782 hic
1302 2744 1380 2782 ocu_l_i_
1397 2742 1673 2782 dicunturroaﬁoiaxot
1698 2748 1827 2782 ἔρωτος,

1022 2778 1120 2818 amoris
1146 2778 1327 2818 lampadiferi:
1348 2778 1417 2818 {lino
1433 2780 1500 2807 illud
1514 2778 1691 2818 Philemonis,
1711 2778 1831 2818 Ὀρῶςὶ

1021 2813 1122 2850 πάντες
1142 2812 1326 2850 πρῶτονίεῖΐ
1346 2814 1516 2850 ἐθαύμασαν,
1537 2815 1585 2842 εἴτ’
1599 2819 1639 2850 εἰς
1652 2812 1752 2845 ἐλπῐδσξ
1773 2821 1828 2847 ὲν-

1020 2848 1133 2882 ἐπεσαν,
1148 2848 1220 2875 οὓτω
1234 2849 1337 2883 γίνεται
1352 2851 1383 2876 ὲκ
1397 2848 1499 2877 τούτων
1515 2851 1596 2886 ἔρως.
