1940 3087
126 140 174 171 689

726 143 993 175 EPISTULARUM
1006 146 1123 176 LIBER
1138 147 1161 177 I.

1690 149 1752 195 (9ολ

150 196 203 227 ιτθι.
217 194 311 231 Μέθην
327 197 374 223 καὶ
393 197 499 232 τρυφὴν
526 198 580 224 τῶν
595 199 744 235 ἀρχόντων,
771 200 901 232 ναυάγιον

987 201 1031 228 99.
1051 200 1217 228 Ebrietatem
1241 202 1394 237 principum
1423 205 1505 236 atque
1521 202 1611 229 luxum
1636 204 1743 229 naulra-

120 240 208 274 νόμιζε
221 241 276 268 τῶν
290 241 459 277 ἀρχομένων.
478 243 543 269 Ὅτε
558 243 614 279 γὰρ
628 245 642 270 ό
665 245 834 280 κυόερνήτης
850 253 899 271 κα-

119 287 302 319 ταποντίξεται
325 290 358 324 τῇ
374 289 516 325 πλησμονῇ
541 290 589 317 καὶ
603 290 643 326 τῷ
670 291 745 326 οἴνῳ,
760 291 820 323 πῶς
838 291 898 327 οὐχὶ

121 332 222 367 μυρίοις
234 333 337 367 κύμασι
352 335 399 362 καὶ¹
409 335 540 363 κλυδώσιν
554 337 679 372 ἐσχάτοις
694 338 711 373 ή
722 337 898 374 κυϐερνωμέ-

120 386 148 413 νη
165 379 350 415 προσαρῤάξει
377 380 511 413 πολιτεία,
538 382 584 410 καὶ
602 383 637 419 τῇ
661 382 708 409 τοῦ
732 383 898 419 κυϐερνήτου

121 425 387 462 συγκαταποθ-ήσεται
399 427 523 463 ἀπωλείᾳ
532 436 540 462 ;

149 523 181 561 ρ’.
194 525 305 561 Μηδένα
317 526 451 562 μηδέποτε
469 527 632 563 ἀνθρώπων,
649 527 716 564 μηδὲ
729 528 784 555 τῶν
805 528 900 564 τυχόν-

118 578 176 603 των,
207 571 248 603 είς
275 571 432 606 ἀπόγνωσιν
452 573 614 610 συνελάσῃς.
630 574 752 610 ’ἰσχυρὸν
771 575 826 610 γὰρ
852 574 899 602 καὶ

117 616 220 652 ἄμαχον
247 617 404 652 ἀπόγνωσις
426 619 519 652 ὅπλον,
551 620 598 647 καὶ
629 620 759 652 πολλάκις
793 620 900 656 ἀνάγκη

121 663 332 698 στρατηγήσασα
358 664 484 698 πράξεων
510 665 693 701 παρασόλων,
720 665 900 698 ἀνελπίστους

118 708 267 743 μεταϐολὰς
278 710 464 746 ἐξειργάσατο,
479 711 526 738 καὶ
540 712 605 748 πρὶν
619 711 636 747 ἢ
650 712 788 747 γενέσθαι,
799 711 901 746 μύθους

116 753 302 788 νομιζομένας.

150 840 202 877 ρα’.
217 842 344 877 Ἀριστον
359 843 408 878 μὲν
421 843 558 880 ἀνθρώπῳ
579 844 617 880 μὴ
638 845 809 880 διαμαρτεῖν,
832 846 900 882 μηδὲ

116 886 162 920 τῆς
181 887 264 923 ὀρθῆς
290 889 407 924 κρίσεως
423 890 629 926 ἀποσφαλῆναι⁸
659 891 770 918 συνετοῦ
787 892 826 924 δὲ,
852 881 900 919 καὶ
916 881 938 911 Β

117 931 231 958 πεσόντα
239 932 334 960 θᾶττον
343 934 503 970 ἀναστῆναι,
512 936 559 962 καὶ
569 936 688 972 χρῆσθαι
709 937 748 972 τῷ
761 937 900 973 πταίσμα-

115 986 150 1011 τι,
163 978 232 1014 πρὸς
245 979 276 1005 τὸ
290 979 328 1016 μὴ
343 980 426 1008 πάλιν
437 983 530 1008 πεσεῖν
543 983 764 1018 παραγγέλματι.

148 1025 199 1062 ρβ¹.
219 1027 255 1053 Τὸ
266 1028 330 1063 περὶ
345 1029 406 1061 τοὺς
425 1029 524 1061 πόνους
543 1030 677 1063 ἑκούσιον,
693 1031 748 1058 τῶν
764 1032 900 1059 ἀκουσίων

115 1071 270 1107 ἀφαιρεῖται
280 1073 310 1099 τὸ
325 1073 463 1109 ἀφόρητον
477 1075 653 1110 καὶλχαλεπόν
664 1084 672 1091 ·
684 1076 719 1103 δι’
736 1076 749 1103 ὃ
764 1078 899 1113 χρήσιμος

115 1115 132 1149 ἠ
149 1115 177 1141 ὲν
189 1116 245 1147 τοῖς
257 1117 396 1149 ἀκουσίοις
408 1118 490 1154 τριϐὴ
503 1120 550 1146 καὶ
566 1120 679 1154 μελέτη.

151 1215 203 1247 ργ’.
229 1212 360 1248 Ἀρχικῆς
382 1213 483 1250 ἀρετῆς
506 1214 556 1242 καὶ
567 1215 685 1247 τελείας,
706 1217 743 1252 μὴ
776 1217 857 1252 μόνον
869 1218 901 1245 τὸ

115 1257 217 1293 πλῆθος
230 1259 405 1294 αἰσχύνεσθαι
433 1261 502 1297 πρὸς
515 1261 546 1288 τὸ
571 1261 610 1298 μὴ
629 1262 815 1298 ἁμαρτάνειν,
833 1265 901 1292 ἀλλὰ

115 1304 161 1332 καὶ
175 1305 274 1335 ἑαυτὸν
286 1307 340 1342 πρδ
355 1306 402 1334 τοῦ
418 1307 549 1344 πλήθους.

150 1351 200 1387 ρδ’.
222 1351 255 1379 Ἠ
273 1352 319 1380 διὰ
334 1353 421 1388 λόγων
436 1353 515 1388 ὕϐρις
539 1355 595 1386 τοῖς
610 1355 764 1392 ἐλευθέροις
778 1357 808 1384 οὐ
833 1357 900 1385 πολὺ

115 1398 302 1433 παραλλάσσει
314 1399 363 1434 τῆς
377 1399 421 1427 διὰ
432 1401 545 1436 πληγῶν
559 1402 607 1429 καὶ
618 1403 768 1438 μαστίγων.
783 1403 844 1441 Χρὴ
855 1402 901 1432 οὖν

113 1445 373 1479 παραφυλάττεσθαι
381 1446 413 1472 τὺ
423 1447 558 1482 προπετὲς
567 1447 598 1475 τὸ
609 1449 638 1475 ὲν
650 1449 764 1482 τούτοις.
776 1451 813 1477 Οὐ
830 1451 901 1486 μέγα

114 1491 169 1526 γὰρ
185 1490 289 1526 δοκοῦν,
310 1492 431 1527 μεγάλας
447 1492 525 1529 φέρει
540 1493 652 1529 ζημίας.

152 1581 201 1615 ρε¹.
219 1579 338 1611 Πολλοὺς
363 1580 479 1616 ἔϐλαψεν
492 1581 669 1617 εὐτραπελία·
695 1584 750 1611 ἀπὸ
764 1585 819 1622 γὰρ
830 1585 902 1620 γνώ-

118 1634 174 1660 μης
194 1625 376 1654 διεκπεσοῠσα
400 1628 564 1664 παιζούσης,
587 1630 682 1665 καιρία
698 1631 790 1666 πληγὴ
807 1631 903 1665 γέγονε

114 1672 172 1704 τοῖς
181 1672 375 1707 διαπαιχθείσι·
387 1675 434 1701 καὶ
449 1674 565 1710 βραχείᾳ.
579 1675 675 1711 τέρψει
687 1677 742 1703 τῶν
758 1677 902 1712 ἐπιτυχόν-

114 1726 181 1750 των,
211 1719 330 1753 μεγάλας
358 1719 451 1746 ἔτεκεν
479 1720 579 1756 ἔχθρας
596 1722 650 1748 τῶν
666 1722 829 1750 σπουδαίων.
851 1724 903 1750 Ἢν

115 1764 200 1789 παντὶ
216 1763 265 1798 μὲν
275 1763 390 1799 ἔμφρονι
404 1766 644 1800 παραφυλαχτέον,
657 1766 767 1803 ἄρχοντι
780 1767 808 1794 δὲ
823 1768 904 1803 μάλι-

115 1818 169 1836 στα
181 1809 234 1836 τῶν
251 1809 338 1836 ἄλλων
351 1818 358 1825 ·
378 1810 418 1837 ὅτι
436 1811 482 1837 καὶ
497 1812 617 1846 χυδαῖον,
646 1813 694 1838 καὶ
723 1815 904 1850 καταφρονεῖ-

115 1857 180 1883 σθαι
196 1855 333 1893 μᾶλλον,ῆ
349 1858 576 1893 χαριεντίζεσθαι,
591 1860 804 1895 παρασκευάζει.

153 1943 209 1981 pg’.
225 1946 384 1981 Ebapysﬁw
400 1946 430 1975 τὺ
450 1947 570 1983 ὑπήκοον
589 1949 780 1985 περιφρούρει,
800 1950 838 1982 ὡς
855 1951 906 1987 τῆς

115 1993 207 2029 ἀρχῆς
217 1992 300 2029 νεῦρα
317 1993 364 2020 καὶ
374 1995 461 2021 οἰκεῖα
475 1995 554 2030 μέλη.
577 1996 705 2023 Ἐκείνων
721 1997 775 2032 γὰρ
789 1997 904 2025 διασπα-

117 2039 247 2072 σθέντων,
275 2039 399 2073 κίνδυνος
425 2040 474 2068 καὶ⁸
503 2041 553 2077 τὴν
580 2042 630 2078 σὴν
666 2044 903 2078 συγκαταλύεσθαι

114 2085 254 2119 ἐξουσίαν.

156 2131 206 2166 ρξ’.
222 2131 278 2163 Τὰς
298 2132 487 2169 μελετωμένας
504 2139 519 2153 ιι
538 2135 658 2167 στάσεις,
677 2135 739 2163 ὅσαι
755 2136 794 2172 μὴ
809 2137 904 2164 σὸέσαι

116 2177 196 2213 ῥᾷον,
215 2177 326 2211 ἄμεινον
345 2179 456 2212 ἀγνοίας
485 2180 627 2215 ὑποκρίσει
652 2181 754 2213 δοῦναι,
769 2183 816 2209 καὶ
834 2183 903 2219 λήθῃ

951 245 1025 280 gium
1040 253 1100 273 esse
1114 245 1239 274 existima
1254 246 1436 274 subditorum.
1461 247 1575 280 Quando
1591 248 1663 274 enim
1679 248 1745 275 vino

952 296 1033 327 atque
1052 293 1160 328 crapula
1172 294 1346 329 gubernator,
1370 299 1497 328 tanquam
1513 294 1592 326 mari,
1610 294 1745 329 demergi-

953 343 1006 371 tur,
1022 345 1134 365 necesse
1146 343 1188 366 est
1203 343 1232 366 ut
1244 339 1395 374 respublica
1405 340 1464 374 eius
1479 339 1670 374 gubernationi
1684 347 1745 366 cre-

952 384 1018 416 dita,
1034 385 1170 412 sexcentis
1187 385 1315 412 ﬂuctibus
1329 389 1357 413 et
1370 386 1552 413 alluviouibus
1565 385 1640 413 allisa
1659 385 1744 420 agite-

952 433 1007 464 tur,
1034 430 1089 458 imo
1106 435 1133 457 et
1151 439 1205 458 una
1223 439 1285 458 cum
1308 431 1488 467 gubernatore
1508 431 1634 459 demerso
1648 452 1655 463 ,
1686 430 1746 465 pari

951 484 1060 512 quoque
1074 476 1186 508 interitu
1205 477 1275 505 male
1290 481 1400 512 pereat-

987 522 1049 550 100.
1067 521 1211 550 Neminem
1235 523 1404 556 mortalium,
1423 531 1458 551 ne
1477 523 1586 559 quidem
1609 523 1747 551 obscuris-

952 568 1095 602 simorum,
1114 569 1148 597 ad
1172 569 1390 604 desperationem
1405 570 1507 605 adiges.
1531 571 1580 598 Est
1603 570 1675 598 enim
1699 570 1748 597 de-

955 615 1073 650 speratio
1099 615 1240 643 robustum
1257 616 1391 651 quoddam
1416 620 1442 643 et
1469 615 1624 643 inevitabile
1648 615 1745 642 telum.

953 660 1025 693 Quin
1038 668 1109 695 saepe
1124 661 1231 694 accidit,
1254 666 1283 688 ut
1297 668 1440 696 progressa
1451 661 1478 688 in
1492 660 1577 688 aciem
1586 660 1746 693 necessitas,

953 714 1044 734 rerum
1058 712 1157 742 praeter
1172 708 1403 742 exspectationem
1415 708 1578 734 mutationes
1592 714 1646 733 una
1667 706 1747 733 indu-

954 752 1024 779 xerit
1037 752 1246 788 inexspectatas,
1261 761 1328 788 quas
1339 753 1398 780 loco
1416 752 1568 780 fabularum
1585 752 1685 780 habere
1697 759 1747 779 νο-

945 798 1046 837 lueris,
1064 803 1208 834 antequam
1224 803 1285 826 actu
1301 799 1499 833 compleantur.

958 860 961 864 -
991 843 1052 871 101.
1073 843 1211 879 Optimum
1234 849 1276 871 est
1295 848 1326 871 ut
1346 844 1428 871 homo
1442 851 1493 871 nec
1508 843 1620 871 omnino
1634 843 1746 870 aberra-

952 893 1003 922 ret,
1019 896 1071 917 ncc
1094 897 1109 916 a
1123 890 1182 916 sani
1199 890 1296 925 judicii
1311 897 1407 917 norma
1428 890 1589 920 excederet;
1615 889 1663 916 sed
1679 897 1746 924 pru-

950 933 1039 961 dentis
1059 939 1101 962 est
1114 954 1122 967 ,
1142 935 1304 970 quantocius
1330 939 1361 962 ut
1390 935 1524 970 collapsus
1540 939 1686 970 resurgat,
1718 938 1747 962 et

950 977 1054 1015 lapsum
1071 981 1110 1008 sic
1120 989 1199 1009 suum
1217 982 1342 1010 instituat
1353 990 1388 1009 ne
1404 982 1531 1017 deinceps
1544 982 1660 1010 labatur.

986 1026 1047 1054 102.
1068 1026 1201 1054 Voluntas
1221 1028 1249 1055 in
1259 1028 1398 1056 laboribus
1410 1028 1592 1063 suscipiendis
1604 1030 1741 1062 prompta,

951 1072 1198 1101 involuntariorum
1209 1074 1276 1102 illud
1292 1074 1391 1102 durum
1408 1074 1491 1101 telum
1503 1078 1530 1101 et
1544 1073 1746 1101 intolerandum

951 1117 1060 1154 frangit.
1077 1119 1216 1154 Optimum
1230 1124 1272 1148 est
1285 1119 1367 1156 igitur
1383 1119 1417 1147 de
1429 1119 1589 1147 voluntariis
1605 1121 1743 1149 meditario

950 1167 978 1191 et
992 1164 1019 1191 in
1031 1164 1127 1191 iisdem
1146 1164 1290 1193 inhaerere.

986 1209 1048 1237 105,
1068 1210 1107 1237 Ad
1123 1210 1252 1238 virtutem
1267 1215 1295 1238 et
1310 1211 1506 1247 perfectionem
1525 1212 1654 1247 principis
1683 1219 1745 1247 spe-

951 1258 1017 1288 ctat,
1031 1261 1089 1282 tum
1109 1256 1217 1283 turbam
1244 1258 1438 1292 promiscuam,
1465 1263 1522 1285 tum
1539 1258 1674 1294 imprimis
1700 1266 1744 1285 se-

951 1301 1039 1337 ipsum
1052 1301 1156 1337 pudore
1169 1310 1185 1330 a
1198 1304 1317 1338 peccatis
1332 1304 1478 1332 abstinere.

988 1347 1050 1376 104.
1069 1347 1240 1376 Contumelia
1266 1349 1357 1378 verbis
1382 1349 1487 1385 ingesta
1519 1349 1591 1385 apud
1618 1350 1745 1378 homines

951 1393 1054 1421 liberos
1075 1402 1172 1429 parum
1193 1394 1283 1423 differt
1301 1403 1316 1423 a
1332 1396 1418 1431 plagis
1441 1397 1560 1430 acceptis
1579 1401 1608 1424 et
1622 1396 1744 1424 verberi-

952 1439 1012 1467 bus.
1032 1439 1189 1468 Cavendum
1206 1445 1248 1468 est
1259 1448 1322 1477 ergo
1336 1449 1371 1468 ne
1387 1441 1514 1476 proclivis
1528 1441 1622 1469 feraris
1632 1442 1666 1469 ad
1676 1449 1744 1469 con-

951 1486 1118 1520 viciandum,
1146 1487 1279 1522 siquidem
1304 1488 1330 1515 id
1348 1488 1420 1523 quod
1442 1488 1515 1515 haud
1538 1489 1659 1516 creditur
1683 1497 1745 1516 ma-

916 1552 937 1581 Ο
954 1541 1047 1569 gnum,
1063 1542 1158 1569 magna
1179 1534 1278 1562 damna
1291 1539 1432 1570 procurat.

994 1580 1050 1607 105.
1069 1580 1167 1608 Multos
1193 1581 1333 1608 urbanitas
1347 1581 1436 1608 laesit:
1451 1581 1486 1608 ab
1499 1580 1591 1608 animo
1612 1579 1746 1615 siquidem

954 1625 1057 1653 ludenti
1070 1626 1203 1661 profecta,
1214 1626 1359 1662 aliquando
1373 1626 1472 1654 vulnus
1486 1626 1585 1653 lethale
1601 1625 1687 1653 illusis
1701 1625 1746 1652 in-

953 1670 1021 1706 ﬂigit
1037 1680 1044 1698 :
1061 1679 1122 1706 quze
1131 1679 1179 1706 per
1191 1671 1337 1699 admodum
1345 1672 1456 1699 brevem
1468 1671 1678 1699 oblectationem
1689 1671 1747 1698 cui-

954 1725 1061 1752 cunque
1073 1718 1153 1746 obvio
1167 1720 1327 1753 impensam,
1339 1718 1493 1745 inimicitias
1508 1718 1587 1745 etiam
1600 1725 1694 1753 graves
1704 1717 1746 1743 in-

955 1767 996 1789 ter
1009 1763 1155 1797 prudentes
1170 1763 1309 1790 excitavit.
1324 1762 1400 1790 H-anc
1419 1763 1481 1790 ideo
1493 1763 1607 1797 quisque
1626 1763 1746 1796 prudens

954 1810 1076 1841 evitabit,
1088 1810 1212 1844 princeps
1221 1810 1367 1844 imprimis;
1380 1817 1441 1836 cum
1453 1817 1495 1836 res
1505 1809 1548 1841 sit,
1558 1817 1616 1844 quae
1622 1813 1745 1835 contem—

955 1860 1030 1891 ptum
1047 1855 1137 1891 potius
1151 1855 1232 1891 parit,
1247 1863 1326 1891 quam
1342 1856 1455 1891 gratiam
1471 1855 1512 1883 vel
1531 1855 1746 1889 acceptationem

956 1902 1085 1937 aliquam.

993 1948 1052 1975 106.
1074 1946 1216 1974 Beneficiis
1235 1947 1358 1975 subditos
1389 1947 1601 1978 circumvallato,
1619 1950 1746 1980 tanquam

955 2001 1054 2021 nervos
1077 1993 1196 2028 imperii,
1213 1998 1240 2021 et
1260 1998 1304 2021 tua
1320 1994 1405 2029 ipsius
1427 1994 1558 2021 membra.
1571 1992 1638 2020 Nam
1655 1993 1676 2020 si
1702 1992 1747 2019 illa

956 2040 1156 2075 discerpantur,
1175 2040 1324 2075 periculum
1346 2041 1393 2068 tibi
1411 2040 1537 2068 interitus
1554 2040 1702 2072 incumbet,
1719 2044 1748 2067 ct

957 2087 992 2114 im
997 2087 1064 2122 perii
1080 2087 1174 2114 ruinae.

993 2133 1054 2160 l07.
1088 2133 1243 2161 Seditiones
1279 2133 1549 2168 eonspirationesque
1575 2140 1643 2167 quas
1668 2131 1759 2159 facile

955 2188 1010 2207 non
1028 2180 1090 2207 licet
1107 2180 1291 2216 exstinguere,
1309 2180 1473 2207 conduceret
1487 2187 1536 2214 per
1554 2178 1746 2206 disximulatio-

115 2222 287 2258 καλύψαι,
315 2223 535 2260 θριαμϐεύσαντα
563 2226 711 2259 ἐπεξιέναι.
735 2228 772 2254 Τὸ
786 2229 835 2263 μὲν
850 2230 901 2266 γὰρ

960 2234 1020 2253 nem
1040 2231 1068 2253 et
1091 2230 1254 2261 praetensam
1275 2226 1456 2262 ignorantiam
1478 2225 1605 2252 oblivioni
1626 2225 1743 2256 tradere,

115 2269 176 2296 ἔσθ’
190 2270 235 2297 ὅτε
250 2270 297 2297 καὶ
320 2271 400 2297 πλέον
425 2270 511 2306 ἀνῆψε
531 2272 580 2308 τὴν
598 2273 694 2308 φλόγα,
710 2275 756 2301 καὶ
769 2275 904 2310 χαλεποὺς

114 2317 218 2351 ἤνεγκε
244 2317 393 2349 κινδύνους,
417 2317 465 2344 καὶ
480 2318 563 2354 πολλῇ
590 2319 637 2345 καὶ
659 2319 705 2345 τὸν
735 2320 903 2349 διασωθέντα

115 2361 263 2396 περιέϐαλε
282 2362 378 2398 ζημίᾳ·
393 2363 422 2389 τὸ
433 2362 472 2393 δὲ,
490 2363 599 2398 πραέως
611 2364 754 2400 κοιμίζειν,
767 2366 815 2392 καὶ
833 2367 902 2400 μετὰ

114 2407 166 2433 τοῦ
178 2408 330 2441 ἀκινδύνου,
340 2408 372 2435 τὸ
387 2409 578 2445 φιλάνθρωπον
590 2411 636 2437 καὶ
649 2411 758 2438 συνετὸν
774 2413 822 2439 καὶ
832 2413 900 2447 ἀζή-

115 2462 182 2490 μιον
193 2454 327 2491 περιέχει.

155 2593 207 2626 ρη’.
228 2590 283 2617 Δεῖ⁴
293 2590 339 2616 τὸν
355 2591 485 2627 ἄρχοντα,
501 2594 659 2628 φερομένων
675 2595 725 2629 μὲν
743 2593 817 2629 αὐτῷ
831 2593 902 2620 κατὰ

113 2637 183 2674 ροὖν
195 2637 250 2663 τῶν
264 2638 433 2672 πραγμάτων
447 2639 493 2665 καὶ
503 2637 533 2666 εὖ
545 2640 727 2673 συνεστώτων,
744 2641 781 2673 ὡς
793 2640 903 2667 σαλευο-

114 2683 209 2719 μένων
222 2683 419 2718 ἀσφαλίζεσθαι
435 2685 481 2711 καὶ
500 2685 697 2721 ἐπιμελεῖσθαι.
736 2687 901 2722 Ἀνατρεπο-

958 2280 1039 2307 quam
1068 2272 1176 2307 ptlblico
1190 2272 1266 2307 quasi
1282 2272 1421 2308 triumpho
1436 2272 1586 2306 propalare.
1610 2270 1647 2297 Ita
1671 2271 1745 2298 enim

958 2318 1015 2345 fieri
1036 2317 1104 2345 solet
1121 2322 1151 2344 ut
1168 2317 1274 2344 ﬂamma
1291 2317 1376 2351 magis
1386 2324 1418 2343 ex
1432 2324 1464 2343 eo
1483 2315 1647 2342 accendatur
1659 2318 1687 2341 et
1700 2322 1746 2350 pe-

956 2363 1041 2390 ricula
1067 2370 1122 2390 non
1145 2362 1214 2390 levia
1228 2366 1355 2389 creentur
1371 2370 1378 2394 ;
1395 2361 1461 2396 quin
1485 2365 1512 2388 et
1542 2361 1650 2388 nonnisi
1676 2360 1747 2387 male

956 2410 1085 2437 multatus
1117 2409 1232 2436 salutem
1251 2408 1303 2435 sibi
1325 2408 1386 2442 quis
1411 2408 1618 2442 comparaverit.
1639 2406 1659 2432 E
1685 2414 1747 2433 con-

955 2456 1038 2484 trario
1051 2463 1125 2488 vero,
1142 2455 1329 2482 moderatione
1344 2454 1449 2488 sopitur
1464 2453 1575 2485 malum,
1592 2457 1620 2479 et
1633 2457 1748 2488 prmter-

953 2511 1033 2538 quam
1047 2502 1121 2537 quod
1135 2501 1194 2528 sine
1209 2501 1329 2536 periculo
1345 2500 1389 2532 sit,
1407 2500 1609 2532 misericordiae,
1626 2500 1747 2534 pruden—

954 2544 1008 2582 tiae,
1020 2549 1199 2583 utilitatisque
1215 2547 1349 2575 rationem
1363 2546 1446 2574 subit.

990 2595 1051 2623 108.
1072 2594 1228 2629 Principcm
1252 2598 1370 2628 oportet,
1385 2601 1447 2620 cum
1463 2597 1534 2620 statu
1557 2594 1677 2621 secundo
1703 2601 1747 2620 res

954 2642 1005 2677 ipsi
1021 2641 1172 2669 succedant
1195 2644 1222 2668 et
1237 2640 1265 2667 in
1281 2643 1340 2666 tuto
1357 2640 1415 2668 sitaa
1429 2647 1489 2667 esse
1509 2640 1666 2672 videantur,
1690 2647 1745 2666 non

954 2696 1033 2716 secus
1046 2692 1137 2716 tamen
1149 2695 1231 2723 quam
1245 2687 1273 2715 in
1286 2691 1448 2723 tempestate
1460 2694 1621 2723 procurare,
1635 2690 1662 2714 et
1675 2685 1746 2714 salm-

774 2811 889 2842 VARle
907 2812 1117 2843 LECTIONES..

155 2857 172 2873 ³³
188 2854 251 2891 ch.
268 2856 498 2893 μεμελετημένας.
