1940 3087
138 161 190 193 693

732 164 1000 198 EPISTOLARUM
1019 165 1136 197 LIBER
1149 165 1176 198 Ῑ.

1697 165 1749 198 694

139 215 255 246 σθεῖσαι,
270 214 373 242 θᾶττον·
381 215 576 252 ἀνετράπησαν
588 216 641 243 ὑπὸ
658 216 712 243 τῶν
722 217 905 252 ἐπιτυχόντων

968 218 1094 246 eumdem
1106 217 1216 244 modum
1227 217 1380 245 subinl'erre
1389 224 1419 245 se
1429 217 1631 249 attentaverint.
1640 226 1691 246 nec
1702 226 1750 254 per

138 260 183 296 ’Γῷ
195 262 250 296 γὰρ
270 261 332 288 καθ’
346 261 446 293 ἑαυτὰς
460 261 659 299 εὐλαϐεστέρῳ,
674 263 714 294 είς
726 263 825 298 θράσος
835 263 917 298 ἄσχε-

136 312 181 329 τον
198 304 246 330 καὶ
270 304 426 340 παράϐολον
451 305 554 341 τόλμαν
578 306 769 340 ἐξοπλίσασαι,
782 304 836 334 ’καὶ
853 308 917 340 τοὺς

136 349 190 384 πρὸ
203 350 296 376 τούτου
310 350 437 383 δόξαντας
452 352 684 385 ἐπιεικεστάτους,
704 352 773 388 αὐτῇ
788 353 919 388 συνεφθά-

137 404 222 431 ρησαν
234 398 266 431 τῇ
279 397 463 433 ἐπιχειρήσει.
478 398 540 430 Πῶς
557 395 604 425 οὖν
615 399 673 426 ἐστι
686 399 776 434 τυχεῖν
790 399 838 426 τοῦ
853 407 917 426 σκο-

135 440 187 466 ποῦ
197 450 205 473 ς
217 441 346 468 τάναντία
359 442 414 477 γὰρ
424 442 467 469 διὰ
479 443 535 469 τῶν
545 444 636 470 αὐτῶν
644 444 744 479 ὁρᾶται
758 444 916 471 συντετελε-

135 486 232 521 σμένα.
245 487 375 522 ’Ἄμεινον
387 489 436 521 μὲν
448 489 510 524 μηδ’
521 489 693 525 ἀπάρχεσθαι
703 491 757 517 τῶν
767 490 897 517 τοιούτων
905 499 913 505 ·

133 532 218 560 δειναὶ
232 533 287 570 γὰρ
297 535 325 560 αἱ
335 535 504 570 καινότητες,
518 536 565 562 καὶ
577 537 661 572 χωρὶς
674 536 767 571 ἐτέρου
780 536 914 572 λυπηροῦ,

133 579 258 614 θορυϐεῖν
271 580 319 606 καὶ
332 581 461 616 πλήττειν
474 581 605 615 διανοίας,
620 582 667 609 καὶ
680 583 720 614 είς
732 582 914 619 διαϐολὴν-καὶ

968 263 1135 298 tyrannicam
1149 261 1293 296 quamdam
1310 261 1352 289 vel
1372 267 1522 297 arrogatam
1536 266 1707 297 potestatem,
1723 268 1751 290 et

968 309 1023 336 vim
1035 307 1260 340 manifestariam,
1274 307 1481 342 impressionem
1505 308 1626 336 fulminis
1647 309 1674 336 in
1694 316 1750 336 mo-

968 354 1033 382 dum
1050 354 1150 386 l‘acere,
1165 357 1256 381 tamen
1278 353 1329 380 sub
1344 358 1476 388 praetextu
1499 354 1651 382 timiditatis
1671 352 1750 382 facil—

967 400 1042 432 lime,
1055 399 1136 426 etiam
1151 399 1187 426 ab
1202 398 1301 430 obviis.
1313 399 1520 426 subvertuntur.
1537 399 1604 426 Dum
1614 399 1687 426 enim
1701 407 1749 426 na-

968 445 1091 474 turaliter
1111 445 1162 473 sibi
1190 444 1300 472 insitam
1315 444 1486 472 timiditatem
1501 445 1535 472 ad
1551 445 1692 472 audaciam
1707 445 1749 472 in.-

968 491 1149 523 tolerabilem,
1160 495 1186 517 et
1198 496 1297 525 praeter
1311 497 1419 517 onmem
1433 491 1662 526 exspectationem
1673 499 1749 519 οισι-ν

967 541 1051 568 mant,
1059 536 1195 563 etiamveos
1203 536 1247 570 qui
1257 535 1342 563 multo
1349 536 1481 564 moderati
1489 537 1563 572 prius
1569 537 1748 569 habebantur,

967 583 1000 610 ad
1012 582 1129 618 primum
1141 582 1278 617 inceptum
1293 582 1478 617 perdiderunt.
1486 583 1561 611 Adeo
1571 584 1654 619 quaeri
1662 588 1752 619 potest

132 624 166 650 b6
170 633 211 660 ριν
225 625 399 653 ἐκκαλεῖσθαι
415 627 572 663 τὸ·πλῆθος.

967 637 1019 663 qua
1034 628 1138 655 ratione
1154 627 1235 655 ﬁnem
1250 628 1311 663 quis
1325 629 1490 664 propositam
1501 634 1671 664 assequatur,
1687 636 1750 657 cum

130 680 180 707 per
194 673 305 701 easdem
316 682 412 702 causas
425 675 539 703 eﬂ'eetus
556 676 752 712 progignuntur
769 676 908 703 contrarii.
946 675 1120 703 Praestitisset
1144 679 1229 708 certe,
1250 682 1284 702 ne
1318 675 1428 710 quidem
1450 675 1485 703 ab
1508 675 1567 703 istis
1590 675 1749 711 incepisse:

130 723 194 746 sunt
203 719 279 746 enim
291 720 432 755 novitates,
445 730 499 749 non
511 724 656 751 accedente
667 722 776 749 aliunde
789 722 913 749 molestia
931 721 1031 755 aliqua,
1053 722 1090 749 ita
1104 721 1305 756 quodammodo
1319 728 1335 748 a
1371 729 1401 748 se
1413 721 1588 756 compositw,
1618 722 1651 749 ad
1671 730 1749 750 men-

131 767 185 791 tem
197 764 357 792 turbandam
368 771 396 794 et
409 767 443 794 de
453 772 523 796 statu
536 776 586 796 suo
596 768 768 800 movendam,
776 767 809 794 ad
819 767 915 801 vulgus
933 766 1076 794 hominum
1108 765 1290 793 inducendum
1308 766 1342 793 ad
1356 766 1507 794 calumnias
1520 771 1548 794 et
1562 767 1684 796 convicia
1707 768 1750 795 in-

129 811 258 845 gerenda.

164 856 228 891 ριβ’.
248 858 327 884 Ἐπεὶ
334 858 356 885 δ’
366 858 423 885 ἐσθ’
437 860 481 886 ὅτε
495 859 574 896 χρεία
587 861 753 895 κατεπείγει,
765 861 814 889 καὶ
824 861 908 887 δεῖται
916 890 923 895 ι

1000 857 1058 886 HR.
1074 857 1142 886 Cum
1161 858 1298 886 interdum
1318 865 1437 886 necesse
1450 857 1493 885 sit.
1516 862 1546 886 ut
1561 858 1595 891 is,
1607 859 1653 894 qui
1667 859 1750 888 rebus

128 903 254 938 πράξεως
280 905 294 931 ό
313 906 490 941 προεστηκὼς
517 908 686 944 καινοτέρας.
708 907 742 935 ἂν
767 909 817 944 μὲν
837 908 905 943 μέγα

962 903 1182 931 administrandis
1208 908 1324 939 praeest.
1347 903 1449 938 aliquid
1471 903 1602 938 innovet,
1627 913 1681 932 non
1709 911 1752 934 est

126 947 222 982 δφελος
240 949 288 976 καὶ
305 950 479 986 εὐφροσύνην
490 951 520 985 ἐξ
536 953 621 988 αὐτῆς
634 953 665 980 τὺ
680 954 769 980 κοινὸν
783 953 908 989 εὑρίσκῃ,

125 993 201 1020 οὐδὲν
220 995 260 1023 δεῖ
276 995 398 1031 σκέψεως
417 997 464 1025 καὶ
490 998 622 1034 μελέτηςο
648 999 682 1027 ἂν
701 1000 725 1026 δ’
744 1000 846 1032 ἄλλως,
863 1001 910 1026 καὶ

124 1039 234 1076 λυπηρὰ
250 1043 304 1078 εἴη,
320 1043 391 1078 λόγῳ
406 1044 456 1079 μὲν
472 1044 598 1078 διελθεῖν,
619 1046 692 1078 ὅπως
710 1047 743 1074 ἂν
759 1047 797 1079 ὼς
810 1046 910 1082 ἄριστα

123 1085 291 1124 διανυσθείη,
316 1089 347 1115 οὐ
374 1089 466 1125 ῥᾴδιον
493 1089 580 1125 οἶμαι.
600 1091 641 1118 Τὰ
667 1091 723 1126 γὰρ
741 1092 812 1120 κατά
834 1101 909 1124 τινας

126 1131 285 1165 εδικωτάτας
299 1134 534 1163 ἐπακολουθοῦντα
547 1137 734 1172 περιστάσεις,
744 1138 795 1164 οὐκ
805 1137 909 1164 ἔνεστιν

123 1177 245 1214 ἀκριϐῶς
260 1180 406 1216 κοινοτέρῳ
421 1180 504 1216 λόγῳ,
518 1182 566 1208 καὶ
579 1182 636 1208 τῶν
649 1182 739 1217 ἔργων
756 1183 907 1219 πόρρωθεν,

123 1222 252 1258 θηρᾶσαι.
270 1225 343 1260 Πλὴν
359 1226 373 1252 ὃ
391 1234 422 1260 γε
444 1226 546 1260 καλῶς,
565 1228 596 1254 ἐν
619 1228 676 1259 τοῖς
697 1229 908 1264 προειρημένοις

123 1269 396 1306 ἐγγεγυμνασμένος,
411 1273 458 1299 καὶ
472 1273 540 1309 πρὸς
555 1273 590 1301 τὰ
608 1274 722 1301 τοιαῦτα
740 1275 789 1310 τὴν
805 1275 909 1303 ἄνωθεν

123 1315 211 1350 ῥοπὴν
237 1316 383 1353 ἐπίκουρον
406 1318 493 1354 ἔχων,
524 1319 647 1355 μεγάλην
667 1320 769 1348 εἴσεται
791 1321 906 1357 δύναμιν

123 1361 338 1398 συνειλεγμένος.

158 1452 221 1484 ριγ’.
238 1450 350 1479 Ὅπλων
371 1453 419 1480 καὶ⁸
441 1453 569 1490 ἀνδρείας
586 1455 643 1482 καὶ»
651 1456 818 1491 στρατηγίας
839 1465 908 1493 κρα-

120 1495 261 1532 ταιότερον
277 1498 324 1524 καὶ
336 1498 540 1536 ἀσφαλέστερον
552 1501 646 1537 νόμιζε
659 1501 710 1537 τὴν
727 1501 834 1530 εὔνοιαν
851 1502 907 1530 τῶν

119 1540 297 1597 ἀρχομένων.¹
307 1542 415 1597 Ταύτης
438 1544 491 1597 μὲν
506 1545 572 1581 γὰρ.
586 1546 728 1583 παρούσης
745 1549 792 1574 καὶ
810 1556 906 1583 στρατ-
920 1567 942 1597 c

119 1586 251 1623 ηγούσης,
266 1587 382 1616 κάκεῖνα
395 1590 532 1626 χρήσιμα,
548 1592 598 1619 καὶ
609 1593 730 1629 μεγάλην
739 1593 826 1629 ῥοπὴν
839 1594 907 1630 πρὸς

118 1633 208 1660 πάντα
218 1635 344 1671 παρέχει.
365 1636 465 1674 Ἀνῃρη
469 1637 555 1673 μένης
565 1639 594 1666 δὲ
603 1639 654 1674 τῆς
665 1639 783 1673 εὐνοίας,
796 1640 907 1676 ἄμεινον

119 1680 321 1717 συνανῃρῆσθαι
327 1682 451 1712 κάκεῖνα.
456 1683 561 1712 Θᾶττον
567 1685 621 1720 γάρ
627 1685 674 1712 ἐπὶ
681 1685 731 1721 τὴν
736 1694 817 1721 μισου
821 1686 906 1722 μένην

117 1724 215 1761 ἀρχὴν,
227 1726 243 1761 ἢ
257 1727 329 1754 κατὰ
342 1728 397 1754 τῶν
408 1729 546 1764 πολεμίων
558 1730 645 1757 ἐθέλει
660 1730 746 1758 ταῦτα
755 1731 903 1759 κινεῖσθαι.

153 1771 214 1806 ριδ’.
236 1772 340 1807 Λόγους
356 1774 408 1809 μὲν
425 1774 543 1810 ἤλεγξαν
559 1775 660 1811 δόρατα
675 1776 814 1808 πολλάκις.
831 1778 905 1812 Ἦμ-

117 1815 198 1844 σλυνε
211 1817 240 1844 δέ
253 1819 388 1854 πολλαχοῦ
406 1821 455 1847 καὶ
468 1821 556 1855 λόγων
581 1822 669 1857 ἰσχὺς,
686 1822 806 1855 ὀξύτατα
824 1824 904 1850 πολέ-

119 1869 183 1895 μου,
207 1862 255 1890 καὶ
281 1864 408 1898 μεγάλων
431 1865 520 1901 ὁρμὴν
544 1866 650 1893 διέλυσε
677 1869 902 1903 στρατευμάτων.

116 1906 216 1940 Χείρες
234 1907 374 1944 ἄρατμετὰ
395 1909 487 1944 λόγου,
508 1911 619 1939 διπλοῦν
634 1913 779 1949 τρόπαιον..
800 1915 903 1947 Πόνους

116 1949 224 1982 ἐλπίδες
239 1952 375 1987 νευροῦσι,
393 1955 442 1981 καὶ
468 1955 544 1982 πόνοι
568 1956 705 1985 τίκτουσιν
725 1958 849 1991 ἐλπίδας.
865 1960 902 1986 Σὺ

114 1996 145 2023 δὲ
163 1995 351 2034 ἑξιλεούμενος
369 2000 400 2027 τὸ
413 2001 502 2035 Θεῖον,
517 2003 631 2038 μηδενὸς
646 2004 742 2039 ἀμέλει
757 2005 812 2032 τῶν
830 2015 902 2041 πρα-

115 2043 214 2077 κτέων,
231 2045 278 2072 καὶ
293 2045 379 2078 καλὰς
394 2047 443 2073 καὶ
459 2048 580 2083 μεγάλας
594 2050 706 2082 ἐλπίδας
719 2050 847 2087 θερίσεις.

151 2137 212 2169 pta'.
247 2135 418 2172 Ἑπικουρείν
444 2136 536 2171 ἐν-οἷς
566 2139 683 2172 ἕκαστος
705 2141 763 2177 ἔχει
787 2142 898 2178 χρείαν,

114 2179 233 2215 ἀρχικῆς
247 2181 294 2208 καὶ
314 2181 459 2218 ὲχέφρονος
473 2183 591 2218 διανοίας
600 2193 607 2202 ·
622 2186 739 2221 μάλιστα
753 2187 781 2214 δὲ
794 2189 852 2221 τοῖς
870 2190 899 2216 ἐν

961 949 1104 977 sollicitius
1119 949 1330 984 exquirendum.
1343 954 1435 977 utrum
1450 949 1514 978 inde
1527 950 1630 985 aliquid
1643 951 1686 978 vel
1694 952 1749 978 uti-

961 994 1056 1027 litatis,
1077 994 1121 1022 vel
1139 994 1320 1029 iucunditatis
1343 995 1532 1023 communitati
1546 995 1688 1023 hominum
1705 1004 1750 1024 ao-

960 1040 1093 1075 quiretur.
1110 1039 1188 1073 Quod
1214 1040 1236 1068 si
1253 1041 1454 1075 permolestum
1476 1041 1502 1068 id
1517 1041 1611 1073 fuerit.
1625 1050 1680 1069 non
1697 1047 1749 1075 est,

960 1085 1071 1120 opinor,
1082 1086 1203 1121 proclive
1226 1087 1358 1114 rationem
1384 1087 1531 1122 explicare,
1556 1091 1586 1115 ut
1604 1095 1686 1122 quam
1702 1095 1749 1122 op-

960 1129 1026 1157 time
1045 1130 1221 1165 transigatur.
1234 1130 1299 1164 Quae
1318 1131 1393 1158 enim
1401 1131 1576 1166 specialiores
1588 1138 1750 1161 consectan-

961 1178 1005 1201 tur
1026 1182 1117 1202 rerum
1140 1174 1295 1206 instantias,
1316 1183 1373 1202 non
1396 1180 1511 1210 possunt
1528 1181 1654 1204 accurate
1672 1184 1749 1205 com-

959 1219 1035 1247 muni
1058 1219 1175 1255 quodam
1199 1227 1326 1248 sermone
1346 1220 1488 1255 explicari.
1510 1228 1562 1248 nec
1580 1221 1700 1257 indagari
1715 1228 1749 1249 eo

959 1266 1005 1300 qui
1028 1266 1171 1294 recesserit
1200 1265 1307 1301 longius
1330 1265 1364 1293 ab
1389 1266 1528 1300 operibus.
1551 1266 1757 1295 Verumtamen-

958 1310 1004 1346 (ιιιί
1031 1319 1094 1339 cum
1119 1311 1199 1340 lauds
1217 1316 1342 1340 versatus
1363 1316 1405 1339 est
1418 1311 1444 1338 in
1463 1311 1619 1345 antedictis,
1633 1317 1661 1340 et
1675 1312 1747 1341 divi-

958 1363 1028 1383 num
1046 1355 1074 1383 in
1103 1363 1161 1384 rem
1188 1361 1351 1391 praesentem
1377 1356 1511 1384 auxilium
1534 1362 1634 1392 praesto
1654 1357 1758 1393 liabet,.

958 1409 1082 1438 magnam
1094 1401 1251 1430 fawltatem
1267 1402 1410 1430 aﬂ‘eretad
1426 1402 1492 1430 illud
1503 1403 1699 1439 peragendum.

993 1447 1056 1474 115.
1086 1447 1188 1480 Armis.
1213 1447 1383 1480 fortitudine,
1407 1448 1531 1476 exercitu
1554 1449 1651 1484 quovis
1675 1457 1744 1484 pra:-

956 1493 1135 1521 valentiorem
1156 1497 1187 1522 et
1199 1493 1508 1522 tutiorem‘subditorum
1525 1495 1746 1524 benevolentiam

957 1537 1100 1566 arbitrare.
1124 1537 1190 1566 Haec
1209 1538 1231 1566 si
1251 1539 1382 1572 adiuerit,
1396 1544 1424 1567 et
1443 1547 1539 1575 agmen
1560 1540 1678 1572 duxerit.
1700 1541 1759 1568 illa.

960 1588 1040 1611 erunt
1063 1584 1138 1612 utilia
1163 1594 1169 1613 :
1192 1584 1243 1613 ista
1263 1590 1355 1613 autem
1368 1585 1484 1619 sublata,
1500 1591 1643 1621 praestaret
1657 1591 1686 1615 et
1701 1587 1756 1615 illa.

960 1636 1069 1664 quoque
1090 1637 1144 1657 una
1166 1630 1233 1657 tolli.
1248 1629 1315 1657 Nam
1333 1631 1420 1658 multo
1436 1631 1521 1659 citius
1533 1637 1630 1660 contra
1642 1632 1748 1668 princi-

960 1682 1022 1709 pem
1036 1675 1164 1707 invisum.
1179 1684 1261 1711 quam
1282 1681 1377 1704 contra
1396 1676 1492 1705 hostes
1511 1678 1705 1706 movebuntur.

996 1781 1056 1809 IN.
1084 1781 1254 1809 Pluril‘ariam
1279 1783 1424 1810 consilium
1452 1783 1538 1812 hastis
1561 1784 1642 1815 cedit.
1657 1792 1753 1820 saepev-

958 1835 1072 1855 numero
1084 1828 1166 1855 etiam
1179 1833 1207 1856 et
1219 1829 1332 1856 rationis
1347 1829 1388 1856 vis
1404 1829 1466 1857 belli
1482 1830 1640 1865 procinctus
1663 1838 1744 1858 exor-

957 1873 1082 1909 citusque
1102 1875 1218 1902 hostiles
1236 1882 1349 1910 magnos
1368 1875 1450 1903 elusit
1465 1884 1473 1903 :
1495 1876 1552 1903 sint
1569 1884 1634 1912 ergo
1647 1884 1746 1905 manus

956 1926 1018 1946 cum
1048 1920 1168 1947 consilio
1193 1920 1316 1955 junctae,
1359 1921 1465 1956 duplexl
1491 1925 1634 1956 tropaeum.
1655 1921 1744 1950 Labo-

956 1972 1014 1992 rem
1031 1973 1094 2000 spes
1112 1965 1232 1998 roborat.
1254 1970 1282 1994 ct
1293 1973 1369 2001 spem
1387 1966 1495 1994 labores
1515 1967 1688 2003 progignunt.
1701 1967 1744 1995 Tu

956 2015 1047 2039 autem
1072 2012 1123 2040 nite
1145 2012 1229 2040 Deum
1248 2017 1405 2045 veneratus,
1423 2013 1478 2040 noli
1494 2012 1595 2047 aliquid
1617 2013 1759 2041 omittero~

955 2056 1027 2091 quod
1045 2057 1180 2092 agendum
1193 2062 1249 2091 est;
1266 2057 1304 2084 ita
1322 2064 1399 2092 spem
1414 2057 1464 2085 tibi
1477 2061 1566 2085 metes
1579 2061 1607 2084 et
1618 2065 1744 2093 magnam

954 2107 982 2130 et
998 2102 1127 2137 amplam.

989 2149 1049 2178 115.
1072 2148 1222 2176 Subvenire
1229 2149 1374 2184 cuiuslibet
1388 2149 1607 2182 necessitatibus,
1622 2149 1742 2177 animum

952 2194 1057 2230 regium
1077 2194 1156 2222 decet
1176 2199 1204 2222 et
1228 2195 1401 2230 prudentem,
1424 2199 1487 2222 ante
1505 2195 1573 2222 alios
1596 2196 1630 2222 iis
1645 2196 1692 2231 qui
1713 2195 1740 2223 in

115 2225 269 2260 συμφοραῖς
290 2226 477 2260 περιπεσοῦσιι
496 2228 574 2255 Μετὰ
587 2229 642 2265 γὰρ
663 2231 717 2258 τῶν
731 2231 830 2265 ἄλλων,
847 2234 896 2261 καὶ

962 2225 1123 2269 :alamitates
1143 2225 1307 2270 inciderunt.
1324 2241 1422 2269 Solent
1434 2241 1507 2269 enim
1521 2242 1571 2274 illi.
1584 2242 1619 2270 ad
1631 2247 1742 2275 caetera,

114 2270 278 2305 ἀείμνηστον
293 2274 435 2307 συντηρεῖν
450 2273 562 2301 είώθασι
576 2275 813 2312 τὴν-εὐεργεσίαν.

151 2317 218 2348 ρις¹.
244 2314 276 2341 Ἡ
290 2316 447 2351 εὐδαιμονία
460 2317 515 2344 τῶν
530 2319 710 2353 ὑπεξουσίων,
730 2324 819 2358 ἄκραν
832 2325 899 2352 ἀνα-

114 2358 245 2394 κηρύττει
260 2360 368 2387 σύνεσιν
384 2362 430 2388 καὶ
442 2363 616 2400 δικαιοσύνην
630 2365 681 2401 τῆς
694 2365 828 2400 ἐξουσίας.

150 2405 221 2440 ριξ..
229 2405 298 2440 Περὶ
307 2403 345 2433 ὧν
356 2405 389 2434 ἂν
400 2406 432 2434 εὖ
439 2408 554 2444 πράξῃς,
567 2410 622 2436 εῐτε
633 2411 662 2437 ἐν
675 2411 715 2446 τῷ
729 2412 821 2449 οἰκείῳ
837 2414 898 2450 βίῳ,

112 2452 169 2479 εἴτε
183 2453 212 2479 ἐν
227 2452 265 2489 τῷ
281 2454 362 2490 κοινῷ
380 2455 430 2490 τῆς
446 2455 594 2488 πολιτείας,
609 2457 648 2493 τῷ
666 2458 726 2495 Θεῷ
740 2461 899 2489 ἀνατιθέναι

112 2499 217 2527 δικαίου
238 2500 289 2536 τὴν
300 2502 399 2530 αίτίαν.
418 2502 497 2530 Οὖτω
506 2503 563 2539 γὰρ
575 2504 675 2539 μᾶλλόν
692 2514 722 2533 τε
736 2506 818 2534 αὐτὸν
836 2508 898 2535 ἐπί-

113 2546 305 2582 ηυροντέξεις,
328 2549 376 2575 καὶ
393 2549 520 2586 θεοφιλὴς
537 2547 607 2578 εἶναι
621 2551 716 2585 δόξεις,
732 2554 780 2580 καὶ
798 2554 899 2590 κοῦφον

113 2593 228 2621 σεαυτὸν
240 2593 287 2622 καὶ
300 2594 457 2627 ἀλαζονικὸν
467 2596 518 2623 οὐκ
530 2597 663 2631 ἐλέγξεις,
677 2600 725 2626 καὶ
739 2600 787 2627 τοῦ
799 2600 897 2635 φθόνου

111 2638 209 2672 δείξεις
225 2640 493 2677 περιτεθραυσμένας
507 2643 555 2675 τὰς
567 2644 686 2677 ἀκίδας.-

147 2738 211 2775 ριη¹.
232 2738 327 2765 Ταῦτά
348 2747 389 2765 σοι
411 2740 443 2766 ἐκ
458 2740 564 2768 πολλῶν
583 2742 662 2776 ὀλίγα
689 2739 728 2778 (ὦ
743 2743 798 2770 τῶν
822 2744 897 2780 ἐμῶν

111 2785 304 2820 πνευματικῶν
320 2785 424 2813 ὠδίνων
441 2786 549 2821 εὐγενὲς
566 2788 614 2814 καὶ
628 2789 739 2824 γνήσιον
754 2790 911 2828 γέννημα).

112 2830 161 2864 τῆς
183 2831 248 2865 περὶ
262 2830 292 2857 σὲ
306 2831 397 2866 φιλίας
415 2832 464 2858 καὶ
484 2832 632 2867 υἱοθεσίας,
649 2835 730 2862 οἱονεί
753 2845 815 2863 τινα
837 2837 897 2865 θεῖα

112 2875 262 2908 meum
285 2877 333 2905 καὶ
363 2877 466 2913 ἀρετῆς
485 2879 657 2915 ἀρχετύπους
679 2881 827 2918 ἀνατίθημι
849 2883 896 2910 πί-

951 2292 1080 2316 aeternam
1096 2287 1221 2315 beneﬁcii
1237 2287 1326 2315 collati
1341 2287 1499 2315 memoriam
1515 2295 1688 2316 conservare.

986 2333 1050 2360 116.
1069 2333 1246 2361 Subditorum
1263 2333 1380 2361 felicitas
1396 2340 1532 2360 summam
1548 2333 1682 2368 principis
1691 2334 1742 2362 de-

950 2380 1080 2415 praedicat
1096 2387 1158 2407 cum
1175 2379 1360 2415 prudentiam,
1374 2384 1430 2407 tum
1450 2379 1595 2415 justitiam.

985 2425 1046 2452 H7.
1074 2424 1130 2452 Deo
1154 2432 1262 2452 causam
1288 2425 1428 2452 ascribere
1449 2432 1557 2460 atquum
1581 2429 1624 2452 est
1645 2433 1741 2453 eorum

949 2478 1009 2506 qua:
1034 2479 1164 2506 prospere
1183 2471 1311 2506 gesseris,
1333 2478 1381 2498 seu
1395 2469 1423 2497 in
1440 2470 1554 2504 privata,
1570 2470 1629 2498 sive
1648 2470 1674 2497 in
1689 2479 1741 2506 pu—

949 2517 1019 2545 blica
1042 2517 1107 2544 vita.
1133 2516 1191 2544 Fiet
1215 2517 1288 2544 enim
1305 2517 1341 2544 ita
1358 2522 1386 2544 ut
1401 2517 1478 2544 illum
1495 2517 1596 2545 habeas
1612 2517 1742 2547 libentia-

949 2571 1007 2590 rcm
1022 2563 1223 2594 auxiliatorcm.
1241 2567 1268 2590 et
1287 2567 1317 2590 ut
1333 2563 1387 2590 Deo
1403 2563 1674 2592 dilectusvideatis:
1690 2573 1742 2592 nec

949 2608 1111 2644 redarguere
1130 2613 1157 2636 te
1175 2609 1320 2644 quisquam
1335 2608 1431 2643 possit,
1446 2609 1489 2636 vel
1503 2610 1623 2639 levitatis
1635 2611 1678 2638 vel
1693 2619 1740 2638 su-

949 2653 1133 2689 [πειθώμεθα
1147 2659 1174 2680 et
1191 2653 1300 2681 invidia:
1312 2654 1423 2690 quasvis
1442 2655 1516 2684 acies
1533 2660 1640 2683 retusas
1651 2660 1679 2683 et
1690 2664 1740 2686 au-

948 2699 1048 2726 fractas
1065 2699 1170 2727 reddes.

984 2746 1045 2773 118.
1067 2745 1130 2774 llaec
1145 2754 1160 2774 e
1181 2746 1275 2774 multis
1294 2755 1391 2782 pauca.
1418 2748 1491 2783 apud
1510 2752 1536 2775 te
1551 2748 1586 2783 (ο
1601 2753 1628 2776 tu
1645 2753 1742 2784 partus

949 2792 1001 2818 mei
1012 2792 1161 2826 spiritualis
1174 2800 1268 2820 verum
1278 2798 1306 2820 et
1320 2793 1468 2828 genuinum
1483 2794 1627 2829 gennema)
1643 2794 1739 2822 amici-

950 2837 995 2865 tiae.
1014 2843 1043 2865 et
1065 2838 1204 2866 ﬁliationis
1223 2844 1354 2875 tanquam
1370 2848 1386 2866 a
1402 2839 1458 2868 lico
1472 2840 1597 2874 qua'dam
1616 2841 1747 2876 symbolm

948 2888 976 2912 ct
1001 2884 1109 2914 virtutis
1132 2887 1237 2916 tabulas
1256 2887 1429 2922 archetypas,
1444 2886 1560 2923 depono,
1579 2892 1609 2916 ut
1621 2887 1750 2917 θυμικοὶ,
