1940 3087
195 147 248 179 695

765 142 898 173 ΡΠΟΤΙΙ
917 142 1169 172 PATRIARCH/E
1183 143 1238 173 (ΣΡ.

1761 141 1811 172 θοι

195 201 254 228 illas
275 200 369 228 oculos
392 199 572 231 converteris,
591 204 620 227 et.
638 203 664 226 te
682 198 716 226 ad
735 199 808 233 ipsas
826 198 979 225 conforma-

1032 204 1116 229 νακας
1129 205 1135 211 ·
1153 197 1195 228 εἰς
1209 196 1257 228 οὓς
1271 196 1392 232 ἀφορῶν,
1416 196 1466 224 καὶ
1484 196 1554 232 πρὸς
1565 195 1686 228 ἐκείνους
1702 195 1813 223 σεαυτὸν

192 246 267 274 veris
281 251 309 273 et
321 245 518 280 composueris,
536 252 592 272 non
610 244 753 272 difficulter
771 244 872 272 intueri
893 243 980 278 possis

194 296 223 319 et
245 291 481 325 animadvertere,
502 291 660 326 qualesnam
685 291 740 318 illa;
757 295 822 318 sunt
846 291 978 322 actiones,

194 344 256 372 qua:
279 336 306 363 in
329 336 421 363 animo
448 341 494 363 tuo
517 335 618 364 facient
636 336 856 372 puchritudinem
876 336 981 364 efﬂore—

194 389 286 414 scere;
303 389 417 417 quaeque
432 382 523 410 itidem
537 382 672 414 eamdem,
684 382 769 410 veluti
783 382 897 410 maculae
907 390 982 417 quae-

194 428 256 455 dam
276 433 304 455 et
325 429 431 460 sordes,
453 429 482 456 in
506 434 614 463 turpem
637 433 664 456 et
691 428 840 456 deformem
865 427 980 462 elligiem

193 474 282 502 solent
300 475 427 502 alterare.
448 475 510 504 lllas
522 475 587 503 dum
603 475 682 507 eluis,
698 475 747 502 bas
762 474 827 502 dum
844 473 979 504 inscribis,

193 520 337 556 imaginem
360 526 417 549 tute
435 526 519 550 temet
538 531 603 550 vere
625 523 713 550 vivam
727 526 755 549 et
773 522 898 549 eximiam
914 528 981 548 con-

192 567 358 596 versationis
381 569 532 596 secundum
557 569 642 597 Deum
664 568 796 596 ordinatae
810 567 952 595 exbibebis
972 575 979 593 ε

193 621 275 647 quam
293 617 320 641 et
334 621 384 649 ego
397 615 595 649 lubentissime,
607 620 634 643 et
647 615 685 651 pii
701 615 783 643 etiam
795 622 900 645 omnes.
917 620 980 640 cum

194 663 223 686 et
238 660 325 687 oculis
339 660 464 693 velimus,
477 665 535 688 tum
549 662 631 690 etiam
646 669 773 689 sermone
784 668 927 696 usurpare.
943 659 981 687 Ea

194 709 308 739 propter
323 713 419 734 manus
433 706 460 733 in
476 708 575 735 ccelum
590 708 750 739 extendens.
766 713 794 735 et
814 715 905 735 meum
917 714 980 742 erga

195 755 223 778 te
246 758 379 785 amorem.
399 752 506 781 labores
521 759 673 789 susceptos,
691 754 865 788 divinamque
882 753 981 781 exinde

1033 243 1208 277 σχηματίζων
1220 244 1267 269 καὶ
1281 243 1450 278 διαμορφῶν,
1467 243 1496 270 οὺ
1517 242 1644 278 χαλεπῶς
1659 242 1731 275 ἔξεις
1752 250 1813 269 συνο

1030 289 1109 324 ορᾷν,
1131 289 1203 322 τίνες
1218 298 1247 316 τε
1257 289 1312 316 τῶν
1333 289 1457 324 πράξεων
1481 290 1572 316 ἀνθεῖν
1585 289 1635 325 τὴν
1650 289 1679 315 ἐν
1694 289 1728 324 τῇ
1742 288 1812 323 ψυχῇ

1031 335 1290 370 παρασκευάζουσιν
1327 336 1496 371 ὡραιότητα,
1532 336 1581 362 καὶ
1613 334 1686 366 τίνες
1712 333 1812 368 αὐτὴν,

1030 382 1126 418 ὥσπερ
1138 382 1228 409 σπῖλοι
1239 382 1286 408 καὶ
1297 382 1412 417 ῥυτῑδες,
1422 383 1462 413 εἰς
1473 381 1589 416 αἰσχρὰν
1600 380 1661 415 δψιν
1674 381 1721 407 καὶ
1730 380 1814 415 ἀσχή-

1032 436 1102 461 μονα
1118 427 1377 463 μετασκευάζουσιν.
1390 424 1441 454 Ὧν
1453 427 1503 459 τὰς
1519 427 1569 462 μὲν
1584 426 1752 460 ἀπαλείφων,
1767 425 1815 457 τὰς

1028 473 1060 499 δὲ
1080 473 1295 508 ὲγγραφόμενος,
1321 473 1453 508 ἔμψυχον,
1472 473 1509 504 ὼς
1523 472 1641 507 ἀληθῶς,
1659 472 1707 499 καὶ
1721 471 1814 498 κάλλι-

1033 529 1094 547 στον
1105 520 1246 554 θεοφιλοῦς
1260 519 1399 551 πολιτείας
1411 519 1521 546 σεαυτὸν
1537 518 1682 551 ἐπιδείξεις
1695 517 1815 553 ἄγαλμα,

1031 567 1079 595 καὶ
1108 567 1218 601 ἥδιστον
1242 567 1305 601 ἐμοὶ
1323 566 1372 593 καὶ
1395 567 1478 594 πᾶσιν
1502 566 1627 593 εὐσεϐέσι
1648 565 1695 592 καὶ
1727 565 1817 600 θέαμα

1031 615 1080 640 καὶ
1102 613 1235 648 διήγημα.
1258 613 1298 639 Δι’
1321 613 1336 639 ὃ
1358 613 1406 640 καὶ
1430 612 1480 644 τὰς
1501 613 1596 648 χεῖρας
1619 613 1659 644 εἰς
1684 611 1816 647 οὐρανοὺς

1031 660 1202 693 ὲξαπλώσας,
1225 659 1274 686 καὶ
1289 658 1338 694 τὴν
1350 658 1416 694 περὶ
1429 658 1459 685 σὲ
1477 659 1594 694 στοργὴν
1607 658 1657 685 καὶ
1669 658 1715 685 τὸν
1726 659 1815 690 πόνον,

1032 705 1081 733 καὶ
1108 706 1158 740 τὴν
1177 706 1217 737 εἰς
1236 705 1302 732 Θεὸν
1320 704 1528 740 ἀναφερομένην
1546 705 1636 738 δόξαν.
1653 704 1711 730 ἀνθ’
1728 705 1818 739 ἱκετη-

1034 751 1094 787 ρίας
1106 752 1181 787 αὐτῷ
1191 752 1347 788 προτείνας,
1361 750 1513 786 ὲπεύχομαί
1526 759 1566 783 σε,
1579 750 1632 777 τῶν
1643 750 1759 778 ἐλπίδων
1771 751 1818 777 καὶ

193 797 374 825 resultantem
391 799 504 834 gloriam
521 800 680 835 suppliciter
699 801 755 828 Deo
770 800 898 832 oll'erens,
913 799 981 827 votis

1033 798 1222 834 παραινέσεων
1237 798 1357 834 ἐργάτην
1375 796 1486 832 δόκιμον
1498 818 1505 830 ,
1525 797 1573 823 καὶ
1593 797 1689 823 πιστὸν
1709 797 1818 831 φύλακα

194 843 321 871 omnibus
338 845 457 879 postulo,
474 850 504 873 ut
515 846 665 873 secundum
679 854 742 881 spes
753 846 787 874 de
798 850 825 873 te
835 849 981 880 conceptas

194 896 277 923 opere
291 889 351 924 ipso
363 890 515 926 adimpleas
529 891 730 919 admonitiones
740 896 859 924 nostras,
871 897 899 919 et
913 892 981 920 ﬁde-

194 933 257 960 liter
279 935 388 962 easdem
410 935 558 968 custodias,
582 937 620 964 ita
636 940 666 964 ut
682 944 730 972 per
742 938 849 972 species
862 937 982 973 singulas

194 979 385 1014 pmclarorum
408 989 523 1016 operum
549 982 663 1010 illustris
683 987 711 1010 et
723 982 859 1010 excellens
872 983 982 1018 conspi-

193 1025 288 1053 ciare:
316 1030 346 1054 ut
366 1027 511 1062 prudentia
530 1035 636 1056 summa
657 1028 769 1064 polleas,
792 1029 921 1057 memoria
934 1037 981 1057 va-

194 1072 260 1105 leas,
286 1072 336 1100 {ias
364 1073 456 1101 suavis
480 1074 573 1108 aifatu,
596 1075 718 1103 moribus
732 1076 851 1109 suavior,
868 1084 981 1112 congre-

194 1117 331 1146 dientibus
355 1119 491 1152 amabilis,
517 1119 603 1155 magis
624 1120 714 1148 adhuc
731 1125 823 1149 autem
837 1122 981 1150 comitibus

192 1167 221 1190 et
240 1163 335 1192 amicis
355 1172 362 1191 :
387 1168 416 1192 ut
438 1165 472 1192 de
491 1172 520 1192 re
535 1166 661 1200 praesenti
677 1173 846 1202 quaecunque
862 1167 981 1202 pruden-

194 1214 236 1237 ter
266 1210 357 1238 valeas
377 1215 514 1243 statuere,
540 1211 683 1245 ordinare,
709 1217 737 1240 et
757 1212 876 1241 futurum
903 1217 982 1241 acute

194 1255 350 1290 prospicere
368 1265 375 1283 :
396 1260 492 1284 cautus
508 1256 541 1284 ad
561 1257 781 1291 custodiendum,
796 1263 939 1294 promptus
954 1263 982 1286 et

192 1301 335 1336 expeditus
361 1301 395 1329 ad
420 1310 464 1330 res
484 1310 596 1338 magnas
620 1303 841 1339 aggrediendum,
857 1304 982 1331 easdem-

193 1355 247 1382 que
275 1352 478 1375 eonsummatas
505 1349 593 1382 possis
613 1353 641 1376 et
661 1349 756 1376 eodem
778 1354 850 1377 statu
872 1357 982 1377 conser-

196 1394 260 1421 var’e
284 1403 291 1420 :
313 1399 343 1421 ut
366 1395 437 1429 quod
466 1402 482 1422 c
505 1402 534 1422 re
557 1399 602 1422 tua
626 1395 726 1428 fuerit,
749 1395 870 1423 studiose
891 1396 981 1423 occul-

193 1444 253 1472 tes,
281 1447 332 1468 nec
355 1439 466 1467 latebris
489 1440 642 1472 extrahare,
669 1441 717 1468 sed
744 1441 929 1476 speculatores
953 1446 981 1469 et

194 1487 249 1514 vim
277 1487 396 1515 facturos
420 1488 620 1524 discooperias:
641 1490 679 1517 sis
698 1489 826 1517 terribilis
843 1490 977 1524 hostibus,
995 1485 1017 1514 ο

195 1533 311 1561 subditis
328 1534 526 1568 desiderabitis,
544 1535 616 1570 apud
630 1541 758 1571 utrosque
772 1536 874 1565 habeas
890 1542 918 1565 et
934 1546 983 1565 ve-

195 1580 365 1608 nerationem
393 1586 420 1609 et
443 1583 651 1610 admirationem
678 1594 684 1611 :
710 1584 865 1619 voluptates
889 1585 983 1613 vincas

196 1627 385 1662 temperantia,
402 1628 450 1656 ira:
462 1629 612 1658 dominere.
626 1629 669 1657 Sis
680 1630 785 1658 amicus
796 1632 983 1658 mansuetudi-

196 1673 249 1706 nis,
277 1674 350 1702 celer
373 1675 403 1702 in
424 1675 530 1711 justitia
554 1676 720 1712 indaganda,
744 1677 929 1711 impartiarius
955 1677 982 1704 in

195 1720 393 1754 distribuendo,
408 1727 536 1750 constans
564 1723 710 1756 sententia,
732 1723 875 1758 promissis
901 1722 981 1756 ﬁdus,

196 1773 328 1800 generoso
342 1766 434 1794 animo
450 1767 477 1794 in
495 1768 654 1801 terroribus,
668 1768 844 1796 meticulosus
858 1768 891 1796 ad
902 1776 983 1795 omne

195 1817 289 1840 contra
300 1813 392 1848 leges:
406 1813 461 1842 noli
475 1815 627 1842 socordiam
640 1816 683 1842 vei
698 1816 885 1844 remissionem
899 1815 982 1843 animi

195 1859 314 1894 aliquam
338 1860 466 1895 praeferre
480 1861 619 1889 laboribus
635 1866 663 1890 et
674 1863 814 1897 patientiae
827 1863 908 1897 justis
924 1873 930 1890 :
945 1863 983 1891 sis

196 1906 230 1933 ad
238 1906 463 1935 benefaciendum
475 1913 630 1943 promptus.
641 1909 735 1936 tardus
745 1910 780 1936 ad
797 1910 977 1944 puniendum,

196 1957 302 1979 amator
317 1953 664 1987 amicitiae,inimieitiarum
680 1955 776 1988 hostis,
789 1955 984 1984 misericordiae

196 1997 258 2026 fons
273 2007 280 2025 :
295 1999 451 2033 opinionem
461 2001 495 2027 de
507 2005 534 2028 te
548 2008 671 2036 magnam
688 2009 724 2028 ne
734 2002 984 2036 concipias,humi-

196 2044 271 2072 litate
280 2049 306 2072 te
315 2045 447 2073 minorem
459 2046 561 2081 iudica,
572 2047 684 2074 divitias
704 2052 862 2080 contemne,
881 2056 984 2084 paupe—

195 2090 272 2118 ribus
282 2091 436 2122 auxiliator.
444 2092 585 2120 veritatem
596 2093 687 2125 colito,
700 2093 788 2121 fmdus
795 2102 856 2122 cum
870 2095 983 2123 menda-

195 2137 274 2164 cibus
283 2137 362 2165 t'erire
374 2138 429 2164 noli
446 2147 453 2164 :
469 2146 504 2165 ne
511 2138 646 2174 dejiciaris
656 2140 757 2171 animo.
768 2140 789 2167 si
803 2141 914 2176 gloriam
928 2148 982 2169 non

194 2183 348 2219 assequaris
355 2192 362 2216 ;
370 2184 411 2211 sin
419 2189 508 2212 autem
517 2185 680 2220 assequeris,
688 2186 743 2213 noli
750 2187 845 2215 elatior
851 2195 911 2215 esse
919 2197 926 2215 τ
934 2188 983 2215 lin-

194 2237 274 2265 guam
282 2238 390 2262 coerce,
400 2238 481 2258 aures
487 2231 604 2264 custodi,
615 2232 696 2260 tactui
709 2237 736 2260 et
743 2233 848 2261 caeteris
857 2234 982 2262 sensibus

195 2278 351 2304 moderator
362 2277 473 2305 assistas
485 2286 539 2306 non
547 2278 738 2312 dimovendus,
751 2280 870 2314 passioni
880 2280 945 2307 nulli
956 2285 982 2307 te

194 2322 295 2350 victum
310 2323 395 2356 trade,
405 2332 455 2351 nec
468 2325 607 2360 prurigine
620 2325 742 2353 or'exium
755 2326 929 2354 delinitussis
939 2335 946 2353 :
955 2330 984 2354 et

193 2374 223 2396 ut
240 2378 295 2397 uno
310 2371 394 2398 verbo
406 2371 573 2405 complectar
588 2371 691 2405 omnia,
705 2373 857 2408 omnigenae
871 2372 979 2400 virtutis

192 2420 220 2442 et
236 2417 344 2450 pietatis
362 2421 388 2444 te
412 2417 551 2452 exemplar
566 2417 665 2445 exhibe
691 2421 719 2444 et
739 2418 972 2453 delineationem;

192 2470 282 2497 neque
298 2463 352 2490 tuis
368 2464 455 2491 solum
475 2464 601 2498 subditis,
618 2465 665 2492 sed
683 2465 812 2493 universo
825 2466 979 2494 mortalium

1032 844 1175 880 γενέσθαυ
1195 844 1243 871 καὶ
1259 843 1318 879 εἴης
1346 852 1391 878 μοι
1407 844 1441 870 δι’
1459 843 1569 878 ἁπάσης
1591 843 1663 874 ιδέας
1677 844 1817 879 κατορθω-

1034 891 1127 926 μάτων
1146 890 1283 926 ἐπίσημος
1306 891 1354 917 καὶ
1373 889 1565 925 περίῦλεπτος,
1587 890 1672 926 ἄκρος
1692 890 1742 925 μὲν
1756 889 1819 916 σύν-

1032 946 1089 965 εσιν
1098 958 1106 972 ,
1122 938 1234 973 μνήμην
1249 937 1271 963 δ’
1281 936 1408 971 ἀσφαλής
1418 943 1426 949 ”
1442 935 1506 971 ἡδὺς
1522 937 1551 963 ὲν
1564 935 1670 970 λόγοις·
1683 936 1743 967 τοὺς
1755 935 1819 970 τρό-

1032 993 1100 1017 πους
1114 984 1241 1020 ὴδὺτερος
1250 992 1258 1000 ·
1272 984 1405 1020 ἐράσμιος
1419 984 1542 1019 ἐντυχεῖν
1551 992 1558 998 ·
1573 984 1629 1015 τοῖς
1643 984 1687 1010 ἀεὶ
1706 982 1819 1010 ἐποῦσιν

1031 1030 1235 1066 ἐρασμιώτερος
1246 1037 1254 1044 ·
1270 1030 1417 1065 κράτιστος
1430 1029 1460 1055 τὸ
1471 1029 1558 1064 παρὸν
1571 1030 1673 1063 κρῖναι,
1689 1028 1736 1055 καὶ
1748 1029 1818 1062 ἀγα-

1031 1079 1090 1113 γεῖν
1108 1078 1149 1110 εἰς
1171 1077 1308 1109 διάταξιν·
1330 1076 1393 1108 ὀξὺς
1407 1076 1438 1102 τδ
1461 1075 1558 1110 μέλλον
1574 1075 1653 1102 ἰδεῖν·
1675 1074 1819 1110 προμηθὴς

1033 1124 1222 1159 φυλάξασθαιο
1250 1124 1358 1159 ἕτοιμος
1387 1122 1507 1158 μεγάλας
1535 1121 1724 1157 αὐτουργῆσαι
1746 1121 1819 1157 πρά-

1033 1171 1106 1205 ξεις·
1143 1170 1316 1206 ἑτοιμότερος
1346 1170 1378 1197 τὸ
1416 1168 1589 1204 κατορθωθὲν
1624 1167 1818 1196 διασώσασθαι·

1031 1218 1118 1250 δεινὸς
1132 1218 1181 1253 μὲν
1198 1217 1229 1244 τὸ
1251 1216 1390 1252 συμφέρον
1406 1215 1548 1250 κρύπτειν,
1565 1214 1697 1250 κρείττων
1712 1215 1741 1241 δὲ
1755 1214 1819 1242 λαν-

1033 1265 1139 1297 θάνειν,
1154 1264 1303 1299 δεινότερος
1321 1264 1350 1289 δὲ
1367 1263 1494 1298 φωρᾶσαι
1513 1262 1576 1292 τοὺς
1598 1261 1818 1297 ὲπηρεάζοντας·

1033 1309 1148 1345 φοϐερὸς
1171 1309 1220 1344 μὲν
1237 1309 1293 1340 τοῖς
1317 1307 1474 1342 πολεμίοις·
1496 1305 1619 1338 ποθεινὸς
1633 1305 1661 1332 δὲ
1688 1306 1745 1338 τοῖς
1765 1306 1820 1332 ὑπ-

1032 1355 1125 1392 ηκόοις
1136 1363 1143 1369 ·
1162 1356 1262 1390 ἀμφοῖν
1276 1354 1303 1380 δὲ
1317 1353 1405 1385 κοινὸς
1419 1352 1448 1379 τὸ
1467 1352 1601 1378 αἰδεῖσθαι
1617 1352 1663 1378 καὶ
1679 1350 1820 1385 Θαυμάζε-

1033 1402 1097 1428 σθαι
1110 1410 1118 1418 ·
1135 1401 1266 1436 κρείττων
1279 1399 1380 1435 ἡδονῶν
1390 1407 1398 1415 ”
1419 1399 1508 1434 ἥττων
1524 1397 1701 1433 σωφροσύνης
1713 1404 1720 1411 ⁸
1735 1397 1822 1431 ὀργῆς

1033 1449 1128 1484 κύριος
1138 1455 1145 1463 ·
1159 1447 1311 1482 πραότητος
1323 1445 1399 1480 φίλος
1408 1453 1415 1460 ·
1429 1445 1512 1480 ταχὺς
1524 1444 1655 1479 θηρεῦσαι
1666 1444 1696 1470 τὸ
1706 1444 1821 1478 δίκαιον,

1034 1494 1183 1524 ἀδέκαστος
1207 1493 1359 1527 διανεῖμαι·
1375 1491 1489 1526 γνώμην
1512 1491 1658 1523 εὐσταθὴς·
1671 1491 1732 1521 ταῖς
1751 1490 1823 1516 ὑπο-

1035 1541 1142 1576 σχέσεσι
1165 1539 1270 1574 βέὸαιος
1281 1546 1287 1554 '
1302 1539 1424 1573 γενναῖος
1441 1537 1471 1563 ὲν
1491 1536 1585 1571 φόϐοις
1595 1546 1603 1554 ·
1620 1536 1737 1571 ἄτολμος
1750 1535 1823 1571 πρὸς

1035 1587 1125 1614 πᾶσαν
1140 1584 1315 1619 παρανομίαν
1327 1603 1334 1615 ,
1353 1583 1402 1610 καὶ
1421 1582 1557 1617 μηδεμίαν
1571 1581 1711 1617 ῥᾳστώνην
1723 1589 1823 1616 καρτε-

1035 1632 1096 1668 ρίας
1108 1631 1155 1658 καὶ
1167 1631 1257 1658 καλῶν
1274 1630 1362 1657 πόνων
1378 1629 1628 1663 ἀπαλλασσόμενος
1639 1635 1645 1642 ⁸
1664 1627 1822 1661 εὐεργετεῖν

1034 1678 1192 1714 πρόθυμος’
1230 1677 1356 1709 κολάζειν
1387 1675 1520 1710 όκνηρόςυ
1558 1674 1647 1709 φιλίας
1679 1674 1819 1708 ἐραστής·

1025 1725 1134 1761 -εχθρας
1157 1723 1302 1759 πολέμιος·
1324 1723 1417 1754 ἐλέους
1441 1722 1536 1756 πηγήν
1560 1721 1675 1755 οἰήσεως
1700 1717 1822 1755 μείζωνο

1033 1770 1285 1806 ταπεινοφροσύνης
1311 1768 1524 1803 ἐλαττούμενος·
1548 1766 1706 1803 ὑπερόπτης
1736 1765 1822 1792 πλού-

1032 1827 1079 1845 του
1091 1826 1098 1834 ·
1117 1818 1211 1848 πενίας
1229 1816 1374 1850 ἐπίκουρος
1385 1823 1392 1831 ο
1409 1815 1539 1850 ἀλήθειαν
1555 1813 1660 1848 τιμῶν·
1673 1812 1766 1848 ψεύδει
1783 1811 1823 1848 μὴ

1034 1865 1231 1899 σπενδόμενος·
1252 1862 1435 1892 ἀταπείνωτος
1464 1860 1514 1887 οὐκ
1532 1858 1694 1894 εὐδοκιμῶν,
1716 1857 1825 1884 εὐδοκι-

1035 1912 1093 1947 μῶν
1121 1911 1151 1937 se
1181 1910 1212 1937 οὐ
1240 1909 1440 1944 φυσιούμενος·
1465 1905 1592 1941 γλώσσης
1623 1905 1823 1940 αὐτοκράτωρ

1033 1959 1120 1993 ἀκοῆς
1149 1956 1256 1992 φύλαξ)
1283 1955 1373 1990 ἁφῆς,
1400 1953 1450 1981 καὶ
1474 1954 1523 1989 τῆς
1540 1952 1623 1986 ἄλλης
1648 1951 1822 1986 αἰσθήσεως,

1033 2003 1210 2038 ἀδυσώπητος
1231 2001 1397 2036 ἐπιστάτης,
1414 1999 1461 2026 καὶ
1487 1998 1583 2034 μηδενὶ
1599 1997 1681 2025 πάθει
1703 1996 1825 2028 ἐνδιδοὺς

1035 2051 1103 2087 μηδὲ
1121 2051 1178 2081 τοῖς
1192 2048 1348 2083 ἐρεθισμοῖς
1363 2045 1529 2081 κηλούμενος
1547 2044 1602 2071 τῶν
1616 2043 1733 2079 ὀρέξεων
1744 2050 1752 2058 ·
1772 2042 1827 2069 καὶ

1035 2098 1147 2132 σύμπαν
1167 2095 1264 2126 εἰπεῖν,
1289 2094 1348 2129 εἴης
1374 2101 1419 2128 μοι
1439 2091 1530 2127 πάσης
1548 2090 1649 2126 ἀρετῆς
1675 2089 1724 2115 κα)⁹
1742 2089 1828 2115 εὐσε-

998 2157 1022 2187 D
1036 2143 1122 2175 ὗείας,
1140 2141 1170 2168 οὺ
1184 2142 1241 2173 τοῖς
1257 2139 1310 2166 ὑπὸ
1324 2139 1355 2166 σὲ
1372 2139 1452 2174 μόνον
1465 2136 1652 2187 Δὑπογραμμρς
1666 2136 1715 2187 καὶΖ
1728 2135 1826 2187 παρά-

1035 2190 1145 2223 δειγμα,
1160 2186 1228 2214 άλλά
1242 2186 1289 2213 καὶ
1305 2185 1345 2220 τῷ
1364 2184 1434 2220 μετὰ
1448 2183 1478 2210 σὲ
1500 2183 1582 2210 παντὶ
1596 2183 1650 2209 τῶν
1669 2181 1826 2217 ἀνθρώπων

1035 2235 1120 2270 γένει,
1133 2232 1204 2268 καλὴ
1218 2232 1264 2259 καὶ
1278 2231 1393 2268 μεγάλη,
1406 2230 1453 2256 καὶ
1466 2229 1535 2257 καλὰ
1547 2229 1594 2256 καὶ
1607 2227 1713 2263 μεγάλα
1724 2235 1829 2262 κατερ-

1036 2281 1187 2316 γαζομένη,
1216 2278 1388 2314 παραίνεσις.
1404 2277 1444 2303 Δι’
1460 2277 1478 2303 ἃ
1491 2285 1531 2302 σοι
1545 2275 1660 2310 μάλιστα
1673 2275 1718 2302 καὶ
1734 2275 1751 2309 ή
1767 2273 1829 2301 τῶν

1036 2326 1161 2363 οὐρανῶν
1182 2325 1368 2362 ἀνέκφρασ-τος
1382 2323 1430 2350 καὶ
1446 2323 1531 2354 ἀΐδιος
1547 2321 1682 2357 βασιλεία.
1699 2322 1738 2352 εἰς
1755 2320 1828 2356 κλῆ-

1038 2383 1083 2409 ρον
1098 2372 1297 2407 ἀναφαίρετον,
1313 2369 1361 2397 καὶ
1375 2369 1584 2404 κατασκήνωσιν
1602 2367 1740 2403 ἀδιάδοχον
1750 2388 1757 2400 ,
1774 2367 1830 2394 καὶ

1035 2419 1165 2457 ὑπερφυῆ
1178 2419 1224 2446 καὶ
1233 2418 1307 2445 θείαν
1320 2415 1436 2452 τρυφὴν,
1450 2415 1497 2442 καὶ
1510 2415 1661 2442 ἀπόλαυσιν
1673 2414 1710 2449 μὴ
1722 2413 1830 2448 λυομέο

1035 2476 1095 2503 νην,
1110 2464 1359 2502 παρασχεθὴσεται.

193 2509 297 2545 generi,
319 2510 365 2544 qui
382 2511 426 2540 vel
441 2516 502 2546 post
522 2516 548 2539 te
561 2511 646 2538 futuri
663 2516 736 2544 sunt,
755 2517 786 2539 ut
800 2519 891 2540 rerum
904 2522 1063 2549 magnarum
1088 2517 1116 2540 et
1133 2511 1260 2547 praeclare
1280 2509 1459 2546 gerendarum
1487 2508 1607 2536 habeant
1626 2512 1652 2535 te
1683 2506 1829 2542 egregium

193 2556 403 2584 admonitorem.
425 2558 464 2585 Ita
486 2563 577 2586 autem
607 2558 655 2586 tibi
677 2567 789 2594 regnum
812 2559 878 2587 illud
900 2560 1032 2588 caelorum
1052 2560 1080 2587 in
1095 2564 1227 2586 aeternum
1245 2561 1272 2585 et
1307 2556 1507 2592 inexplicabile,
1538 2555 1566 2582 in
1599 2558 1701 2583 sortem
1736 2554 1831 2580 lim-e-

193 2604 287 2632 ditatis
311 2605 384 2632 haud
402 2605 567 2638 auferendae,
585 2607 612 2634 in
646 2607 853 2635 tabernaculum
885 2608 944 2635 sine
977 2615 1137 2636 successore
1163 2604 1372 2641 possidendum,
1399 2604 1426 2631 in
1455 2603 1623 2639 voluptatem
1647 2607 1674 2630 et
1694 2601 1831 2637 gaudium

194 2659 278 2688 supra
300 2658 437 2687 naturam,
452 2654 586 2689 planeque
601 2654 734 2686 divinum.
749 2655 822 2682 nulla
837 2663 892 2682 non
906 2655 1058 2683 aeternitate
1072 2653 1269 2688 perimendum
1298 2650 1473 2680 concedetur.
