1940 3087
128 153 178 184 697
528 171 532 175 Α
724 148 994 179 EPISTOLARUM
1010 149 1126 179 LIBER
1140 143 1162 179 1‘.
1694 149 1747 181 608

671 247 839 278 ANGELO
869 247 949 279 MAI
980 246 1182 278 MUNITUM

126 321 165 349 De
183 321 283 348 duabus
308 321 424 356 epistolis
447 321 610 357 sequentibus
629 321 717 349 Photu'
738 322 896 357 patriarcha:
911 322 946 348 ad
966 321 1126 348 Zachariam
1141 321 1324 348 Armeniorum
1338 319 1521 354 patriarcham
1535 325 1559 345 et
1574 318 1609 344 ad
1623 317 1745 344 Asutinm

180 366 295 401 ejusdem
311 366 394 401 gentis
407 366 561 400 principem,
578 371 602 393 et
617 366 648 393 de
662 366 743 393 variis
755 366 824 392 inter
838 365 941 392 Grazcol
957 369 981 392 et
997 365 1134 392 Armenios
1145 372 1192 399 pro
1205 364 1326 398 religiosa
1348 362 1488 389 concordia
1503 361 1670 388 tractatibus.

161 433 187 459 1.
211 431 248 460 Ut
267 431 356 460 Photii
377 433 444 460 duas
463 434 497 460 ad
521 433 680 462 Zachariam
702 433 894 461 Armeniorum
916 432 1109 468 patriarcham,
1123 436 1202 467 atque
1216 431 1249 459 ad
1262 431 1386 458 Asutium
1404 418 1526 464 ejusdem
1544 428 1631 463 gemis
1646 435 1744 461 supre-

125 484 201 504 mum
220 477 370 511 principem
391 477 519 512 epistolas
542 477 568 505 in
587 478 639 505 hoc
654 478 792 505 volumine
811 477 988 512 divulgarem,
1011 484 1092 503 causa
1112 476 1179 503 mihi
1201 475 1303 502 Nicolai
1321 474 1424 510 mystici
1438 473 1552 508 epistola
1570 471 1619 498 159
1635 471 1696 503 fuit,
1716 471 1744 497 in

125 528 179 555 qua
208 521 236 547 hi
257 520 347 547 Pltotii
369 528 431 547 cum
457 520 594 548 Armeniis
617 524 759 552 tractatus,
790 525 821 548 ut
841 521 971 552 vidimus,
986 525 1242 548 commemorantur.
1262 519 1390 553 Epistulae
1409 517 1519 551 quidem
1534 516 1566 542 ad
1584 515 1744 542 Zachariam

126 564 202 590 testis
228 569 270 591 est
288 564 371 592 etiam
396 564 505 592 Samuel
521 564 659 596 Aniensis,
687 572 702 591 a
725 572 768 591 me
794 565 858 592 olim
880 569 908 592 et
929 572 945 592 a
968 565 1004 593 cl.
1026 565 1152 593 Zohrabo
1173 563 1316 592 Mediolani
1340 563 1441 593 editus,
1457 562 1484 588 iu
1500 569 1549 588 suo
1562 560 1692 588 Chronico
1710 561 1745 587 ad

124 607 226 634 Christi
240 616 342 635 annum
359 608 411 636 878
428 609 470 636 his
485 609 576 636 verbis
590 617 596 635 :
613 608 838 643 Constantinopoli
857 609 1010 643 patriarcha
1027 614 1083 636 erat
1099 609 1219 641 Pliotius,
1237 609 1281 643 qui
1294 615 1376 642 nuper
1391 607 1426 634 ad
1445 606 1607 632 Zachariam
1623 605 1745 639 patriar-

125 651 201 678 citant
223 657 339 679 nostrum
353 653 475 679 consortii
488 652 596 679 ineundi
609 661 688 679 causa
699 652 836 688 epistolam
850 653 1001 688 scripserat.
1018 653 1079 686 Quo
1091 654 1154 690 loco.
1163 661 1213 680 nos
1229 652 1348 679 editores
1363 650 1552 678 adnotavimus
1569 657 1575 675 :
1593 651 1646 676 [nec
1658 649 1745 675 Pltotii

123 697 227 730 prolixa
238 697 347 730 epistola
359 702 443 724 uetat
456 698 483 724 in
499 698 627 725 codicibus
636 698 796 725 Armeniaris
809 698 910 733 collegii
921 698 1008 725 Veneti
1021 697 1112 725 Sancti
1123 697 1220 724 Lazari
1230 697 1278 731 (l).
1290 696 1328 723 De
1341 696 1425 722 altera
1438 702 1503 722 vero
1516 697 1744 727 contemporanea

124 740 213 767 l’hotii
241 741 356 776 epistola
378 741 412 770 ad
432 742 557 769 Asutium
577 742 742 777 principem,
768 742 851 770 verba
866 742 932 769 facit
954 743 1098 778 Serposius
1115 741 1207 777 Camp.
1226 742 1286 768 hist.
1311 745 1330 769 t.
1354 740 1386 772 ll,
1400 748 1427 775 p.
1444 739 1488 767 44.
1506 738 1562 766 Hoc
1580 746 1629 772 ego
1645 738 1743 773 triplici

125 786 282 813 testimonio
307 787 463 814 admonitus
491 786 606 820 Nicolai,
628 788 772 820 Samuelis,
792 792 873 823 atque
888 787 1020 822 Serposii,
1036 787 1070 814 de
1087 785 1214 814 Photiani
1232 785 1372 819 utriusque
1387 784 1482 818 scripti
1507 791 1561 810 non
1583 781 1743 809 exsistcntia

124 831 223 862 solum,
241 838 336 858 verum
349 831 443 864 etiam,
460 832 488 858 in
500 832 588 858 aliena
606 832 700 860 saltem
714 832 816 867 lingua,
832 831 1039 859 conservatione
1054 830 1165 866 (etenim
1182 829 1275 857 Graece
1293 836 1380 862 neque
1395 828 1421 854 in
1435 826 1593 854 Montacutii
1607 826 1741 860 epistola-

124 881 185 900 rum
209 873 299 900 Photii
323 873 442 901 editione
463 874 505 901 hae
521 873 582 901 duae
606 874 742 910 leguntur,
758 883 846 910 neque
859 883 874 902 a
888 883 930 903 me
947 875 975 902 in
992 874 1139 902 Hellenicis
1153 881 1273 909 unquam
1292 872 1432 899 codicibus
1446 871 1597 898 observans
1615 870 1737 905 fuerunt)

123 917 215 952 rogavi
233 917 291 944 RR.
315 917 409 944 Patres
424 917 633 950 Mechitaristas,
656 923 686 945 ut
698 918 720 945 si
736 919 858 953 ipsorum
869 919 1012 947 commodo
1025 926 1057 946 ac
1071 918 1149 945 lihito
1164 917 1223 944 ﬁeri
1236 921 1339 952 posset.
1356 915 1504 942 Photianas
1519 921 1624 941 mecum
1639 913 1743 948 episto-

122 961 162 988 las
188 961 424 990 communicarent
443 970 450 988 :
473 962 555 997 hique
578 966 680 990 tantam
702 970 757 997 pra:
773 970 802 990 se
821 963 943 991 tulerunt
959 963 1164 998 benignitatem,
1183 965 1214 988 ut
1230 960 1338 987 illarum
1353 959 1446 986 statim
1467 957 1664 993 apographum,
1679 964 1742 984 cum

122 1003 214 1032 Italica
234 1005 264 1031 Ρ.
284 1004 402 1033 Eduardi
426 1005 572 1038 Hormutii,
594 1006 715 1042 perdocti
738 1006 791 1033 viri
810 1007 931 1042 mihique
953 1006 1122 1037 amicissimi,
1144 1003 1372 1038 interpretatione
1392 1002 1524 1029 utendum
1544 1000 1740 1028 concesserint.

122 1047 181 1081 Quo
203 1054 315 1083 accepto
341 1057 465 1082 munere,
480 1050 555 1076 nolui
573 1050 699 1085 equidem
713 1050 886 1078 occasionem
900 1050 1029 1078 omittere
1046 1049 1167 1077 sociandi
1184 1048 1311 1075 Photium
1324 1055 1387 1075 cum
1403 1046 1525 1078 Nicolao,
1540 1045 1586 1080 qui
1600 1044 1742 1071 lamiliaris

121 1092 182 1127 ejus
195 1097 223 1120 et
242 1092 379 1120 cathedrxe
393 1101 535 1121 successor
548 1094 599 1121 fuit
616 1094 762 1128 :quodque
780 1096 864 1130 magis
884 1086 1006 1126 interest,
1026 1093 1120 1129 gestivi
1136 1093 1271 1128 protinus,
1290 1099 1389 1119 novum
1411 1091 1463 1118 hoc
1477 1088 1678 1117 Ecclesiasticre
1701 1087 1742 1114 hi—

123 1136 217 1164 storiae
230 1137 445 1165 additamentum
459 1138 493 1165 ad
510 1138 646 1173 publicam
659 1139 782 1165 notitiam
800 1139 929 1173 perferre.
946 1138 992 1166 Est
1009 1138 1083 1165 enim
1099 1137 1144 1164 hic
1160 1144 1230 1164 unus
1245 1144 1277 1163 ex
1293 1140 1331 1162 tot
1351 1135 1522 1166 tractatibus,
1538 1133 1638 1168 quibus
1650 1132 1743 1159 Graeca

121 1180 243 1208 Ecclesia
258 1188 320 1208 cum
337 1181 472 1209 Armeniis
486 1181 638 1209 instaurare
655 1182 828 1210 concordiam
846 1182 962 1217 ﬁdeique
978 1182 1110 1216 religiosa:
1125 1181 1253 1208 unitatem
1270 1183 1365 1207 conata
1378 1183 1429 1206 est.

155 1237 184 1264 ‘2.
210 1237 335 1264 Profecto
360 1236 575 1271 disputationum
598 1237 731 1269 omnium,
748 1245 808 1272 qua:
821 1237 893 1264 inter
905 1237 973 1264 duas
987 1235 1120 1263 Ecclesias
1140 1235 1239 1262 habitae
1253 1237 1327 1266 sunt,
1346 1232 1445 1260 seriem
1459 1239 1515 1258 non
1527 1235 1671 1258 contexam
1688 1238 1694 1256 :
1715 1229 1741 1256 id

121 1281 195 1308 enim
219 1281 254 1308 ad
275 1281 429 1316 generalem
447 1281 538 1316 potius
555 1281 694 1316 religionis
714 1281 856 1308 historiam
882 1281 1010 1316 pertinet.
1030 1279 1115 1306 Video
1134 1283 1224 1306 tamen
1244 1277 1395 1313 principem
1412 1275 1470 1302 fere
1483 1274 1606 1302 omnium
1625 1273 1653 1300 in
1670 1273 1745 1300 hanc

121 1325 208 1352 aleam
231 1325 404 1352 descendisse
419 1329 543 1352 sanctum
558 1324 696 1357 Proclum,
712 1324 757 1359 qui
772 1324 871 1351 sacculo
888 1323 994 1358 quinto,
1010 1328 1038 1351 et
1053 1323 1162 1358 quidem
1183 1327 1246 1350 ante
1259 1321 1482 1348 Chalcedonense
1499 1317 1649 1346 concilium
1664 1316 1743 1348 vixit,

122 1369 224 1404 scripta
247 1370 281 1396 ad
305 1369 448 1396 Armenios
470 1369 621 1404 dogmatica
645 1369 771 1404 epistola,
793 1377 845 1403 qua
870 1369 930 1396 illos
946 1373 1042 1396 contra
1062 1367 1144 1394 falsas
1156 1366 1294 1394 doctrinas
1306 1362 1495 1392 communivit.
1509 1362 1640 1396 Superest
1654 1360 1744 1404 adhuc

121 1403 187 1449 ipsa,
203 1414 319 1447 epistola
341 1413 412 1441 inter
433 1403 520 1441 Procli
535 1421 630 1448 opera,
646 1403 684 1440 rei
699 1421 764 1440 vero
781 1414 892 1441 historia
908 1412 1054 1447 exponitur
1077 1410 1148 1445 apud
1163 1409 1294 1437 Galanum
1317 1413 1336 1435 t.
1360 1407 1380 1441 Ι,
1398 1415 1426 1442 p.
1442 1407 1475 1435 69
1490 1411 1518 1433 et
1538 1413 1596 1440 seq.
1620 1403 1744 1431 Trullani

121 1465 242 1484 canones
263 1458 363 1484 saeculo
378 1458 493 1492 septimo
511 1457 588 1490 editi,
613 1458 648 1484 ob
669 1458 887 1493 emendandami

975 1458 1036 1485 rlim
1050 1457 1242 1486 Armeniorum
1257 1454 1393 1490 liturgiam
1406 1461 1438 1480 ac
1452 1451 1635 1488 disciplinam,
1655 1449 1741 1476 notis-

121 1502 181 1529 simi
208 1509 281 1529 sunt.
304 1502 343 1528 En
368 1507 458 1529 autem
478 1507 574 1529 octavo
597 1502 696 1529 saeculo
709 1507 819 1529 sanctus
831 1502 984 1530 Germanus
1001 1503 1021 1534 l,
1042 1500 1193 1536 patriarcha
1208 1499 1371 1534 Byzantinus
1385 1497 1473 1524 zelum
1486 1503 1566 1523 suum
1582 1501 1632 1529 pro
1647 1494 1744 1519 Arme—

121 1544 229 1571 niorum
245 1544 406 1572 orthodoxia
422 1546 600 1580 exprompsit,
616 1546 687 1574 datis
704 1546 737 1573 ad
756 1554 804 1574 eos
817 1547 925 1579 litteris,
945 1550 975 1573 ut
985 1545 1100 1580 duplicis
1115 1545 1143 1571 in
1156 1543 1265 1571 Christo
1280 1548 1383 1570 naturae
1396 1540 1607 1570 confessionem,
1624 1541 1651 1564 et
1661 1536 1745 1562 Chal-

120 1589 281 1617 cedonensis
292 1591 385 1624 synodi
401 1590 592 1618 adutissionem
606 1591 733 1618 suaderet
750 1600 756 1618 :
770 1599 831 1626 quae
843 1592 937 1620 litterae
950 1599 1005 1618 non
1020 1593 1128 1617 exstant
1139 1588 1259 1624 quidem,
1273 1587 1321 1615 sed
1334 1594 1427 1613 carum
1444 1589 1517 1612 certa
1532 1583 1626 1610 notitia
1646 1581 1744 1616 legitur

121 1635 149 1663 in
178 1635 367 1663 Armeniorum
394 1637 514 1670 ipsorum
538 1637 690 1671 menologio
709 1625 786 1672 apud
798 1637 930 1665 Galanum
951 1644 980 1671 Ρ.
1002 1635 1046 1667 78,
1066 1641 1118 1661 nec
1141 1640 1196 1660 non
1215 1633 1241 1659 in
1259 1631 1386 1658 Tarsensi
1406 1629 1520 1657 concilio
1534 1626 1605 1663 apud
1617 1625 1744 1652 eumdem

120 1688 149 1716 p.
165 1680 213 1709 5M
233 1680 282 1714 (2).
298 1669 433 1708 Germano
444 1684 509 1707 tunc
523 1682 636 1708 omnino
648 1669 823 1709 consensisse
838 1669 966 1709 dicuntur
978 1678 1099 1706 Armenii
1115 1685 1161 1712 op.
1180 1676 1226 1703 cit.
1240 1683 1267 1710 p.
1281 1671 1326 1706 77,
1344 1672 1571 1716 ρινωδεηίιημμιὶει
1588 1671 1660 1716 hunc
1673 1669 1745 1695 inter

121 1714 199 1752 divos
220 1728 374 1752 numerant.
399 1723 477 1751 Nunc
490 1724 602 1752 Photius
616 1731 747 1760 sequente
761 1726 860 1753 smculo
873 1725 980 1752 curiose
999 1726 1092 1749 narrat
1102 1721 1209 1756 quoties
1220 1719 1342 1746 Armenii
1355 1716 1477 1752 episcopi
1493 1714 1744 1760 Chalcedonensem

121 1769 202 1796 ﬁdem
221 1768 399 1802 susceperint,
412 1772 492 1802 atque
516 1768 576 1795 aliis
589 1754 765 1795 tecuinenicis
780 1768 890 1804 synodis
909 1766 1082 1795 intcrl‘uerint
1102 1754 1134 1792 ac
1148 1763 1371 1798 subscripserint.
1386 1762 1524 1796 Pauloque
1538 1763 1599 1794 post
1616 1754 1746 1804 Nicotaus

121 1812 250 1847 mysticus
271 1811 413 1846 epistolam
435 1818 511 1838 suam
525 1811 559 1838 ad
573 1812 717 1839 Armenios
730 1799 815 1845 misii,
827 1813 905 1847 cujus
923 1819 972 1839 nos
985 1810 1110 1837 Latinum
1124 1816 1232 1843 quoque
1245 1807 1421 1834 summarium
1434 1806 1460 1832 in
1477 1803 1634 1839 praefatione
1656 1808 1686 1827 n.
1705 1799 1743 1847 1‘4

121 1844 296 1890 scripsimus;
320 1853 469 1888 Utriusque
496 1855 650 1882 tcntaminis
668 1856 758 1883 exitus
776 1844 868 1883 nullus
892 1855 954 1887 fuit,
974 1860 1004 1882 ut
1025 1853 1058 1881 de
1080 1852 1191 1880 Nicolao
1210 1860 1261 1879 nos
1276 1851 1404 1883 diximus,
1420 1850 1453 1876 de
1466 1849 1525 1883 ipso
1539 1853 1631 1874 autem
1648 1844 1743 1890 Photio

119 1889 247 1926 Nicotaus
263 1905 307 1932 ep.
324 1897 384 1930 cit.,
403 1905 463 1932 quae
476 1897 554 1925 valde
566 1899 757 1926 contradicunt
776 1899 893 1926 narratis
909 1907 924 1925 a
942 1896 1147 1933 Serposiot.1l,
1165 1904 1193 1931 p.
1208 1896 1253 1923 46.
1267 1895 1373 1922 Secutae
1386 1897 1449 1920 sunt
1460 1891 1620 1919 duodecimo
1631 1889 1742 1918 saeculo,

120 1947 183 1978 post
202 1949 304 1969 annum
328 1941 407 1974 1170,
432 1946 562 1977 regnante
577 1943 659 1977 tapud
679 1943 786 1970 Graecos
812 1943 934 1970 Manuele
958 1942 1109 1974 Comaeno,
1122 1940 1243 1968 celebres
1262 1939 1322 1966 duae
1331 1939 1364 1965 ad
1382 1937 1525 1964 Armenios
1538 1935 1573 1962 ob
1588 1933 1741 1969 religiosam

120 1985 292 2013 concordiam
316 1985 464 2020 legationes
491 1993 523 2012 ac
542 1985 910 2020 disputationes'Theoriani
934 1987 1089 2022 philosophi
1109 1994 1171 2013 cum
1186 1984 1299 2012 Nersete
1310 1983 1429 2011 Claicnsi
1446 1980 1608 2017 patriarcha,
1626 1986 1740 2013 quarum

121 2030 238 2064 priorem
261 2028 452 2060 Leunclavius,
475 2030 655 2064 posteriorem
675 2037 725 2057 nos
749 2030 776 2058 in
801 2031 940 2058 codicibus
963 2032 1056 2060 saltem
1077 2031 1197 2066 quinque
1219 2030 1357 2057 inventam
1373 2027 1517 2054 edidimus.
1538 2024 1637 2051 Harum
1650 2027 1741 2050 tamen

120 2073 185 2101 felix
201 2073 289 2101 exitus
305 2073 464 2109 patriarchae
478 2079 565 2101 morte
581 2079 725 2109 corruptus
746 2075 853 2102 videtur
867 2084 873 2102 :
890 2076 976 2103 donec
990 2075 1176 2110 quinquennio
1190 2078 1251 2109 post
1262 2080 1305 2100 res
1321 2072 1420 2099 iterum
1441 2071 1469 2098 in
1483 2069 1599 2097 concilio
1610 2067 1741 2095 Tarsensi

120 2118 221 2145 acriter
238 2118 367 2144 ventilata
392 2125 425 2145 ac
452 2125 538 2153 prope
559 2117 702 2150 confecta,
726 2118 858 2146 Manuelis
875 2119 1045 2155 imperatoris
1067 2120 1192 2148 similiter
1213 2119 1300 2151 obitu,
1316 2119 1373 2146 Deo
1391 2117 1430 2145 sic
1445 2116 1629 2152 permittente,
1644 2121 1740 2141 rursus

120 2161 234 2189 corruit.

157 2218 184 2244 5.
201 2217 256 2244 Sed
271 2216 344 2244 enim
358 2221 456 2251 preter
470 2217 601 2246 hactenus
613 2219 695 2252 dicta,
709 2227 779 2248 nova
794 2220 860 2248 mihi
878 2221 1001 2256 quadam
1016 2221 1045 2249 in
1058 2229 1126 2249 mss.
1142 2224 1282 2255 comperta
1298 2224 1373 2252 sunt,
1390 2226 1450 2253 qua:
1465 2217 1570 2252 integre
1583 2215 1694 2250 quidem
1713 2214 1739 2241 in

121 2261 173 2289 alia
193 2265 430 2289 monumentorum
452 2265 572 2288 veterum
586 2263 698 2298 sylloge,
719 2268 747 2290 ut
763 2272 853 2298 spero,
871 2265 983 2292 daturus
998 2273 1057 2292 sum
1071 2273 1078 2298 ;
1094 2272 1168 2291 nunc
1186 2270 1276 2291 tamen
1290 2262 1463 2290 summariam
1478 2261 1599 2295 ipsorum
1615 2258 1739 2286 notitiam

121 2307 257 2334 delibabo.
274 2305 382 2334 Etenim
399 2307 472 2333 circa
491 2305 590 2333 Christi
606 2315 671 2334 ann.
686 2307 765 2341 1240,
778 2313 908 2343 regnante
923 2308 1161 2343 Constantinopoli
1184 2312 1325 2343 postremo
1341 2306 1500 2333 Latinorum
1515 2304 1581 2338 imp.
1594 2302 1739 2333 Balduino,

121 2350 217 2379 Nicaea:
235 2351 398 2379 imperatore
409 2352 503 2380 Greco
517 2351 621 2379 Joanne
639 2351 712 2379 Duca
728 2352 850 2385 Vatatze,
868 2359 1027 2380 renovatum
1045 2360 1059 2379 a
1071 2352 1170 2380 Graecis
1187 2356 1325 2379 tentamen
1342 2354 1384 2377 est
1399 2348 1578 2384 dogmaticam
1593 2346 1738 2381 copulandi

121 2403 183 2422 cum
205 2395 340 2422 Armeniis
355 2404 460 2431 pacem.
485 2395 598 2430 Scripsit
621 2403 684 2430 ergo
708 2395 860 2423 Germanus
873 2395 906 2429 ll,
921 2401 986 2424 tunc
1000 2396 1153 2431 patriarcha
1171 2395 1292 2426 Graecus,
1313 2393 1453 2428 epistolam
1475 2393 1509 2419 ad
1529 2391 1739 2418 Constantinum

121 2439 216 2466 eodem
236 2439 352 2475 tempori
381 2439 572 2467 Armeniorum
596 2439 795 2474 patriarcham,
815 2448 895 2475 quam
917 2448 966 2476 ego
992 2440 1019 2466 in
1038 2439 1178 2467 codicibus
1196 2437 1328 2466 vaticanis
1352 2437 1404 2471 legi
1427 2437 1480 2463 hoc
1497 2435 1574 2462 titulo
1590 2439 1617 2461 et
1643 2434 1738 2461 initio:

120 2481 166 2516 Τῷ
189 2482 348 2518 ὑψηλοτάτῳ
374 2482 510 2518 καθολικῷ
530 2483 620 2517 πάσης
649 2484 697 2518 τῆς
727 2483 909 2518 Ἀρμενιακῆς
940 2483 1120 2518 Ἐκκλησιας,
1145 2483 1194 2518 τῆς
1217 2482 1287 2508 κατὰ
1315 2481 1404 2507 πᾶσαν
1428 2479 1477 2514 τὴν
1492 2478 1665 2513 οἰκουμένην,
1693 2477 1740 2504 καὶ

121 2526 203 2561 σοφίᾳ
223 2527 269 2552 καὶ
283 2527 388 2554 συνέσει
408 2527 607 2562 κεκοσμημένῳ
626 2527 701 2562 κυρῷ
727 2528 932 2561 Κωνσταντίνῳ,
950 2529 1087 2564 Γερμανὸς
1103 2527 1171 2563 ἐλέῳ
1187 2526 1254 2553 Θεοῦ
1278 2524 1493 2561 ἀρχιεπίσκοπος
1517 2524 1741 2551 Κωνεταντινουο

119 2569 234 2602 πόλεως,
257 2570 318 2602 νέας
343 2571 461 2606 Ῥώμης,
479 2571 526 2598 καὶ
547 2572 733 2606 οἰκουμενικδς
755 2572 936 2607 πατριάρχης,
952 2572 1050 2607 Incipit
1066 2570 1267 2605 ε’Λγαλλιάσθω
1286 2571 1299 2596 ὁ
1314 2569 1437 2605 οὐρανὸς,
1458 2569 1505 2595 καὶ
1519 2568 1707 2603 εὐφραινέσοω
1724 2568 1740 2603 ὴ

120 2613 158 2649 γῆ
184 2614 313 2650 σήμερον,
338 2623 366 2641 κ.
382 2624 407 2643 τ.
429 2615 455 2642 λ.
473 2616 503 2643 ln
517 2623 548 2643 ea
567 2615 720 2644 Germanus
734 2620 929 2644 commemorat
942 2616 1032 2652 primo
1047 2615 1174 2643 Tiridatis
1189 2619 1216 2642 et
1230 2613 1402 2642 Constantini
1418 2613 1636 2648 contemporalcs
1653 2612 1741 2639 domi-

134 2760 139 2766 _
156 2725 249 2766 (I)Ab_
262 2724 417 2766 haclzhotii
429 2725 583 2766 dogmatica
593 2726 828 2766 cpistolaprorsus
846 2728 902 2766 dis-
958 2764 971 2766 Δ
989 2728 1027 2764 (2)
1055 2728 1126 2766 Ergo
1163 2727 1314 2766 Germanus
1340 2726 1361 2766 l_
1380 2725 1528 2766 permutari
1558 2725 1654 2758 nequit
1675 2731 1736 2766 cum

121 2760 267 2804 ting‘uenda
284 2764 326 2788 est
335 2760 584 2804 .Johannis‘l‘iicaeni
594 2760 762 2804 episcopi—ad
775 2764 902 2804 eumdem
951 2760 1137 2804 Germanoull,
1151 2763 1196 2797 qui
1213 2763 1316 2804 pariter
1329 2763 1363 2790 ad
1376 2760 1521 2804 ἑνωςηίοέ
1533 2767 1582 2795 pro
1591 2760 1736 2800 concerdi'a

122 2795 279 2833 Zachariam
298 2795 424 2833 epistola,
436 2805 461 2833 ra
490 2795 652 2825 CombetiSio
668 2795 697 2825 iri
718 2799 845 2826 Auctario
866 2799 895 2825 Β.
952 2798 1071 2833 scripsit,
1087 2803 1118 2825 ut
1131 2795 1192 2825 mox
1205 2795 1366 2830 videbimus,
1379 2797 1485 2833 Etenim
1499 2795 1633 2827 Tarsense
1645 2795 1740 2833 conci-

122 2829 216 2872 Ριζκῑ.
232 2831 269 2872 11,
296 2829 325 2866 ρΣ
343 2829 565 2872 ᾘΩἹβάίιεμιιιεε
585 2833 696 2862 nonnisi
719 2834 753 2862 de
769 2834 902 2863 festorum
952 2829 1029 2866 ltuni,
1052 2833 1078 2860 in
1102 2841 1156 2867 quo
1169 2829 1407 2872 _verb_a_liuntrde
1422 2831 1568 2865 Germano,
1591 2833 1654 2857 ante
1668 2829 1738 2858 Ger-

124 2865 304 2894 cclcbratione
315 2867 379 2903 agit.
404 2865 410 2868 ’
486 2865 491 2868 ⁷
511 2865 522 2869 ”

953 2876 1062 2897 manum
1076 2865 1224 2904 secundum
1236 2868 1296 2896 fuit.
