1940 3087
217 153 270 186 699
790 153 923 185 PHOTII
941 154 983 184 ΡΛ

1067 154 1195 186 \RCHA!
1213 155 1267 185 CP.
1786 149 1833 182 700

216 212 343 239 nationes
363 220 371 239 :
386 215 468 246 atque
481 211 556 239 hunc
569 211 701 239 miraculo
719 211 784 239 vis:e
799 212 889 239 crucis
902 219 1076 244 conversum,
1092 217 1120 239 et
1132 220 1148 239 a
1166 212 1250 240 beato
1270 210 1399 239 Silvestro
1417 217 1467 246 per
1483 209 1656 246 baptismatis
1667 215 1750 244 aquas
1766 207 1832 243 lepra

217 256 388 288 mandatum,
408 255 483 282 illum
506 263 572 283 vero
588 256 781 290 praedicatione
803 255 832 283 S.
856 255 979 291 Gregorii
999 264 1015 283 e
1029 256 1155 283 vitiorum
1169 264 1248 284 como
1264 256 1373 291 vitaque
1388 255 1509 284 belluina
1526 260 1651 290 ereptum
1669 263 1676 281 :
1693 259 1774 289 atque
1788 253 1833 280 hos

217 300 313 326 ambos
327 306 404 333 reges
414 299 553 334 religionis
574 299 766 327 communione
784 299 944 330 concordes,
958 299 1014 326 suis
1027 307 1246 335 unumquemque
1260 300 1368 335 populis
1380 300 1559 327 orthodoxam
1571 297 1675 326 Christi
1687 297 1833 325 doctrinam

217 341 375 369 tradendam
393 350 515 370 curasse.
530 343 563 370 Et
574 343 718 370 Armenios
733 343 841 378 quidem
856 342 993 378 prioribus
1003 343 1089 370 tribus
1103 343 1279 371 (ecumenica:
1289 343 1459 371 auctoritatis
1470 342 1595 370 conciliis
1602 349 1746 369 assensum
1758 348 1832 368 suum

216 385 365 420 praebuisse
395 394 402 412 :
429 386 527 415 deinde
549 391 640 414 tamen
663 387 762 415 diaboli
786 386 882 414 fraude
901 386 1030 421 deceptos
1054 387 1082 414 in
1102 387 1259 422 pestiferam
1284 387 1409 415 hreresim
1433 386 1572 417 incidisse.
1596 393 1650 420 qua
1670 385 1778 412 unicam
1807 384 1833 411 in

215 429 325 456 Christo
345 433 472 457 naturam
496 438 528 457 ex
548 431 648 466 deitate
670 435 699 458 et
719 431 890 458 humanitate
903 433 1059 458 concretam
1076 429 1253 463 afﬁrmantes,
1268 430 1425 457 universam
1441 429 1639 457 incarnationis
1654 427 1833 456 mcouomiam

215 473 473 506 pessumdedcrunt.
502 474 547 501 Sic
567 474 640 501 enim
655 474 780 502 Christus
802 481 890 508 neque
909 477 1012 501 :eterno
1024 473 1096 500 Patri
1112 480 1163 501 suo
1179 473 1225 508 qui
1243 473 1314 500 nihil
1329 473 1506 501 humanitatis
1521 472 1612 504 habet,
1628 478 1718 506 neque
1734 469 1833 505 Virgini

216 515 295 543 Matri
316 525 377 552 quae
392 517 512 545 vicissim
530 518 639 546 deitatis
653 522 695 546 est
713 525 820 553 expers,
837 518 907 545 foret
925 517 1174 545 consubstantialis.
1194 516 1306 545 Frustra
1325 521 1417 544 autem
1435 516 1581 543 Armenios
1593 515 1726 550 objecisse
1741 514 1834 542 ortbo~

215 560 293 588 doxis
316 561 418 588 Christi
444 562 472 588 in
496 562 565 590 duos
584 562 746 590 divisionem
761 571 768 588 :
790 561 861 589 hanc
873 561 945 589 enim
965 560 1083 589 Nestorii
1094 569 1155 589 esse
1164 561 1373 596 blasphemiam,
1389 568 1471 596 quem
1486 560 1629 587 hominem
1645 558 1733 586 Judaei
1751 558 1834 585 instar

214 605 389 632 abominatur
412 604 543 633 Ecclesia.
568 605 613 633 Sic
628 609 719 633 autem
736 606 869 641 separatis
880 614 896 633 a
909 605 1043 633 catholico
1055 613 1170 641 corpore
1184 605 1332 638 Armeniis,
1348 604 1414 632 alias
1427 603 1544 632 subinde
1557 611 1654 638 pravas
1665 602 1834 630 consuetudi-

215 655 275 681 nes,
296 649 488 676 ecclesiasticm
512 649 649 677 traditioni
666 649 828 682 contrarias,
849 649 921 676 inter
941 657 999 682 eos,
1015 654 1045 677 ut
1070 650 1109 683 fit,
1135 649 1297 685 Obrepsisse.
1313 649 1377 677 Haec
1390 656 1441 676 nos
1456 648 1575 676 breviter
1588 647 1717 679 diximus,
1733 654 1792 681 qua:
1807 646 1833 673 in

214 691 308 720 Graeco
326 697 401 720 textu
420 693 501 729 paulo
516 693 653 728 copiosius
670 693 828 720 scribuntur
843 692 883 720 sic
897 693 979 720 ιΔιέσ

1078 693 1109 730 (ὁ
1124 693 1263 729 διάϐολος)
1279 693 1333 719 ἀπὸ
1347 693 1401 719 τῶν
1424 691 1568 727 Ῥωμαίων
1591 691 1654 722 τοὺς
1676 690 1833 726 Ἀρμενίους

214 736 317 770 ἀδελφὰ
332 736 496 772 φρονοῦντας
511 736 540 763 τὸ
555 737 698 772 πρότερον,
714 736 745 762 οὑ
760 736 898 763 διάστασιν
908 738 1066 773 σωματικὴν
1079 737 1189 772 (μικρὸν
1202 737 1256 772 γὰρ
1269 737 1345 763 τουτὶ
1359 736 1389 763 τὸ
1399 735 1541 772 ἀδίκημα),
1556 734 1624 762 ἀλλὰ
1636 735 1764 769 ψυχικήν·
1773 742 1833 760 συν-

213 779 337 815 διὲστησε
358 780 387 807 δὲ
407 781 454 807 καὶ
480 780 534 807 ἀπὸ
557 780 694 815 Χριστοῦ,
712 780 761 815 οὐχ
774 780 816 806 ὅτι
838 780 975 807 διιστῶσιν
993 781 1069 808 αὐτοὶ
1090 783 1129 813 εἰς
1145 781 1281 816 Χριστοὺς
1294 780 1341 808 δύο
1356 780 1402 807 τὸν
1423 780 1472 807 ἕνα
1486 779 1604 815 Χριστὸν
1627 778 1716 814 (τοῦτο
1736 778 1789 813 γὰρ
1804 776 1834 805 τὺ

213 823 303 859 δόγμα
316 823 363 851 τοῦ
378 825 572 859 ἀντικειμένως
586 825 697 859 ἔχοντος
713 825 781 860 πρὸς
794 824 893 856 αὐτοὺς
907 824 1065 859 Νεστορίου,
1082 825 1112 852 ὃν
1125 826 1173 852 καὶ
1185 825 1267 860 ἡμεῖς
1281 824 1425 860 ὁλοψύχως
1439 824 1590 859 ἀναθέματι
1601 823 1703 858 αἰωνίῳ
1718 822 1834 849 καθυπο-

214 868 360 902 6άλλομεν,
375 868 412 899 ὡς
425 868 473 894 Eva
487 869 537 903 τῆς
550 868 605 894 τῶν
622 868 756 894 Ἰουδαίων
768 867 960 903 Συναγωγῆς),
976 868 1033 895 ἀλλ’
1045 869 1087 896 ὄτι
1097 868 1147 901 τὰς
1162 868 1208 895 δύο
1221 868 1318 904 φύσεις
1332 869 1373 900 είς
1387 868 1456 904 μίαν.
1469 867 1615 903 συγχέουσι
1627 866 1771 901 τολμηρῶς
1780 874 1787 880 ·
1797 866 1835 897 ὡς

215 913 286 947 μήτε
300 912 340 948 τῷ
354 912 511 947 προαιωνίῳ
529 911 628 948 ﬂat-cpt,
649 912 718 947 μήτε
739 913 771 946 τῇ
788 911 941 947 ὑποχρονίῳ
953 912 1045 948 Μητρὶ
1063 913 1203 948 ὁμοούσιον
1217 912 1336 939 νοεῖσθαι
1355 912 1402 939 καὶ
1416 911 1530 947 συμφυῆ
1546 910 1592 938 τὸν
1605 910 1671 937 Υἰόν
1682 919 1689 925 ·
1705 909 1767 936 οὒτε
1782 908 1835 945 γὰρ

213 957 247 984 ὲκ
261 957 386 991 θεότητος
399 957 446 983 καὶ
459 955 667 991 ἀνθρωπότητος
682 957 696 982 ό
709 955 815 991 Πατὴρ,
830 955 886 982 οὔθ’
899 956 916 992 ἡ
931 957 1031 992 Μήτηρ
1045 956 1168 991 τοιαύτη·
1191 956 1232 983 δεῖ
1245 957 1274 983 δὲ
1290 957 1346 988 τοῖς
1359 955 1447 992 ὀρθῶς
1463 954 1608 991 φρονοῦσιν
1622 954 1728 990 ὁμοφυῆ
1742 953 1827 980 τοῦτο*

213 995 360 1036 κηρύττειν
374 1000 413 1035 τῷ
428 1001 515 1035 Πατρὶ
540 1000 587 1026 καὶ
614 1000 694 1034 ἡμῖν·
712 999 742 1026 οὐ
758 1000 960 1035 κηρυχθήσεται
984 1000 1013 1027 δὲ
1034 1000 1132 1033 οὕτως,
1157 1000 1237 1036 εἴπερ
1250 1001 1278 1027 αἱ
1292 1000 1340 1027 δύο
1354 1000 1450 1035 φύσεις
1463 1000 1503 1031 είς
1527 999 1591 1035 μίαν
1617 998 1759 1034 κραθεῖσαι
1775 1005 1814 1024 συ’
1834 1014 1837 1017 ν

213 1045 376 1080 ηνέχοησαν,
391 1045 450 1071 ἀλλ’
465 1045 489 1071 εἰ
504 1044 630 1076 σώζοιντο
643 1044 793 1079 ἀσύγχυτοι
807 1044 836 1071 ὲν
852 1045 891 1080 τῷ
904 1045 979 1080 αὐτῷ
992 1044 1040 1071 καὶ
1053 1045 1093 1072 ἑνὶ
1106 1045 1217 1080 Χριστῷ
1227 1052 1234 1060 ·
1249 1044 1320 1077 αὕτη
1335 1045 1384 1080 μὲν
1399 1043 1494 1080 πρώτη
1509 1043 1583 1071 αἰτία
1591 1043 1642 1078 τῆς
1651 1042 1815 1074 διαστάσεω,

212 1088 260 1115 καὶ
282 1087 334 1123 τῆς
348 1088 441 1123 κοινῆς
463 1088 603 1122 ὀλομελίας
633 1087 664 1114 τὸ
688 1087 769 1114 καλὸν
783 1087 861 1114 τοῦτο
876 1088 955 1123 μέλος
967 1088 1021 1114 τῶν
1042 1088 1191 1125 Ἀρμενίων
1203 1089 1340 1116 ἀποκοπὲν
1356 1088 1463 1125 μακρὰν
1477 1088 1631 1124 ἀπερρίφη⁸
1647 1087 1726 1123 μέλος
1739 1086 1768 1113 δὲ
1782 1087 1836 1113 πᾶν

211 1131 262 1168 τῆς
276 1132 402 1167 ὁλότητος
416 1132 563 1167 ἐκτμηοὲν,
585 1131 692 1164 πολλοῖς
708 1132 939 1167 περιστοιχίζεται
957 1132 1027 1167 μετὰ
1040 1133 1090 1168 τὴν
1103 1132 1221 1168 ἐκτομὴν
1234 1133 1291 1164 τοῖς
1303 1133 1410 1164 κακοῖς,
1426 1131 1599 1167 μελαίνεται,
1624 1131 1750 1166 σήπεται,
1770 1131 1836 1157 δυσ-

211 1175 293 1207 ωδίας
307 1175 457 1210 ἐκπέμπει,
475 1175 620 1209 σκώληκας
634 1175 814 1211 ἀναϐράττει·
833 1176 863 1202 οὐ
886 1176 940 1211 γὰρ
957 1177 1004 1203 ἐπὶ
1021 1177 1090 1212 μόνῃ
1112 1178 1146 1213 τῇ
1168 1175 1265 1213 πρώτῃ
1284 1177 1390 1212 αἱρέσει
1407 1176 1428 1211 ὴ·
1440 1175 1495 1203 τῶν
1516 1175 1667 1210 Ἀρμενίων
1688 1174 1835 1210 Ἐκκλησία

211 1219 456 1254 παραμεμένηκεν,
472 1219 540 1246 ἀλλὰ
556 1219 604 1246 καὶ
619 1219 703 1255 ἕτερα
717 1219 940 1256 προσεξεύρηκεν
954 1220 1020 1256 ἔθνη
1037 1222 1097 1253 ταῖς
1111 1220 1354 1256 ἐκκλησιαστικαῖς
1366 1219 1562 1255 ἐναντιούμενα
1576 1219 1754 1254 παραδόσεσι.

244 1275 273 1303 4.
297 1275 407 1303 Transit
429 1284 494 1304 mox
507 1276 660 1304 Germanus
674 1276 708 1304 ad
726 1277 851 1305 Haitonis
863 1278 1056 1306 Armeniorum
1075 1278 1156 1314 regis,
1169 1286 1222 1306 nec
1240 1286 1296 1305 non
1312 1277 1475 1313 patriarcha
1489 1276 1648 1304 eorumdem
1661 1275 1837 1303 Constantini

209 1319 315 1352 laudes,
339 1320 384 1355 qui
399 1320 433 1348 de
452 1320 627 1348 instauranda
644 1321 707 1348 ﬁdei
728 1322 874 1349 concordia
892 1322 1009 1355 sincero,
1022 1327 1051 1350 ut
1062 1327 1162 1357 sperat,
1180 1322 1278 1349 affectu
1294 1321 1465 1354 laborabant,
1481 1320 1572 1348 missis
1587 1320 1622 1348 ad
1637 1319 1746 1347 Graecos
1762 1320 1838 1356 lega—

209 1365 245 1393 tis
267 1365 440 1393 Theodorelo
464 1365 630 1401 hegumeno,
652 1370 680 1394 et
704 1366 803 1395 Basilio
826 1367 983 1394 monacho:
1007 1374 1061 1402 qua
1081 1374 1113 1393 ex
1136 1373 1166 1393 re
1185 1373 1289 1401 speque
1300 1366 1454 1393 Germanus
1469 1364 1546 1400 (sede
1560 1372 1609 1392 sua
1622 1369 1686 1392 tunc
1702 1364 1797 1399 pulsus
1810 1369 1839 1393 et

208 1409 314 1444 errans)
330 1409 391 1444 plus
404 1409 494 1445 gaudii
510 1418 540 1438 re
554 1411 711 1445 percepisse
722 1410 847 1443 afﬁrmat,
863 1419 944 1446 quam
958 1412 981 1439 si
990 1410 1242 1445 Constantinopolis
1256 1409 1475 1444 Latinorum'per
1488 1408 1515 1436 id
1527 1413 1635 1444 tempus
1643 1408 1798 1444 tyrannide,
1807 1414 1840 1437 ut

207 1453 257 1486 ait,
280 1460 420 1488 oppressa,
439 1453 474 1481 ad
491 1453 577 1482 Graeci
591 1454 706 1482 Caesaris
714 1455 760 1490 jus
775 1463 884 1483 reversa
898 1456 1005 1484 fuisset.
1018 1454 1104 1482 Porro
1120 1458 1223 1482 tantam
1239 1460 1269 1481 se
1283 1452 1442 1488 suscepisse
1459 1453 1494 1480 de
1510 1452 1702 1480 Armeniorum
1719 1459 1839 1479 conver-

208 1497 284 1524 sione
306 1497 433 1525 ﬁduciam
444 1497 520 1531 dicit,
545 1502 583 1531 ut,
606 1499 657 1526 etsi
672 1499 761 1527 nullas
778 1507 793 1527 a
805 1499 947 1527 Catholico
965 1503 1107 1534 receperat
1121 1498 1236 1530 litteras,
1253 1498 1313 1533 ipse
1327 1502 1420 1525 tamen
1433 1497 1521 1525 fretus
1535 1496 1702 1524 Antiocheni
1718 1496 1839 1531 patriar-

207 1541 267 1569 chae
284 1541 449 1575 testimonio,
475 1542 522 1577 qui
541 1542 601 1577 ejus
616 1543 655 1570 rei
668 1543 749 1571 obses
763 1547 834 1575 erat,
851 1551 902 1571 nec
918 1551 974 1571 non
988 1543 1152 1571 Theodoreti
1166 1542 1291 1570 monachi
1307 1541 1498 1573 atﬁrmatione,
1513 1540 1654 1576 negotium
1669 1540 1836 1575 accepisset,

207 1586 290 1613 misso
315 1586 348 1614 ad
372 1586 516 1614 Armenios
529 1586 672 1615 Melitenes
693 1588 885 1622 metropolita;
903 1595 984 1623 quem
1007 1594 1081 1615 nunc
1100 1586 1134 1614 ad
1150 1593 1180 1614 se
1194 1593 1255 1613 cum
1280 1586 1383 1620 aliquot
1402 1586 1462 1621 ejus
1476 1585 1566 1621 gentis
1580 1584 1719 1620 episcopis
1731 1584 1838 1612 remitti

206 1629 336 1664 postulat.
353 1633 384 1657 ut
397 1629 432 1658 de
450 1630 583 1658 Catholici
598 1631 723 1667 regisque
734 1632 807 1659 circa
827 1639 885 1659 rem
903 1636 1006 1659 tantam
1023 1631 1163 1666 voluptate
1177 1630 1278 1657 certior
1295 1629 1354 1657 ﬁat.

241 1682 268 1709 5.
284 1682 411 1717 Acceptis
426 1682 555 1717 Germani
566 1684 667 1713 litteris
683 1686 824 1720 respondit
838 1685 1034 1713 Constantinus
1048 1684 1203 1717 Armenius,
1223 1683 1378 1719 perseripta.
1397 1683 1460 1712 fidei
1476 1691 1531 1711 suae
1545 1683 1661 1711 formula
1675 1691 1723 1712 seu
1734 1683 1839 1718 libello,

205 1726 252 1761 qni
265 1726 315 1754 etsi
340 1727 367 1754 in
396 1728 505 1755 diverso
524 1728 586 1756 Vat.
601 1729 733 1764 longeque
747 1730 844 1757 dissito
859 1729 1006 1764 exemplari
1026 1729 1125 1764 legitur
1144 1728 1304 1755 Armeniace
1314 1732 1396 1763 atque
1409 1727 1516 1759 Latine,
1532 1735 1596 1755 eum
1609 1727 1790 1756 nihilominus
1804 1728 1840 1756 ad

205 1770 277 1798 hanc
295 1772 483 1799 tractationem
503 1773 651 1807 pertinere,
668 1774 841 1802 manifestum
853 1781 885 1802 ex
900 1775 979 1802 titulo
994 1774 1035 1805 ﬁt,
1046 1773 1092 1808 qui
1106 1773 1143 1799 ita
1155 1779 1185 1799 se
1198 1771 1281 1799 habet
1294 1772 1448 1807 :Confessio
1461 1772 1543 1799 brevis
1559 1771 1744 1799 Armeniorum
1759 1773 1836 1806 ﬁdei,

205 1815 305 1842 tradita
330 1823 347 1842 a
370 1816 469 1843 sanctis
491 1815 618 1844 Patribus
641 1822 666 1844 et
691 1822 814 1853 recepta;
838 1818 937 1853 scripta
958 1826 1018 1844 vero
1038 1818 1074 1844 ad
1090 1817 1300 1851 sanctogenitum
1313 1817 1492 1852 patriarcham
1503 1816 1841 1853 Constantinopolitanum,‘

204 1863 334 1893 prtvcepto
345 1858 510 1886 Constantini
524 1860 646 1888 catholici
658 1862 843 1888 Armenarum.
857 1861 986 1889 Versatur
1000 1861 1058 1889 haec
1068 1861 1203 1889 confessio
1215 1861 1244 1887 in
1255 1861 1425 1896 expositione
1440 1861 1631 1896 mysteriorum
1652 1861 1838 1889 sanctissimae

204 1902 357 1936 Trinitatis,
382 1908 411 1931 et
424 1904 525 1932 Christi
537 1904 605 1932 Jesu
619 1906 829 1937 incarnationis,
849 1906 922 1939 vitae,
939 1906 1045 1937 mortis,
1063 1905 1282 1938 resurrectionis,
1301 1909 1382 1940 atque
1402 1904 1429 1932 in
1445 1904 1548 1932 cmium
1557 1904 1672 1932 reditus.
1686 1904 1734 1933 Est
1744 1910 1839 1933 autem

205 1947 332 1974 universa
346 1948 449 1976 locutio
464 1949 633 1983 huiusmodi,
647 1955 677 1977 ut
692 1949 828 1978 catholico
841 1951 942 1986 passim
958 1957 1041 1977 sensu
1054 1949 1167 1986 intelligi
1182 1957 1263 1984 posse
1275 1949 1421 1977 videatur:
1435 1956 1590 1983 quanquam
1605 1948 1720 1976 duarum
1733 1949 1839 1977 diserte

203 1994 373 2023 naturarum,
398 1992 500 2019 nedum
521 1993 688 2021 deﬁnitionis
705 1993 950 2027 Chalcedonensis,
968 1993 1137 2021 mentionem
1155 1993 1269 2024 omnino
1282 1993 1361 2026 vitat,
1376 1997 1405 2020 et
1421 1992 1582 2027 quibusdam
1599 1997 1732 2027 praeterea
1749 1993 1832 2028 parti-

203 2033 273 2060 culis
296 2035 435 2069 a-quivoca
458 2036 575 2064 fortasse
597 2038 732 2065 sententia
754 2038 857 2066 subest.
873 2037 1024 2073 αξιοι-ο(ιυί
1039 2037 1235 2065 Constantinus
1256 2044 1363 2071 passam
1379 2040 1407 2064 et
1419 2041 1556 2064 mortuam
1565 2036 1666 2065 Christi
1680 2037 1839 2066 humanita-

203 2081 258 2104 tem
272 2077 347 2111 dicit,
366 2079 546 2107 immortalem
567 2081 738 2109 divinitatem
751 2092 758 2110 :
775 2082 907 2117 Spiritum
927 2088 1051 2110 sanctum
1067 2090 1082 2110 a
1095 2081 1175 2110 Patre
1190 2081 1384 2116 procedentem
1400 2090 1408 2108 :
1424 2088 1522 2116 corpus
1535 2081 1635 2109 Christi
1648 2082 1742 2108 datum
1754 2082 1839 2109 nobis

202 2121 230 2148 in
254 2122 356 2155 cibum,
380 2127 408 2151 et
424 2124 484 2158 ejus
497 2125 656 2160 sanguinem
672 2126 788 2154 hostiam
804 2135 853 2162 pro
863 2127 981 2162 peccatis
1000 2135 1008 2154 :
1022 2125 1161 2153 Athanasii
1176 2125 1266 2161 magni
1285 2125 1477 2152 auctoritatem
1503 2125 1547 2152 bis
1561 2124 1666 2157 laudat,
1678 2125 1712 2152 ad
1723 2126 1839 2160 symbo-

201 2166 257 2193 lum
271 2167 341 2202 ejus,
353 2171 382 2195 ut
397 2168 477 2203 plane
496 2174 619 2204 apparet,
632 2170 792 2205 respiciens.
811 2171 892 2198 Certe
910 2171 955 2199 hic
974 2170 1169 2198 Constantinus
1184 2169 1258 2204 apud
1271 2168 1424 2196 Romanum
1443 2168 1602 2204 pontiﬁcem
1627 2168 1788 2204 Gregorium
1802 2169 1838 2196 IX

202 2209 310 2236 habitus
326 2215 368 2237 est
382 2210 561 2244 orthodows,
574 2212 620 2247 qui
635 2212 746 2247 pallium
762 2213 848 2241 etalia
867 2219 1029 2242 ornamenta
1042 2214 1075 2242 ad
1088 2221 1152 2241 eum
1171 2213 1246 2241 misit
1255 2221 1317 2241 cum
1330 2213 1450 2249 pacificis
1467 2212 1574 2246 litteris,
1595 2221 1657 2249 quae
1672 2217 1738 2241 sunt
1762 2214 1839 2249 apud

200 2250 363 2279 Rainaldum
380 2253 414 2280 ad
428 2252 530 2281 Christi
546 2262 650 2282 annum
668 2255 748 2289 l259,
764 2264 794 2283 ιι.
805 2256 853 2284 82.

235 2306 263 2334 6.
276 2307 430 2343 Antequam
463 2309 510 2338 hic
537 2310 709 2339 Constantini
736 2313 845 2341 libellus
858 2314 920 2342 ﬁdei
939 2315 973 2343 ad
989 2315 1099 2344 Graecos
1118 2316 1285 2352 perveniret,
1310 2321 1429 2344 mortem
1449 2324 1511 2344 cum
1538 2316 1594 2345 vita
1624 2315 1783 2344 Germanus
1816 2315 1841 2344 ιι

199 2351 354 2399 patriarcha
368 2354 574 2399 commutavit]:
591 2355 684 2399 itaque
706 2357 814 2385 nonnisi
828 2366 844 2385 a
860 2359 1033 2393 patriarchali
1049 2351 1126 2389 clero
1138 2366 1165 2389 et
1182 2362 1373 2397 episcoporum
1401 2366 1475 2390 cmtu
1492 2361 1595 2397 suscipi
1617 2362 1716 2397 potuit,
1733 2363 1782 2398 qui
1800 2370 1840 2391 eo

199 2393 280 2443 tecto,
297 2393 440 2443 epistol-1m
455 2398 648 2443 vacantescde
659 2398 871 2433 rescripserum.
884 2400 912 2427 in
931 2401 1024 2430 codice
1037 2405 1169 2433 Vaticano
1184 2393 1371 2440 superstitem,
1388 2406 1441 2433 hoc
1455 2405 1534 2433 titulo
1548 2393 1577 2433 et
1592 2393 1690 2434 initio:
1708 2393 1838 2443 Γράμμα

197 2438 378 2487 directo-limit
394 2439 463 2487 πρὸς
478 2440 523 2467 τὸν
536 2441 724 2487 λίϐελλονντῆς
735 2442 797 2487 τῶν
823 2443 974 2479 Ἀρμενίων
997 2447 1171 2483 Ἐκκλησίας,
1186 2438 1232 2475 τὸν
1249 2449 1281 2475 ὲκ
1293 2449 1452 2484 προπαγῆς
1472 2449 1521 2476 τοῦ
1536 2449 1686 2477 καθολικοῦ
1705 2438 1757 2485 τῆς
1769 2438 1840 2478 Ito:-

197 2481 282 2529 αὑτης
300 2481 467 2529 ῘΕκκλησίας
482 2481 786 2529 κυροιἸγΚωνσταντίνου
799 2488 938 2523 γραφέντα
953 2490 1022 2525 πρὸς
1034 2491 1079 2518 τὸν
1092 2481 1247 2524 αγιώτατον
1259 2481 1436 2528 πατριάρχην
1445 2493 1534 2528 Δκῖιριν
1551 2493 1702 2529 Γερμανὺν,
1718 2481 1840 2522 ἐκτεθὲν

198 2523 268 2572 μετὰ
280 2523 329 2559 τὴν
341 2526 447 2572 εκείνου
459 2527 527 2562 πρὸς
540 2528 642 2563 Κύριον
660 2529 795 2565 ἐκδημίαν
809 2531 886 2566 παρὰ
898 2532 952 2559 τῶν
968 2523 1154 2569 υποκειμένων
1172 2533 1212 2568 τῷ
1228 2523 1711 2569 θρόνῳ,τῆξίξωνσταντινουτιόλεωξ
1733 2536 1841 2572 ἀρχιε-

197 2567 276 2603 ρέων.
289 2583 326 2587 -
345 2569 374 2596 ‘0
387 2570 437 2606 τὴν
451 2571 568 2607 ῥηγικὴν
582 2573 771 2609 ἀνεζωσμένος
782 2575 868 2611 ἀρχὴν
883 2576 933 2611 τῆς
947 2585 962 2603 τ

1074 2576 1170 2611 μενίων
1182 2567 1288 2611 γενεᾶς,
1301 2567 1329 2605 κ.
1345 2567 1371 2605 τ.
1387 2577 1414 2605 λ.
1431 2577 1574 2612 Responsio
1590 2581 1626 2606 ad
1646 2567 1840 2608 libellum?”-

196 2613 322 2660 inertiam:
334 2612 459 2660 [Ecclesia
471 2615 551 2660 jussu
564 2617 686 2644 catholici
694 2618 810 2653 ejusdem
825 2619 950 2649 Ecclesia:
958 2622 1058 2649 domini
1068 2621 1237 2649 Constantini
1248 2622 1374 2656 scriptum
1389 2622 1424 2649 ad
1432 2623 1630 2650 sanctissimum
1643 2624 1841 2658 patriarcham

195 2656 330 2703 (lt-ominum
339 2656 511 2703 Germanum.
521 2658 600 2686 Facta
610 2665 646 2686 est
656 2665 744 2688 autem
752 2662 807 2688 Iure
815 2664 1009 2698 responsiopost
1017 2665 1089 2692 illius
1096 2666 1131 2691 ad
1138 2665 1279 2692 Dominum
1286 2667 1439 2698 transitum,
1446 2666 1594 2701 alsubjectt's
1606 2656 1840 2703 Constantinopo-

195 2698 286 2748 litanw
297 2700 353 2748 sedi
361 2701 495 2748 episcopis.
505 2702 616 2748 Incipit:
629 2703 680 2736 Qui
688 2705 802 2740 regalem
809 2706 965 2741 dignitatem
975 2711 1045 2742 apud
1054 2710 1236 2737 Armeniorum
1247 2715 1349 2745 gentem
1363 2711 1471 2745 obtinet,
1479 2698 1534 2739 etc.
1545 2712 1579 2739 Et
1587 2711 1707 2740 libellum
1717 2698 1840 2748 quidem

196 2743 317 2770 Armenii
326 2745 485 2778 patriarcha:
495 2746 604 2790 allatum
613 2748 664 2775 sibi
671 2749 841 2777 aiuntGrzeci
850 2758 865 2778 a
875 2751 1004 2787 Gregorio
1012 2743 1311 2788 metropolitalsauriae,
1321 2743 1503 2790 eumdemque
1512 2756 1593 2790 paulo
1602 2756 1718 2784 fortasse
1726 2743 1841 2786 obscu-

196 2792 256 2836 rum
264 2790 291 2813 et
301 2794 431 2836 sensuum
441 2788 626 2836 profunditatc
633 2792 801 2826 abstrusum,
811 2800 999 2823 verumtamen
1007 2797 1132 2825 charitati
1141 2798 1273 2826 scrutanti
1282 2799 1417 2834 pervium,
1428 2788 1566 2834 appellare
1576 2800 1715 2828 videntur.
1723 2801 1842 2834 Quam-

197 2828 290 2877 obrem
304 2829 356 2879 ipsi
369 2831 487 2859 vicissim
505 2833 617 2879 recitata
632 2843 694 2862 mox
707 2844 755 2863 sua
767 2838 907 2866 luculenta
918 2839 980 2867 ﬁdei
989 2841 1171 2875 professione,
1192 2842 1226 2870 ad
1242 2828 1365 2870 eamdem
1374 2828 1519 2871 Armenios
1540 2843 1667 2877 invitant,
1688 2828 1775 2879 alqite
1799 2846 1841 2873 ad

197 2874 385 2902 mouimodam
394 2877 569 2906 concordiam
579 2879 737 2915 dogmatqu
743 2882 944 2913 stabiliendam.
956 2874 1026 2920 Ergo
1035 2890 1141 2920 septem
1152 2886 1318 2921 synodorum
1329 2886 1413 2922 (inter
1423 2894 1491 2923 quas
1499 2874 1741 2925 Chalitcdonensis)
1751 2897 1842 2917 sum-
