1940 3087
136 174 187 220 τοι
737 175 902 206 EPISTOLi

999 175 1007 205 I
1025 174 1140 204 LIBER
1160 173 1186 205 Ῑ.
1713 174 1765 206 702

136 238 210 258 mam
220 236 372 266 exponunt,
383 240 398 259 a
406 231 506 267 quibus
516 236 646 267 tanquam
658 232 772 260 totidem
783 232 858 260 tubis
869 231 1085 259 sacerdotalibus
1093 230 1214 266 profanae
1224 229 1422 264 Hiericltuntis,
1431 230 1457 259 id
1466 235 1508 259 est
1516 231 1678 265 haereseum,
1696 240 1765 260 mm-

135 277 182 302 nia
198 281 333 311 prostrata
354 276 437 304 fuisse
453 277 541 304 aiunt.
552 278 656 305 Deinde
676 278 846 314 gratulantur
854 277 927 312 quod
933 277 987 312 jam
995 275 1022 302 in
1032 275 1124 303 libello
1132 275 1172 303 sic
1184 275 1329 310 loquantur
1339 276 1475 309 Armenii,
1491 280 1523 303 ut
1534 281 1665 312 appareat
1673 283 1721 304 eos
1748 284 1765 303 a

135 318 352 348 Chalcedonensi
365 321 468 357 synodo
481 329 538 348 non
549 321 682 349 dissidere
695 331 701 348 :
717 321 813 348 Οἴδατε
827 321 901 357 γὰρ,

996 319 1103 354 ιλογεῐτε
1119 320 1226 355 τρανῶς
1235 319 1295 354 μεθ’
1309 320 1388 355 ἡμῶν
1403 320 1452 354 τὴν
1468 321 1501 346 ὲκ
1510 319 1556 346 δύο
1571 319 1690 353 φύσεων,
1701 314 1762 347 θεό-

135 364 218 398 τητός
232 372 261 390 τε
276 365 323 391 καὶ
331 365 551 399 ἁνθρωπότητος,
568 365 743 392 συντεθεῖσαν
764 365 830 401 μίαν
840 365 990 392 ὑπόστασιν
1006 363 1127 399 Χριστοῦ
1138 363 1185 390 τοῦ
1192 363 1260 390 Υἱοῦ
1275 363 1323 390 τοῦ
1333 363 1414 398 Θεοῦ,
1430 364 1478 390 καὶ
1492 363 1619 396 δοξάζετε
1638 364 1688 392 ἕνα
1699 364 1765 391 Υῑδν

135 407 184 434 καὶ
192 407 268 440 Θεὸν,
284 408 417 435 ένωθέντα
436 409 518 444 σαρκὶ
534 409 660 445 ἐμψύχῳ,
674 410 756 445 νοερᾷ
768 418 798 436 τε
815 409 863 436 καὶ
869 408 967 443 λογικῇ
977 408 1048 435 κατὰ
1061 407 1110 443 τὴν
1122 407 1183 434 καθ’
1199 407 1349 434 ὑπόστασιν
1356 407 1464 440 ἕνωσιν,
1478 408 1525 434 καὶ
1535 408 1703 443 ἀσυγχύτους
1716 408 1766 441 τὰς

135 450 243 485 φύοεις.
260 451 308 478 καὶ
320 452 360 478 ἔτι
380 453 473 487 μένειν
486 452 536 484 τὰς
548 453 730 486 συνελθούσας
742 453 791 479 καὶ
800 452 1004 485 ἀποτελεσάσας
1011 452 1061 488 τὴν
1080 452 1144 487 μίαν
1160 451 1310 478 ὑπόστασιν
1339 451 1386 478 τοῦ
1401 451 1520 487 Χριστοῦ
1533 460 1539 467 ·
1555 452 1634 487 ἡμεῖς
1645 453 1700 488 γὰρ
1717 453 1765 479 τδν

134 495 307 531 φμνοϐλαὸῆ
322 497 468 534 Νεστόριον
483 497 568 524 δυάδα
582 497 648 525 υἱῶν
662 498 886 534 φληναφήσαντα,
906 496 953 524 καὶ
969 496 1018 531 τὴν
1038 495 1232 529 Ἀειπαρθένον
1247 495 1387 527 Θεοτόκον.
1405 495 1585 531 Χριστοτόκον
1599 495 1764 528 καλέσαντα,

135 536 379 576 καθυποδάλλομεν
405 541 557 576 ἁναθέματι
568 549 575 557 ·
599 541 658 569 ἀλλ’
684 541 715 568 εὖ
731 550 764 576 γε
783 542 858 577 ὑμῖν,
869 540 987 575 ἀδελφοὶ,
1006 540 1047 566 ὃτι
1061 540 1108 566 καὶ
1122 540 1185 571 τοὺς
1195 539 1383 575 τῆςτετάρτης
1393 539 1501 566 συνόδου
1517 540 1651 574 καρποὺς,
1676 539 1723 570 οὓς
1733 540 1764 566 τὸ

134 584 202 618 πρὶν
217 584 253 615 ὡς
275 584 406 620 ὅμφακας
433 585 600 619 ἀπεπτύετε,
621 586 669 613 νῦν
687 586 724 618 ὡς
737 585 859 622 ὼρίμους
872 585 920 612 καὶ
932 583 1083 619 ἡδυτάτους
1102 582 1248 618 προσίεσθε
1259 591 1267 599 '
1284 583 1340 609 εῐθε
1356 582 1385 609 δὲ
1401 583 1447 609 καὶ
1464 583 1517 610 ὑπὸ
1532 583 1581 618 τὴν
1595 583 1642 609 τοῦ
1655 583 1765 618 δένδρου

139 628 221 654 σκιὰν
237 627 285 654 τοῦ
306 628 543 664 ἐκδλαστήσαντος
554 629 617 662 τοὺς
635 630 775 662 τοιούτους
788 629 911 665 καρποὺς
919 628 1021 664 ἴδοιμεν
1037 627 1212 662 καθημένους
1240 626 1315 662 ὑμᾶς
1329 627 1377 654 σὺν
1394 627 1461 662 ἡμῖν
1474 635 1482 642 ·
1497 626 1528 654 τὸ
1543 627 1596 662 γὰρ
1611 626 1765 662 ἀσύγχθτον

133 671 190 718 τῷν
201 671 248 698 ἐπὶ
256 671 421 718 Χριστῷδύο
432 673 539 707 φύσεων
548 673 746 706 συνελθουσῶν,
762 674 810 701 καὶ
820 673 850 700 τδ
861 673 961 700 ὲνιαῖον
970 671 1019 707 τῆς
1029 672 1215 718 ὑποστάσεως,
1223 671 1276 718 καὶ,
1286 672 1315 698 ἐν
1323 671 1363 718 τῷ
1370 670 1490 718 λιϐέλλῳ
1499 671 1576 718 ὑμῷν
1584 671 1760 718 γραφόμενον
1770 666 1781 718 ξ

133 713 264 750 εὕρομεν,
272 716 319 743 καὶ
326 715 528 752 θαρῤοὖμενὸτι
535 717 583 744 καὶ
593 717 642 753 τὴν
653 718 763 753 κρᾶσιν,
772 717 819 744 καὶ
827 717 876 752 τὴν
884 716 994 752 φύρσιν,
1003 715 1104 752 καὶτὴν
1111 715 1241 750 σύγχυσιν
1251 715 1300 750 τὴν
1308 714 1357 746 τὰς
1367 715 1415 741 δύο
1424 714 1519 750 φύσεις
1530 715 1569 746 εἰς
1579 714 1644 750 μίαν
1651 723 1765 749 συγκιρ-

133 758 225 786 νῶσαν
237 760 328 793 φύσιν,
345 760 406 795 μεθ’
421 760 501 796 ἡμῶν
515 761 605 793 καλῶς
620 761 806 789 ἀποδάλλεσθε
817 770 824 777 ·
841 762 888 788 καὶ
900 761 998 791 αὐτοὺς
1013 760 1076 790 τοὺς
1091 758 1195 794 ταύτην
1214 759 1465 794 παραδιδάξαντας,
1483 759 1529 785 τόν
1544 767 1574 785 τε
1588 759 1669 786 ἄνουν
1687 759 1765 786 Διόσ-

136 811 217 838 κορον
235 803 282 830 καὶ
300 804 346 831 τὸν
369 804 493 839 Εὑτυχέα
518 805 564 832 τὸν
587 805 723 840 δυστυχῆ,
747 805 795 836 οὓς
809 805 826 840 ἡ
841 806 870 832 ὲν
883 804 1033 838 Χαλκηδόνι
1053 803 1074 830 δ’
1089 803 1197 835 σύνοδος
1213 802 1268 829 τῶν
1287 802 1437 835 ἑξακοσίων
1458 803 1606 838 τριάκοντα
1621 803 1764 838 Πατέρων,

133 847 184 873 σὺν
196 846 235 882 τῷ
249 847 319 883 ἁγίῳ
332 848 412 884 πάπᾳ
426 848 477 883 τῆς
492 849 611 881 παλαιᾶς
632 849 744 883 Ῥώμης
760 849 855 875 Λέοντι
867 847 906 882 τῷ
927 847 1052 883 θεόφρονι
1063 868 1070 881 ,
1085 846 1124 882 τῷ
1147 847 1300 882 ἀναθέματι
1313 847 1501 882 παραδέδωκε.
1524 846 1639 874 Constat
1660 852 1764 879 autem,

131 892 325 920 Armeniorum
340 900 450 920 errores
469 893 497 920 in
511 898 606 929 quarta
621 893 785 929 praesertim,
800 893 905 928 quinta.
922 896 1053 926 sertaque
1068 891 1172 927 synodo
1194 891 1279 918 fuisse
1294 891 1448 923 damnatos,
1467 899 1528 926 qua:
1540 895 1638 918 contra
1665 890 1763 918 Mono-

132 935 265 971 physitas,
278 936 462 972 Synusiastas,
477 936 656 972 Synchyticos
671 941 701 964 et
727 936 919 964 Monothelitas
931 935 1076 963 celebrata:
1091 935 1214 963 fuerunt.
1229 935 1264 964 Et
1276 935 1389 970 quidem
1404 935 1492 963 Graeci
1509 935 1612 962 diserte
1627 935 1761 962 adnotant

133 987 150 1007 a
161 985 238 1007 sexta
255 980 357 1016 synodo
373 985 498 1015 quartam
516 980 602 1008 fuisse
616 980 760 1008 ﬁrmatam.
772 981 842 1016 Ergo
850 980 914 1015 quia
928 980 985 1015 jam
999 979 1121 1007 Armenii
1137 983 1240 1014 quarta:
1257 979 1354 1015 synodi
1370 979 1477 1007 fructus
1490 987 1520 1006 se
1536 983 1670 1014 gustasse,
1686 986 1756 1013 quos

131 1028 213 1051 antea
240 1024 417 1059 respuebant,
445 1024 618 1052 confessione
633 1031 682 1052 sua
693 1024 927 1055 demonstrarunt,
945 1024 1090 1051 hortantur
1100 1031 1148 1050 eos
1160 1022 1246 1051 Graeci
1266 1027 1296 1050 ut
1306 1023 1357 1050 sub
1381 1023 1468 1058 ipsius
1482 1023 1588 1050 arboris
1608 1024 1714 1055 umbra,
1733 1022 1760 1050 id

133 1073 176 1095 est
193 1068 244 1096 sub
259 1069 319 1103 ejus
332 1068 427 1104 synodi
443 1068 615 1102 auctoritate,
630 1069 804 1103 requiescere
819 1068 931 1095 demum
947 1067 1053 1095 velint:
1069 1075 1123 1102 quo
1138 1067 1211 1094 dicto
1224 1067 1355 1099 innuunt,
1370 1067 1494 1094 nondum
1509 1066 1654 1093 Armenios
1668 1066 1759 1101 publi-

130 1120 194 1140 cun
209 1117 237 1140 et
261 1113 436 1141 manifestum
455 1113 673 1141 Chalcedonensi
702 1113 806 1149 synodo
821 1120 966 1141 assensum
989 1111 1157 1146 praebuisse;
1177 1118 1238 1145 quae
1267 1115 1310 1138 est
1330 1118 1416 1146 prope
1453 1115 1555 1138 aeterna
1581 1110 1641 1145 ejus
1668 1110 1760 1146 gentis

130 1156 270 1184 calamitas
281 1161 311 1184 et
325 1157 552 1192 miseria;gentis
574 1157 637 1184 dico
656 1161 792 1192 quatenus
811 1161 853 1184 est
868 1156 1056 1189 schismatica,
1085 1161 1114 1183 et
1136 1156 1361 1191 monophysismo
1388 1156 1537 1188 laborans;
1560 1160 1666 1190 partem
1687 1155 1762 1182 enim

132 1199 220 1235 ipsius
236 1201 411 1232 catholicam,
428 1205 456 1228 et
470 1208 533 1228 cum
557 1199 680 1228 Romano
694 1200 824 1236 pontiﬁce
838 1200 1070 1232 consentientem,
1087 1206 1196 1234 semper
1210 1199 1326 1233 excipio.
1349 1199 1455 1226 Deinde
1480 1198 1596 1233 epistola
1620 1206 1676 1225 non
1703 1198 1763 1226 sine

131 1251 214 1271 causa
237 1244 347 1279 attingit
370 1244 514 1279 septimam
530 1252 639 1279 quoque
664 1248 759 1272 contra
787 1244 984 1271 Iconomachus
998 1243 1132 1279 synodum
1147 1252 1154 1276 ;
1169 1250 1288 1278 namque
1311 1243 1455 1270 Armenios
1477 1243 1528 1270 hac
1555 1243 1637 1270 etiam
1664 1242 1763 1270 haeresi

129 1286 215 1315 fuisse
227 1288 373 1323 aliquando
387 1288 503 1320 aﬁlatos,
514 1293 607 1316 narrat
618 1288 728 1315 Nicetas
744 1287 880 1315 Choniata
908 1288 935 1315 in
954 1287 1077 1315 Historia
1089 1288 1136 1315 lib.
1166 1295 1197 1319 ιι.
1227 1288 1253 1315 5.
1278 1287 1417 1314 Renovata
1443 1291 1583 1322 postremo
1599 1287 1632 1314 ad
1654 1286 1763 1321 plenam

129 1331 205 1360 nullo
228 1332 342 1359 articulo
364 1336 478 1367 excepto
500 1331 690 1359 orthodoxiam
718 1331 892 1359 adhortation

996 1331 1042 1358 οὖν
1063 1331 1166 1366 ἀδελφὰ
1193 1331 1241 1357 καὶ
1267 1331 1346 1366 ὑμεῖς
1374 1332 1497 1366 φρονεῖτε
1512 1331 1588 1365 ἡμῖν,
1614 1330 1664 1362 τὴν
1692 1331 1762 1357 κατὰ

128 1376 246 1411 Χριστὸν
261 1376 398 1412 ἡμετέραν
410 1377 538 1412 ὁμοίωσίν
550 1385 579 1403 τε
591 1377 638 1403 καὶ
651 1376 801 1411 μόρφωσιν,
819 1377 847 1403 ἑν
859 1377 926 1403 πᾶσι
937 1376 993 1407 τοῖς
1007 1375 1151 1411 ἡμετέροις
1162 1374 1373 1410 θεοπαραδότοις
1406 1374 1574 1408 θεσπίσμαοι
1603 1374 1650 1400 καὶ
1680 1374 1763 1409 ἱεροῖς

129 1418 234 1447 ἔθνεσιν
248 1420 363 1452 ἑαυτοὺς
385 1419 605 1456 ἀναμορφώσατε
617 1440 625 1453 ,
643 1420 692 1446 καὶ
709 1420 763 1446 πᾶν
776 1419 807 1446 τὸ
821 1419 944 1446 ἐλλεῖπον
960 1419 1186 1455 ἀναπληρώσατε,
1200 1419 1247 1446 καὶ
1262 1418 1292 1445 τὺ
1308 1419 1468 1454 περιττεῦον
1483 1418 1573 1450 καλῶς
1586 1418 1727 1453 περιέλετε
1738 1418 1761 1452 ),

128 1462 208 1491 aiunt
223 1463 309 1492 Graeci
321 1463 392 1490 mitti
404 1464 439 1491 ab
454 1471 484 1491 se
496 1464 530 1491 ad
544 1464 688 1491 Armenios
702 1463 836 1491 Joannem
851 1464 992 1492 Melitenes
1013 1464 1182 1500 episcopum,
1197 1471 1260 1491 cum
1279 1463 1386 1491 Joanne
1411 1463 1496 1490 altero
1509 1462 1763 1498 Constantinopoli—

129 1510 200 1535 tanae
215 1502 344 1534 Ecclesia:
358 1507 506 1543 logotheta,
521 1507 567 1543 qui
579 1507 670 1537 verbis
681 1507 782 1535 Graecae
795 1508 891 1544 synodi
902 1515 995 1536 coram
1008 1511 1090 1543 agant
1110 1514 1160 1542 pro
1183 1507 1328 1535 demortuo
1338 1514 1427 1542 nuper
1453 1507 1598 1539 Germano,
1628 1506 1706 1542 cujus
1733 1506 1762 1533 in

128 1552 222 1582 sedem
235 1561 317 1581 nemo
331 1554 422 1583 adhuc
435 1547 615 1583 successerat.

163 1606 190 1633 7.
211 1605 303 1634 Tertia
316 1606 426 1634 demum
440 1608 554 1642 epistola
573 1609 657 1636 missa
668 1614 709 1637 est
722 1617 795 1637 anno
808 1609 876 1637 I248
891 1609 925 1637 ad
937 1609 1081 1637 Haitonem
1100 1609 1235 1636 Armeniae
1252 1616 1341 1644 regem
1357 1615 1372 1635 a
1392 1607 1515 1635 Manuele
1538 1606 1560 1634 II
1586 1607 1759 1643 patriarcha,

127 1649 174 1684 qui
190 1653 252 1684 post
266 1649 403 1678 trimestre
414 1650 544 1680 Methodii
567 1651 589 1680 ll
607 1653 740 1689 regimen,
757 1653 932 1689 Byzantinam
947 1654 1105 1682 cathedram
1120 1653 1267 1681 insederat.
1283 1653 1324 1681 En
1337 1653 1459 1688 epistola:
1471 1653 1577 1680 titulum
1589 1657 1617 1680 et
1629 1653 1738 1680 initium
1751 1663 1758 1681 :

133 1695 278 1730 Ἐπιστολὴ
295 1695 458 1730 πεμφθεῖσα
471 1696 547 1732 παρὰ
569 1698 616 1725 τοῦ
638 1698 808 1734 πατριάρχου
833 1697 1144 1729 Κωνσταντινουπόλεως
1168 1696 1252 1733 κυροῦ
1265 1697 1395 1733 Μανουὴλ
1412 1697 1481 1732 πρὸς
1501 1697 1546 1723 τὸν
1564 1697 1638 1732 ρῆγα
1658 1697 1761 1732 Ἀρμε-

127 1738 192 1766 νίων
209 1739 289 1774 κῦριν
306 1740 483 1776 Χεττούμιον,
501 1741 550 1768 καὶ
564 1742 633 1777 πρὸς
645 1741 691 1769 τὸν
708 1742 783 1776 σφῶν
798 1742 941 1769 καθολικὺν
956 1740 1035 1776 κῦριν
1059 1742 1274 1773 Κωνσταντῖνον,
1296 1741 1344 1767 καὶ
1357 1741 1426 1777 πρὸς
1447 1741 1558 1767 ἅπασαν
1572 1740 1621 1776 τὴν
1644 1741 1759 1777 Ἐκκλη-

129 1782 191 1811 σίαν
202 1783 302 1816 αὐτῶν,
320 1784 402 1810 πάλιν
414 1784 446 1811 ἐκ
459 1785 564 1820 τρίτου,
581 1786 648 1820 περὶ
662 1786 712 1821 τῆς
729 1786 788 1821 μεθ’
799 1786 878 1821 ἡμῶν
893 1785 1016 1817 ὲνώσεως
1033 1784 1087 1811 τῶν
1105 1784 1262 1820 Ῥωμαίων,
1279 1784 1356 1815 ἔτους
1369 1784 1475 1819 ,ςψνς¹.
1488 1784 1519 1812 v'.
1533 1787 1571 1816 ς’,
1586 1784 1613 1811 id
1629 1789 1672 1812 cst
1684 1784 1761 1812 Grat-

128 1834 224 1856 00rum
244 1834 315 1854 anno
331 1828 411 1860 6756,
435 1827 592 1856 Latinorum
618 1829 697 1862 1248,
718 1829 866 1858 indictione
880 1837 892 1857 ε

991 1829 1086 1863 Incipit
1106 1833 1196 1856 autem
1211 1837 1219 1857 :
1236 1828 1486 1863 Πανευτυχέστατε,
1509 1828 1757 1862 πανευγενέστατε,

132 1870 353 1904 πἰνενδοξότατε,
370 1872 591 1907 πανυψηλότατε,
621 1873 780 1908 περιώνυμε
799 1874 849 1909 ρὴξ
870 1873 917 1900 τοῦ
934 1873 1137 1908 ἁνδρικωτάτου
1156 1873 1202 1899 καὶ
1231 1872 1453 1908 μεγαλοδυνάμου
1471 1872 1566 1906 γένους
1581 1871 1636 1898 τῶν
1656 1871 1760 1908 Ἀρμε-

129 1915 205 1948 νίων,
218 1916 309 1951 τρίτον
323 1916 374 1952 ἤδη
389 1916 506 1952 γράμμα
521 1918 553 1952 τῇ
582 1917 825 1954 μεγαλουργοτάτῃ
841 1918 941 1954 ρηγικῇ
960 1926 1007 1944 σου
1020 1917 1215 1952 ὲπιστέλλομεν
1229 1917 1351 1951 ἐξουσίᾳ,
1368 1918 1415 1944 καὶ
1436 1916 1504 1943 πᾶσι
1525 1918 1582 1948 τοῖς
1597 1917 1760 1951 εὐγενεστά-

127 1966 194 1991 τοις,
209 1967 236 1986 κ.
253 1967 279 1986 τ.
296 1958 333 1992 λ.,
348 1959 387 1994 τῷ
402 1968 432 1985 τε
448 1960 540 1995 σοφίᾳ,
558 1969 585 1987 κ.
601 1970 627 1988 τ.
641 1960 678 1994 λ.,
693 1961 860 1996 ὐπερυψήλῳ
871 1961 1005 1996 καθολικῷ
1020 1962 1069 1997 τῆς
1078 1962 1132 1988 τῶν
1151 1961 1301 1997 Ἀρμενίων
1324 1960 1497 1995 Ἐκκλησίας,
1514 1969 1542 1988 κ.
1555 1969 1581 1986 τ.
1592 1960 1618 1987 λ.
1633 1960 1694 1995 Ipse
1709 1969 1759 1988 au-

128 2007 183 2032 tem
197 2003 350 2038 patriarcha
368 2003 475 2031 Manuel
493 2005 534 2038 (ut
554 2012 635 2039 supra
650 2004 813 2040 Germanus)
828 2005 866 2032 ita
889 2015 894 2032 ι

993 2014 1010 2033 e
1031 2006 1177 2034 subscribit
1194 2015 1201 2032 :
1218 2005 1347 2041 Μανουὴλ
1360 2005 1427 2041 ἐλέῳ
1451 2005 1520 2033 Θεοῦ
1543 2004 1759 2041 ἅρχιεπίσκοπος

128 2048 441 2080 Κωνσταντινουπόλεως
450 2070 458 2082 ,
472 2048 536 2080 νέας
549 2048 669 2084 Ῥώμης.
686 2048 734 2076 καὶ
747 2049 894 2084 οίκουμενιε

993 2050 1138 2086 τριάρχης.
1152 2049 1259 2077 Monac!
1271 2050 1440 2077 miseratione
1451 2050 1540 2076 diuina
1551 2050 1759 2084 archiepiscopus

127 2090 395 2127 Constantinopoleos,
408 2099 480 2119 nam
497 2091 597 2125 Romw,
609 2097 633 2119 et
648 2093 822 2120 cecumem'cus
837 2093 1003 2127 patriarcha.
1018 2093 1126 2121 Prolixa
1144 2098 1186 2121 est
1199 2094 1258 2121 haec
1276 2101 1384 2129 quoque
1400 2094 1512 2129 epistola
1522 2114 1529 2127 ,
1550 2094 1579 2121 in
1596 2101 1650 2128 qua
1671 2093 1759 2128 primo

128 2142 223 2169 preces
238 2136 272 2162 ad
284 2135 369 2163 Deum
385 2136 454 2164 ﬁunt
468 2141 497 2163 ut
510 2136 703 2164 Armeniorum
719 2145 811 2172 regem
825 2144 872 2164 sua
888 2138 974 2173 gratia
990 2138 1137 2170 illuminet,
1149 2146 1203 2172 quo
1217 2138 1241 2165 is
1253 2138 1357 2173 pariter
1370 2139 1444 2174 genti
1457 2146 1513 2165 sua:
1532 2134 1619 2165 facem
1631 2137 1759 2172 praeferat

128 2179 162 2206 ad
179 2178 390 2213 dignoscendam
408 2180 472 2207 ﬁdei
488 2180 696 2214 orthodoxiam;
721 2189 781 2216 qua:
802 2181 904 2214 verba,
923 2187 954 2210 ut
975 2191 1046 2217 reor,
1068 2183 1200 2210 denotant
1220 2183 1343 2210 nondum
1361 2190 1452 2218 regem
1467 2183 1582 2217 ejusque
1602 2185 1709 2218 gentem
1724 2182 1759 2209 ad

127 2222 236 2258 plenam
255 2223 377 2250 veritatis
393 2224 481 2251 lucem
495 2224 617 2252 venisse.
642 2225 856 2261 Monophysismi
873 2234 981 2262 quoque
992 2231 1020 2254 et
1034 2227 1236 2255 monothelismi
1249 2227 1339 2254 denuo
1359 2227 1390 2253 ﬁt
1407 2226 1568 2259 confutatio,
1582 2233 1644 2253 cum
1669 2225 1757 2253 lucida

126 2275 160 2295 ac
174 2267 325 2303 theologica
345 2268 541 2296 incarnationis
555 2268 701 2297 Dominicaa
714 2274 742 2297 et
760 2270 821 2298 vitm
836 2271 1014 2306 expositione.
1029 2271 1214 2299 Memorantur
1230 2271 1393 2306 patriarcha:
1407 2270 1569 2298 Antiocheni
1584 2269 1671 2297 Graeci
1688 2269 1757 2303 (erat

126 2312 198 2339 enim
215 2312 405 2339 Armeniorum
423 2311 543 2339 Ecclesia
559 2312 587 2339 in
601 2313 798 2348 patriarchatus
812 2314 974 2342 Antiocheni
987 2315 1070 2350 jure),
1086 2315 1183 2343 littera:
1197 2315 1230 2342 ad
1252 2314 1376 2343 Graecum
1387 2314 1580 2349 imperatorem
1594 2317 1623 2341 et
1642 2312 1676 2340 ad
1691 2312 1758 2341 Ger-

125 2363 237 2383 manum
260 2355 282 2382 II
299 2355 362 2383 olim
382 2355 577 2391 patriarcham,
592 2363 654 2391 quae
667 2357 805 2392 negotium
824 2366 891 2386 conc

990 2359 1121 2394 urgebant
1140 2358 1314 2394 ἀπεριέργως
1325 2359 1413 2393 πάντη
1431 2357 1477 2384 καὶ
1493 2357 1610 2389 ἀδόλως.
1629 2357 1686 2384 sine
1701 2355 1756 2384 ulla

127 2399 337 2434 tergiversatione
352 2405 398 2426 aut
412 2399 472 2426 dolo
485 2399 615 2428 facienda:
644 2409 651 2427 :
672 2408 739 2433 quas
755 2402 918 2430 Antiocheni
932 2402 1035 2430 litteras
1054 2402 1200 2430 attulerant
1221 2401 1348 2429 monachi
1367 2401 1557 2428 Theodoretus
1585 2405 1613 2428 et
1641 2400 1755 2427 Blasius.

126 2443 194 2470 Exin
211 2445 409 2477 prmteritorum
421 2448 582 2471 tractatuum
601 2443 712 2472 historia
728 2445 897 2477 contexitur;
913 2453 1012 2480 nempe
1026 2446 1098 2480 quod
1109 2445 1271 2477 Germanus,
1285 2445 1403 2480 acceptis
1416 2444 1449 2472 iis
1464 2444 1574 2476 litteris,
1592 2443 1755 2471 Melitenen-

126 2493 184 2514 sem
199 2488 397 2522 metropolitam
420 2488 447 2515 in
472 2488 627 2515 Armeniam
651 2489 769 2524 legatum
797 2489 838 2517 ire
856 2489 997 2523 iussisset;
1021 2490 1148 2525 quodque
1179 2489 1300 2516 Armenii
1327 2488 1446 2516 vicissim
1471 2495 1526 2515 sua:
1546 2487 1608 2515 ﬁdei
1635 2487 1755 2515 libellum

127 2530 284 2562 misissent:
296 2537 404 2559 mortuo
419 2532 527 2559 interim
545 2532 698 2567 patriarcha
713 2533 859 2561 Germano.
874 2533 944 2561 Tum
968 2534 1090 2561 vacantis
1112 2533 1234 2561 ecclesiae
1258 2533 1362 2559 clerum
1383 2533 1625 2567 et‘imperatorem
1636 2551 1644 2564 ,
1665 2532 1757 2559 libello

126 2574 207 2607 lecto,
230 2575 338 2603 misisse
353 2576 380 2603 in
399 2576 556 2603 Armeniam
575 2576 673 2604 iterum
691 2577 895 2605 Melitenensem
909 2578 1078 2613 episcopum,
1094 2585 1155 2604 cum
1171 2577 1284 2612 przclalo
1299 2576 1362 2608 alio,
1380 2581 1408 2603 et
1424 2583 1485 2603 cum
1507 2575 1560 2603 illis
1574 2575 1673 2603 litteris
1687 2584 1757 2610 quas

125 2627 176 2646 nos
191 2619 325 2647 secundas
338 2619 467 2653 diximus,
477 2624 505 2647 et
520 2620 600 2654 paulo
613 2625 676 2648 ante
690 2622 846 2649 summatim
860 2622 1012 2649 retulimus.
1024 2621 1095 2654 Quid
1112 2621 1175 2648 inde
1185 2628 1266 2655 porro
1276 2625 1398 2648 secutum
1412 2620 1458 2653 sit,
1471 2620 1538 2648 dicit
1551 2628 1625 2647 nunc
1646 2619 1753 2647 Manuel

124 2663 293 2698 patriarcha,
308 2670 407 2698 nempe
427 2664 571 2691 Armenios
592 2672 660 2691 vana
681 2665 763 2692 verba
787 2665 882 2701 legatis
904 2665 1022 2696 dedisse,
1044 2664 1149 2692 scilicet
1167 2664 1236 2691 nihil
1259 2664 1372 2692 conﬁeri
1395 2671 1486 2699 posse,
1512 2663 1576 2699 quia
1600 2662 1753 2698 patriarcha

126 2714 220 2734 eorum
235 2707 328 2741 procul
345 2707 439 2734 aberat
457 2707 483 2734 in
497 2714 559 2734 arce
570 2708 681 2735 Bomela
694 2709 727 2735 ad
743 2708 921 2744 Euphratem,
936 2709 995 2736 sine
1010 2709 1088 2744 cujus
1099 2708 1233 2743 simulque
1246 2708 1355 2744 gentilis
1369 2708 1465 2744 synodi
1480 2707 1644 2735 auctoritate
1658 2706 1752 2741 perﬁci

126 2752 191 2778 unio
209 2759 263 2779 non
281 2755 397 2786 poterat.
418 2751 502 2786 Igitur
516 2756 577 2787 post
591 2752 661 2780 hanc
675 2752 788 2779 alteram
804 2752 967 2788 legationem
977 2771 986 2784 .
1006 2760 1038 2780 ac
1052 2752 1130 2779 futile
1142 2751 1335 2789 Armeniorum
1352 2759 1531 2787 responsum.
1547 2751 1652 2786 aliquot
1664 2757 1752 2777 annos

125 2795 276 2824 decurrisse
290 2795 430 2830 (nimirum
447 2796 481 2822 ab
496 2803 569 2823 anno
585 2796 694 2823 circiter
706 2796 772 2823 1241
797 2804 882 2831 usque
896 2797 932 2826 ad
951 2797 1042 2832 12%);
1066 2797 1154 2824 donec
1174 2797 1275 2824 iterum
1297 2797 1419 2824 Armenii
1439 2797 1472 2824 ad
1488 2796 1613 2824 Graecum
1632 2796 1751 2831 impera-

129 2843 214 2865 torem
230 2839 372 2874 scripsisse
386 2839 516 2866 vidcntur
528 2839 562 2867 de
575 2840 684 2875 negotio
699 2840 851 2868 concordia:
873 2850 880 2868 :
895 2849 976 2876 quam
989 2841 1074 2868 Graeci
1099 2846 1130 2868 ut
1150 2841 1253 2876 absque
1269 2841 1440 2871 diuturniore
1464 2848 1540 2868 mora
1565 2841 1731 2867 conﬁcerent
1741 2860 1749 2870 .

127 2883 230 2914 tcrtiam
240 2893 313 2914 nunc
321 2884 482 2921 legationem
493 2885 616 2921 mittunt,
628 2893 727 2922 nempe
736 2885 947 2928 illelitcnenscm
957 2885 1129 2922 praedictum,
1142 2889 1170 2914 ct
1180 2885 1374 2922 Philadelphia:
1396 2884 1594 2921 metropolitam
1616 2884 1746 2918 Phocam,
