  <div class='ocr_page' id='page_1' title='image "/cluster/home/n/w/nwhite01/storage/ocr_20150623/102/njp.32101010943874/373.png"; bbox 0 0 1940 3087; ppageno 0'>
   <div class='ocr_carea' id='block_1_1' title="bbox 187 148 1812 193">
    <p class='ocr_par' dir='ltr' id='par_1_1' title="bbox 187 148 1812 193">
     <span class='ocr_line' id='line_1_1' title="bbox 187 148 1812 193; baseline -0.003 -2"><span class='ocrx_word' id='word_1_1' title='bbox 187 148 241 193; x_wconf 70' lang='lat'><strong>703</strong></span> <span class='ocrx_word' id='word_1_2' title='bbox 761 157 894 188; x_wconf 89' lang='lat' dir='ltr'><strong>PHUTII</strong></span> <span class='ocrx_word' id='word_1_3' title='bbox 914 156 1168 187; x_wconf 66' lang='lat' dir='ltr'><strong>PATRIARCHE</strong></span> <span class='ocrx_word' id='word_1_4' title='bbox 1189 155 1244 187; x_wconf 89' lang='lat' dir='ltr'><strong>CP.</strong></span> <span class='ocrx_word' id='word_1_5' title='bbox 1713 149 1716 153; x_wconf 69' lang='grc'><strong>’</strong></span> <span class='ocrx_word' id='word_1_6' title='bbox 1758 155 1812 187; x_wconf 68' lang='lat' dir='ltr'><strong>7M</strong></span> 
     </span>
    </p>
   </div>
   <div class='ocr_carea' id='block_1_2' title="bbox 186 210 1815 250">
    <p class='ocr_par' dir='ltr' id='par_1_2' title="bbox 186 210 1815 250">
     <span class='ocr_line' id='line_1_2' title="bbox 186 210 1815 250; baseline -0.004 -4"><span class='ocrx_word' id='word_1_7' title='bbox 186 219 222 247; x_wconf 90' lang='lat' dir='ltr'><strong>ad</strong></span> <span class='ocrx_word' id='word_1_8' title='bbox 238 219 399 246; x_wconf 85' lang='lat' dir='ltr'><strong>lirmannum</strong></span> <span class='ocrx_word' id='word_1_9' title='bbox 413 215 540 250; x_wconf 84' lang='lat' dir='ltr'><strong>denique,</strong></span> <span class='ocrx_word' id='word_1_10' title='bbox 563 215 585 242; x_wconf 89' lang='lat' dir='ltr'><strong>si</strong></span> <span class='ocrx_word' id='word_1_11' title='bbox 601 215 660 243; x_wconf 85' lang='lat' dir='ltr'><strong>ﬁeri</strong></span> <span class='ocrx_word' id='word_1_12' title='bbox 680 218 784 250; x_wconf 86' lang='lat' dir='ltr'><strong>posset,</strong></span> <span class='ocrx_word' id='word_1_13' title='bbox 799 214 957 249; x_wconf 80' lang='lat' dir='ltr'><strong>religiosum</strong></span> <span class='ocrx_word' id='word_1_14' title='bbox 974 214 1072 246; x_wconf 87' lang='lat' dir='ltr'><strong>fcedus,</strong></span> <span class='ocrx_word' id='word_1_15' title='bbox 1089 214 1127 241; x_wconf 92' lang='lat' dir='ltr'><strong>ita</strong></span> <span class='ocrx_word' id='word_1_16' title='bbox 1143 218 1234 241; x_wconf 88' lang='lat' dir='ltr'><strong>tamen</strong></span> <span class='ocrx_word' id='word_1_17' title='bbox 1256 216 1286 240; x_wconf 87' lang='lat' dir='ltr'><strong>ut</strong></span> <span class='ocrx_word' id='word_1_18' title='bbox 1303 211 1337 240; x_wconf 88' lang='lat' dir='ltr'><strong>de</strong></span> <span class='ocrx_word' id='word_1_19' title='bbox 1350 211 1512 246; x_wconf 87' lang='lat' dir='ltr'><strong>quihusdam</strong></span> <span class='ocrx_word' id='word_1_20' title='bbox 1528 210 1654 246; x_wconf 84' lang='lat' dir='ltr'><strong>capitulis</strong></span> <span class='ocrx_word' id='word_1_21' title='bbox 1671 211 1815 240; x_wconf 81' lang='lat' dir='ltr'><strong>Armenios</strong></span> 
     </span>
    </p>
   </div>
   <div class='ocr_carea' id='block_1_3' title="bbox 188 254 1815 296">
    <p class='ocr_par' dir='ltr' id='par_1_3' title="bbox 188 254 1815 296">
     <span class='ocr_line' id='line_1_3' title="bbox 188 254 1815 296; baseline -0.005 -5"><span class='ocrx_word' id='word_1_22' title='bbox 188 268 270 291; x_wconf 88' lang='lat' dir='ltr'><strong>antea</strong></span> <span class='ocrx_word' id='word_1_23' title='bbox 281 263 490 296; x_wconf 82' lang='lat' dir='ltr'><strong>interrogarent,</strong></span> <span class='ocrx_word' id='word_1_24' title='bbox 500 267 560 294; x_wconf 72' lang='lat' dir='ltr'><strong>quae</strong></span> <span class='ocrx_word' id='word_1_25' title='bbox 567 259 646 287; x_wconf 82' lang='lat' dir='ltr'><strong>valde</strong></span> <span class='ocrx_word' id='word_1_26' title='bbox 656 258 787 286; x_wconf 70' lang='lat' dir='ltr'><strong>intererat</strong></span> <span class='ocrx_word' id='word_1_27' title='bbox 798 263 889 296; x_wconf 79' lang='lat' dir='ltr'><strong>utrum</strong></span> <span class='ocrx_word' id='word_1_28' title='bbox 905 258 958 293; x_wconf 87' lang='lat' dir='ltr'><strong>ipsi</strong></span> <span class='ocrx_word' id='word_1_29' title='bbox 971 257 1148 285; x_wconf 75' lang='lat' dir='ltr'><strong>admitterent</strong></span> <span class='ocrx_word' id='word_1_30' title='bbox 1158 264 1211 284; x_wconf 87' lang='lat' dir='ltr'><strong>nec</strong></span> <span class='ocrx_word' id='word_1_31' title='bbox 1220 263 1266 284; x_wconf 89' lang='lat' dir='ltr'><strong>ne.</strong></span> <span class='ocrx_word' id='word_1_32' title='bbox 1277 255 1406 283; x_wconf 78' lang='lat' dir='ltr'><strong>Hortatur</strong></span> <span class='ocrx_word' id='word_1_33' title='bbox 1415 254 1533 289; x_wconf 84' lang='lat' dir='ltr'><strong>denique</strong></span> <span class='ocrx_word' id='word_1_34' title='bbox 1541 254 1651 281; x_wconf 90' lang='lat' dir='ltr'><strong>Manuel</strong></span> <span class='ocrx_word' id='word_1_35' title='bbox 1662 255 1815 289; x_wconf 77' lang='lat' dir='ltr'><strong>patriarcha</strong></span> 
     </span>
    </p>
   </div>
   <div class='ocr_carea' id='block_1_4' title="bbox 185 299 1815 340">
    <p class='ocr_par' dir='ltr' id='par_1_4' title="bbox 185 299 1815 340">
     <span class='ocr_line' id='line_1_4' title="bbox 185 299 1815 340; baseline -0.004 -6"><span class='ocrx_word' id='word_1_36' title='bbox 185 307 329 334; x_wconf 88' lang='lat' dir='ltr'><strong>Haitonem</strong></span> <span class='ocrx_word' id='word_1_37' title='bbox 344 312 433 340; x_wconf 84' lang='lat' dir='ltr'><strong>regem</strong></span> <span class='ocrx_word' id='word_1_38' title='bbox 449 304 562 338; x_wconf 81' lang='lat' dir='ltr'><strong>ejusque</strong></span> <span class='ocrx_word' id='word_1_39' title='bbox 578 308 687 339; x_wconf 81' lang='lat' dir='ltr'><strong>gentem</strong></span> <span class='ocrx_word' id='word_1_40' title='bbox 697 322 704 335; x_wconf 94' lang='lat'><strong>,</strong></span> <span class='ocrx_word' id='word_1_41' title='bbox 719 306 749 329; x_wconf 90' lang='lat' dir='ltr'><strong>ut</strong></span> <span class='ocrx_word' id='word_1_42' title='bbox 766 309 899 329; x_wconf 84' lang='lat' dir='ltr'><strong>memores</strong></span> <span class='ocrx_word' id='word_1_43' title='bbox 918 302 1060 330; x_wconf 75' lang='lat' dir='ltr'><strong>orthodoxi</strong></span> <span class='ocrx_word' id='word_1_44' title='bbox 1082 301 1211 329; x_wconf 82' lang='lat' dir='ltr'><strong>Tiridatis</strong></span> <span class='ocrx_word' id='word_1_45' title='bbox 1226 307 1252 328; x_wconf 91' lang='lat' dir='ltr'><strong>et</strong></span> <span class='ocrx_word' id='word_1_46' title='bbox 1266 305 1389 328; x_wconf 90' lang='lat' dir='ltr'><strong>veterum</strong></span> <span class='ocrx_word' id='word_1_47' title='bbox 1404 299 1542 327; x_wconf 65' lang='lat' dir='ltr'><strong>Armeniae</strong></span> <span class='ocrx_word' id='word_1_48' title='bbox 1558 299 1750 334; x_wconf 90' lang='lat' dir='ltr'><strong>episcoporum</strong></span> <span class='ocrx_word' id='word_1_49' title='bbox 1768 300 1815 335; x_wconf 87' lang='lat' dir='ltr'><strong>qui</strong></span> 
     </span>
    </p>
   </div>
   <div class='ocr_carea' id='block_1_5' title="bbox 187 344 1642 385">
    <p class='ocr_par' dir='ltr' id='par_1_5' title="bbox 187 344 1642 385">
     <span class='ocr_line' id='line_1_5' title="bbox 187 344 1642 385; baseline -0.006 -6"><span class='ocrx_word' id='word_1_50' title='bbox 187 351 276 379; x_wconf 89' lang='lat' dir='ltr'><strong>tribus</strong></span> <span class='ocrx_word' id='word_1_51' title='bbox 291 349 427 385; x_wconf 84' lang='lat' dir='ltr'><strong>prioribus</strong></span> <span class='ocrx_word' id='word_1_52' title='bbox 441 348 567 376; x_wconf 86' lang='lat' dir='ltr'><strong>conciliis</strong></span> <span class='ocrx_word' id='word_1_53' title='bbox 580 347 773 379; x_wconf 80' lang='lat' dir='ltr'><strong>interfuerant,</strong></span> <span class='ocrx_word' id='word_1_54' title='bbox 795 346 822 373; x_wconf 95' lang='lat' dir='ltr'><strong>in</strong></span> <span class='ocrx_word' id='word_1_55' title='bbox 840 346 902 374; x_wconf 83' lang='lat' dir='ltr'><strong>fidei</strong></span> <span class='ocrx_word' id='word_1_56' title='bbox 915 346 1050 374; x_wconf 86' lang='lat' dir='ltr'><strong>unitatem</strong></span> <span class='ocrx_word' id='word_1_57' title='bbox 1065 353 1128 373; x_wconf 90' lang='lat' dir='ltr'><strong>cum</strong></span> <span class='ocrx_word' id='word_1_58' title='bbox 1145 345 1279 373; x_wconf 89' lang='lat' dir='ltr'><strong>catholica</strong></span> <span class='ocrx_word' id='word_1_59' title='bbox 1297 344 1459 379; x_wconf 82' lang='lat' dir='ltr'><strong>antiquitate</strong></span> <span class='ocrx_word' id='word_1_60' title='bbox 1473 344 1642 379; x_wconf 89' lang='lat' dir='ltr'><strong>conspirent.</strong></span> 
     </span>
    </p>
   </div>
   <div class='ocr_carea' id='block_1_6' title="bbox 221 387 1817 428">
    <p class='ocr_par' dir='ltr' id='par_1_6' title="bbox 221 387 1817 428">
     <span class='ocr_line' id='line_1_6' title="bbox 221 387 1817 428; baseline -0.003 -7"><span class='ocrx_word' id='word_1_61' title='bbox 221 394 248 421; x_wconf 86' lang='lat'><strong>8.</strong></span> <span class='ocrx_word' id='word_1_62' title='bbox 268 395 307 421; x_wconf 81' lang='lat' dir='ltr'><strong>Ex</strong></span> <span class='ocrx_word' id='word_1_63' title='bbox 323 394 375 426; x_wconf 90' lang='lat' dir='ltr'><strong>his,</strong></span> <span class='ocrx_word' id='word_1_64' title='bbox 390 401 451 428; x_wconf 60' lang='lat' dir='ltr'><strong>quas</strong></span> <span class='ocrx_word' id='word_1_65' title='bbox 467 393 600 420; x_wconf 85' lang='lat' dir='ltr'><strong>hactenus</strong></span> <span class='ocrx_word' id='word_1_66' title='bbox 622 391 832 426; x_wconf 84' lang='lat' dir='ltr'><strong>disputavimus,</strong></span> <span class='ocrx_word' id='word_1_67' title='bbox 853 390 998 426; x_wconf 88' lang='lat' dir='ltr'><strong>perspicue</strong></span> <span class='ocrx_word' id='word_1_68' title='bbox 1023 395 1132 418; x_wconf 83' lang='lat' dir='ltr'><strong>constat</strong></span> <span class='ocrx_word' id='word_1_69' title='bbox 1146 389 1312 425; x_wconf 63' lang='lat' dir='ltr'><strong>prmeipuam</strong></span> <span class='ocrx_word' id='word_1_70' title='bbox 1336 388 1530 415; x_wconf 84' lang='lat' dir='ltr'><strong>Armeniorum</strong></span> <span class='ocrx_word' id='word_1_71' title='bbox 1567 387 1693 415; x_wconf 72' lang='lat' dir='ltr'><strong>haeresim</strong></span> <span class='ocrx_word' id='word_1_72' title='bbox 1717 387 1744 414; x_wconf 93' lang='lat' dir='ltr'><strong>in</strong></span> <span class='ocrx_word' id='word_1_73' title='bbox 1764 387 1817 416; x_wconf 90' lang='lat' dir='ltr'><strong>hoc</strong></span> 
     </span>
    </p>
   </div>
   <div class='ocr_carea' id='block_1_7' title="bbox 183 430 1816 471">
    <p class='ocr_par' dir='ltr' id='par_1_7' title="bbox 183 430 1816 471">
     <span class='ocr_line' id='line_1_7' title="bbox 183 430 1816 471; baseline -0.005 -5"><span class='ocrx_word' id='word_1_74' title='bbox 183 438 264 469; x_wconf 80' lang='lat' dir='ltr'><strong>verti,</strong></span> <span class='ocrx_word' id='word_1_75' title='bbox 284 437 356 471; x_wconf 80' lang='lat' dir='ltr'><strong>quod</strong></span> <span class='ocrx_word' id='word_1_76' title='bbox 373 445 454 471; x_wconf 86' lang='lat' dir='ltr'><strong>neque</strong></span> <span class='ocrx_word' id='word_1_77' title='bbox 469 437 536 464; x_wconf 80' lang='lat' dir='ltr'><strong>duas</strong></span> <span class='ocrx_word' id='word_1_78' title='bbox 549 437 578 463; x_wconf 83' lang='lat' dir='ltr'><strong>in</strong></span> <span class='ocrx_word' id='word_1_79' title='bbox 591 436 693 464; x_wconf 80' lang='lat' dir='ltr'><strong>Christo</strong></span> <span class='ocrx_word' id='word_1_80' title='bbox 706 441 819 462; x_wconf 86' lang='lat' dir='ltr'><strong>naturas</strong></span> <span class='ocrx_word' id='word_1_81' title='bbox 840 435 958 470; x_wconf 79' lang='lat' dir='ltr'><strong>proﬁteri</strong></span> <span class='ocrx_word' id='word_1_82' title='bbox 975 433 1074 466; x_wconf 83' lang='lat' dir='ltr'><strong>uolunt,</strong></span> <span class='ocrx_word' id='word_1_83' title='bbox 1096 441 1178 468; x_wconf 84' lang='lat' dir='ltr'><strong>neque</strong></span> <span class='ocrx_word' id='word_1_84' title='bbox 1203 433 1332 467; x_wconf 75' lang='lat' dir='ltr'><strong>synodum</strong></span> <span class='ocrx_word' id='word_1_85' title='bbox 1353 430 1588 459; x_wconf 82' lang='lat' dir='ltr'><strong>Chalcedonensem</strong></span> <span class='ocrx_word' id='word_1_86' title='bbox 1600 450 1607 463; x_wconf 94' lang='lat'><strong>,</strong></span> <span class='ocrx_word' id='word_1_87' title='bbox 1626 431 1816 466; x_wconf 76' lang='lat' dir='ltr'><strong>epistulamque</strong></span> 
     </span>
    </p>
   </div>
   <div class='ocr_carea' id='block_1_8' title="bbox 186 474 1819 515">
    <p class='ocr_par' dir='ltr' id='par_1_8' title="bbox 186 474 1819 515">
     <span class='ocr_line' id='line_1_8' title="bbox 186 474 1819 515; baseline -0.004 -7"><span class='ocrx_word' id='word_1_88' title='bbox 186 481 272 508; x_wconf 83' lang='lat' dir='ltr'><strong>sancti</strong></span> <span class='ocrx_word' id='word_1_89' title='bbox 286 481 378 508; x_wconf 80' lang='lat' dir='ltr'><strong>Leonis</strong></span> <span class='ocrx_word' id='word_1_90' title='bbox 393 480 460 512; x_wconf 87' lang='lat' dir='ltr'><strong>PP.,</strong></span> <span class='ocrx_word' id='word_1_91' title='bbox 474 488 533 515; x_wconf 74' lang='lat' dir='ltr'><strong>qua:</strong></span> <span class='ocrx_word' id='word_1_92' title='bbox 549 480 576 507; x_wconf 85' lang='lat' dir='ltr'><strong>id</strong></span> <span class='ocrx_word' id='word_1_93' title='bbox 587 480 682 515; x_wconf 82' lang='lat' dir='ltr'><strong>dogma</strong></span> <span class='ocrx_word' id='word_1_94' title='bbox 698 479 808 514; x_wconf 81' lang='lat' dir='ltr'><strong>deﬁniit,</strong></span> <span class='ocrx_word' id='word_1_95' title='bbox 824 480 973 506; x_wconf 78' lang='lat' dir='ltr'><strong>admittere.</strong></span> <span class='ocrx_word' id='word_1_96' title='bbox 992 476 1204 511; x_wconf 85' lang='lat' dir='ltr'><strong>Quatuordecim</strong></span> <span class='ocrx_word' id='word_1_97' title='bbox 1224 475 1306 510; x_wconf 76' lang='lat' dir='ltr'><strong>igitur</strong></span> <span class='ocrx_word' id='word_1_98' title='bbox 1316 476 1371 510; x_wconf 75' lang='lat' dir='ltr'><strong>jam</strong></span> <span class='ocrx_word' id='word_1_99' title='bbox 1385 482 1470 510; x_wconf 87' lang='lat' dir='ltr'><strong>prope</strong></span> <span class='ocrx_word' id='word_1_100' title='bbox 1486 474 1583 502; x_wconf 79' lang='lat' dir='ltr'><strong>saecula</strong></span> <span class='ocrx_word' id='word_1_101' title='bbox 1597 474 1771 507; x_wconf 80' lang='lat' dir='ltr'><strong>emuxerunt,</strong></span> <span class='ocrx_word' id='word_1_102' title='bbox 1786 482 1819 502; x_wconf 81' lang='lat' dir='ltr'><strong>ex</strong></span> 
     </span>
    </p>
   </div>
   <div class='ocr_carea' id='block_1_9' title="bbox 184 519 1821 560">
    <p class='ocr_par' dir='ltr' id='par_1_9' title="bbox 184 519 1821 560">
     <span class='ocr_line' id='line_1_9' title="bbox 184 519 1821 560; baseline -0.004 -8"><span class='ocrx_word' id='word_1_103' title='bbox 184 533 238 560; x_wconf 90' lang='lat' dir='ltr'><strong>quo</strong></span> <span class='ocrx_word' id='word_1_104' title='bbox 252 532 315 560; x_wconf 87' lang='lat' dir='ltr'><strong>pars</strong></span> <span class='ocrx_word' id='word_1_105' title='bbox 329 524 522 552; x_wconf 79' lang='lat' dir='ltr'><strong>Armeniorum</strong></span> <span class='ocrx_word' id='word_1_106' title='bbox 536 523 653 551; x_wconf 86' lang='lat' dir='ltr'><strong>maxima</strong></span> <span class='ocrx_word' id='word_1_107' title='bbox 672 523 701 551; x_wconf 90' lang='lat' dir='ltr'><strong>in</strong></span> <span class='ocrx_word' id='word_1_108' title='bbox 717 523 845 559; x_wconf 82' lang='lat' dir='ltr'><strong>praedicta</strong></span> <span class='ocrx_word' id='word_1_109' title='bbox 859 526 934 551; x_wconf 90' lang='lat' dir='ltr'><strong>secta</strong></span> <span class='ocrx_word' id='word_1_110' title='bbox 946 522 1135 556; x_wconf 68' lang='lat' dir='ltr'><strong>doctrinaeque</strong></span> <span class='ocrx_word' id='word_1_111' title='bbox 1146 520 1329 556; x_wconf 86' lang='lat' dir='ltr'><strong>perversitate</strong></span> <span class='ocrx_word' id='word_1_112' title='bbox 1346 523 1472 547; x_wconf 86' lang='lat' dir='ltr'><strong>versatur</strong></span> <span class='ocrx_word' id='word_1_113' title='bbox 1487 527 1495 551; x_wconf 91' lang='lat'><strong>;</strong></span> <span class='ocrx_word' id='word_1_114' title='bbox 1508 519 1662 547; x_wconf 71' lang='lat' dir='ltr'><strong>Graecorum</strong></span> <span class='ocrx_word' id='word_1_115' title='bbox 1679 523 1770 546; x_wconf 86' lang='lat' dir='ltr'><strong>autem</strong></span> <span class='ocrx_word' id='word_1_116' title='bbox 1785 519 1821 547; x_wconf 86' lang='lat' dir='ltr'><strong>ad</strong></span> 
     </span>
    </p>
   </div>
   <div class='ocr_carea' id='block_1_10' title="bbox 184 562 1817 602">
    <p class='ocr_par' dir='ltr' id='par_1_10' title="bbox 184 562 1817 602">
     <span class='ocr_line' id='line_1_10' title="bbox 184 562 1817 602; baseline -0.002 -7"><span class='ocrx_word' id='word_1_117' title='bbox 184 567 377 595; x_wconf 86' lang='lat' dir='ltr'><strong>insinuandam</strong></span> <span class='ocrx_word' id='word_1_118' title='bbox 392 567 582 595; x_wconf 74' lang='lat' dir='ltr'><strong>orthodoxiam</strong></span> <span class='ocrx_word' id='word_1_119' title='bbox 594 588 601 600; x_wconf 93' lang='lat'><strong>,</strong></span> <span class='ocrx_word' id='word_1_120' title='bbox 625 567 863 602; x_wconf 87' lang='lat' dir='ltr'><strong>revocandamque</strong></span> <span class='ocrx_word' id='word_1_121' title='bbox 885 566 1060 594; x_wconf 86' lang='lat' dir='ltr'><strong>concordiam</strong></span> <span class='ocrx_word' id='word_1_122' title='bbox 1085 568 1201 592; x_wconf 84' lang='lat' dir='ltr'><strong>conatus</strong></span> <span class='ocrx_word' id='word_1_123' title='bbox 1220 563 1383 599; x_wconf 85' lang='lat' dir='ltr'><strong>plerumque</strong></span> <span class='ocrx_word' id='word_1_124' title='bbox 1399 563 1491 591; x_wconf 87' lang='lat' dir='ltr'><strong>irritos</strong></span> <span class='ocrx_word' id='word_1_125' title='bbox 1512 563 1640 591; x_wconf 85' lang='lat' dir='ltr'><strong>vidimus.</strong></span> <span class='ocrx_word' id='word_1_126' title='bbox 1657 562 1817 591; x_wconf 86' lang='lat' dir='ltr'><strong>Latinorum</strong></span> 
     </span>
    </p>
   </div>
   <div class='ocr_carea' id='block_1_11' title="bbox 184 606 1820 646">
    <p class='ocr_par' dir='ltr' id='par_1_11' title="bbox 184 606 1820 646">
     <span class='ocr_line' id='line_1_11' title="bbox 184 606 1820 646; baseline -0.004 -7"><span class='ocrx_word' id='word_1_127' title='bbox 184 616 276 639; x_wconf 88' lang='lat' dir='ltr'><strong>tamen</strong></span> <span class='ocrx_word' id='word_1_128' title='bbox 293 612 374 646; x_wconf 89' lang='lat' dir='ltr'><strong>paulo</strong></span> <span class='ocrx_word' id='word_1_129' title='bbox 387 611 522 639; x_wconf 84' lang='lat' dir='ltr'><strong>feliciores</strong></span> <span class='ocrx_word' id='word_1_130' title='bbox 536 615 669 639; x_wconf 87' lang='lat' dir='ltr'><strong>tractatus</strong></span> <span class='ocrx_word' id='word_1_131' title='bbox 685 618 748 638; x_wconf 90' lang='lat' dir='ltr'><strong>cum</strong></span> <span class='ocrx_word' id='word_1_132' title='bbox 762 610 900 638; x_wconf 87' lang='lat' dir='ltr'><strong>Armeniis</strong></span> <span class='ocrx_word' id='word_1_133' title='bbox 916 610 1000 637; x_wconf 91' lang='lat' dir='ltr'><strong>fuisse</strong></span> <span class='ocrx_word' id='word_1_134' title='bbox 1014 609 1116 636; x_wconf 87' lang='lat' dir='ltr'><strong>scimus</strong></span> <span class='ocrx_word' id='word_1_135' title='bbox 1131 617 1139 635; x_wconf 91' lang='lat'><strong>:</strong></span> <span class='ocrx_word' id='word_1_136' title='bbox 1153 615 1219 636; x_wconf 88' lang='lat' dir='ltr'><strong>ecce</strong></span> <span class='ocrx_word' id='word_1_137' title='bbox 1233 608 1305 635; x_wconf 88' lang='lat' dir='ltr'><strong>enim</strong></span> <span class='ocrx_word' id='word_1_138' title='bbox 1323 607 1413 644; x_wconf 87' lang='lat' dir='ltr'><strong>gentis</strong></span> <span class='ocrx_word' id='word_1_139' title='bbox 1435 607 1497 642; x_wconf 84' lang='lat' dir='ltr'><strong>ejus</strong></span> <span class='ocrx_word' id='word_1_140' title='bbox 1514 606 1659 634; x_wconf 90' lang='lat' dir='ltr'><strong>mediocris</strong></span> <span class='ocrx_word' id='word_1_141' title='bbox 1673 614 1820 638; x_wconf 87' lang='lat' dir='ltr'><strong>numerus,</strong></span> 
     </span>
    </p>
   </div>
   <div class='ocr_carea' id='block_1_12' title="bbox 185 650 1822 690">
    <p class='ocr_par' dir='ltr' id='par_1_12' title="bbox 185 650 1822 690">
     <span class='ocr_line' id='line_1_12' title="bbox 185 650 1822 690; baseline -0.003 -8"><span class='ocrx_word' id='word_1_142' title='bbox 185 654 234 681; x_wconf 88' lang='lat' dir='ltr'><strong>Dei</strong></span> <span class='ocrx_word' id='word_1_143' title='bbox 252 655 336 690; x_wconf 77' lang='lat' dir='ltr'><strong>gratia</strong></span> <span class='ocrx_word' id='word_1_144' title='bbox 352 655 466 686; x_wconf 87' lang='lat' dir='ltr'><strong>electus,</strong></span> <span class='ocrx_word' id='word_1_145' title='bbox 480 654 585 689; x_wconf 87' lang='lat' dir='ltr'><strong>abjeeta</strong></span> <span class='ocrx_word' id='word_1_146' title='bbox 600 654 646 681; x_wconf 91' lang='lat' dir='ltr'><strong>illa</strong></span> <span class='ocrx_word' id='word_1_147' title='bbox 660 662 741 689; x_wconf 91' lang='lat' dir='ltr'><strong>quam</strong></span> <span class='ocrx_word' id='word_1_148' title='bbox 755 654 958 689; x_wconf 84' lang='lat' dir='ltr'><strong>designavimus</strong></span> <span class='ocrx_word' id='word_1_149' title='bbox 972 653 1109 681; x_wconf 74' lang='lat' dir='ltr'><strong>haereseos</strong></span> <span class='ocrx_word' id='word_1_150' title='bbox 1124 656 1245 685; x_wconf 84' lang='lat' dir='ltr'><strong>tessera,</strong></span> <span class='ocrx_word' id='word_1_151' title='bbox 1262 659 1325 679; x_wconf 92' lang='lat' dir='ltr'><strong>cum</strong></span> <span class='ocrx_word' id='word_1_152' title='bbox 1344 651 1468 679; x_wconf 80' lang='lat' dir='ltr'><strong>Romano</strong></span> <span class='ocrx_word' id='word_1_153' title='bbox 1491 650 1630 686; x_wconf 85' lang='lat' dir='ltr'><strong>pontiﬁce,</strong></span> <span class='ocrx_word' id='word_1_154' title='bbox 1651 650 1679 678; x_wconf 89' lang='lat' dir='ltr'><strong>id</strong></span> <span class='ocrx_word' id='word_1_155' title='bbox 1695 654 1738 678; x_wconf 86' lang='lat' dir='ltr'><strong>est</strong></span> <span class='ocrx_word' id='word_1_156' title='bbox 1757 658 1822 678; x_wconf 90' lang='lat' dir='ltr'><strong>cum</strong></span> 
     </span>
    </p>
   </div>
   <div class='ocr_carea' id='block_1_13' title="bbox 186 695 1820 732">
    <p class='ocr_par' dir='ltr' id='par_1_13' title="bbox 186 695 1820 732">
     <span class='ocr_line' id='line_1_13' title="bbox 186 695 1820 732; baseline -0.001 -8"><span class='ocrx_word' id='word_1_157' title='bbox 186 698 321 725; x_wconf 83' lang='lat' dir='ltr'><strong>catholica</strong></span> <span class='ocrx_word' id='word_1_158' title='bbox 334 697 466 731; x_wconf 84' lang='lat' dir='ltr'><strong>Ecclesia,</strong></span> <span class='ocrx_word' id='word_1_159' title='bbox 483 698 616 726; x_wconf 87' lang='lat' dir='ltr'><strong>unitatem</strong></span> <span class='ocrx_word' id='word_1_160' title='bbox 631 697 716 726; x_wconf 88' lang='lat' dir='ltr'><strong>fovet.</strong></span> <span class='ocrx_word' id='word_1_161' title='bbox 731 697 783 730; x_wconf 85' lang='lat' dir='ltr'><strong>Qui</strong></span> <span class='ocrx_word' id='word_1_162' title='bbox 796 698 900 724; x_wconf 86' lang='lat' dir='ltr'><strong>utinam</strong></span> <span class='ocrx_word' id='word_1_163' title='bbox 915 697 1115 724; x_wconf 83' lang='lat' dir='ltr'><strong>fortunatarum</strong></span> <span class='ocrx_word' id='word_1_164' title='bbox 1126 695 1234 732; x_wconf 86' lang='lat' dir='ltr'><strong>Deoqne</strong></span> <span class='ocrx_word' id='word_1_165' title='bbox 1244 696 1404 723; x_wconf 84' lang='lat' dir='ltr'><strong>dilectarum</strong></span> <span class='ocrx_word' id='word_1_166' title='bbox 1416 695 1570 722; x_wconf 88' lang='lat' dir='ltr'><strong>animarum</strong></span> <span class='ocrx_word' id='word_1_167' title='bbox 1583 702 1715 722; x_wconf 91' lang='lat' dir='ltr'><strong>numerus</strong></span> <span class='ocrx_word' id='word_1_168' title='bbox 1730 695 1820 731; x_wconf 85' lang='lat' dir='ltr'><strong>magis</strong></span> 
     </span>
    </p>
   </div>
   <div class='ocr_carea' id='block_1_14' title="bbox 186 740 1647 778">
    <p class='ocr_par' dir='ltr' id='par_1_14' title="bbox 186 740 1647 778">
     <span class='ocr_line' id='line_1_14' title="bbox 186 740 1647 778; baseline -0.001 -11"><span class='ocrx_word' id='word_1_169' title='bbox 186 740 326 776; x_wconf 77' lang='lat' dir='ltr'><strong>magisque</strong></span> <span class='ocrx_word' id='word_1_170' title='bbox 342 742 371 769; x_wconf 90' lang='lat' dir='ltr'><strong>in</strong></span> <span class='ocrx_word' id='word_1_171' title='bbox 383 742 442 770; x_wconf 88' lang='lat' dir='ltr'><strong>dies</strong></span> <span class='ocrx_word' id='word_1_172' title='bbox 460 743 605 778; x_wconf 84' lang='lat' dir='ltr'><strong>augeaturl</strong></span> <span class='ocrx_word' id='word_1_173' title='bbox 625 749 707 777; x_wconf 89' lang='lat' dir='ltr'><strong>quam</strong></span> <span class='ocrx_word' id='word_1_174' title='bbox 722 749 781 769; x_wconf 88' lang='lat' dir='ltr'><strong>rem</strong></span> <span class='ocrx_word' id='word_1_175' title='bbox 795 741 868 769; x_wconf 87' lang='lat' dir='ltr'><strong>haud</strong></span> <span class='ocrx_word' id='word_1_176' title='bbox 887 741 963 768; x_wconf 86' lang='lat' dir='ltr'><strong>inani</strong></span> <span class='ocrx_word' id='word_1_177' title='bbox 979 741 1095 768; x_wconf 78' lang='lat' dir='ltr'><strong>fortasse</strong></span> <span class='ocrx_word' id='word_1_178' title='bbox 1109 748 1199 776; x_wconf 88' lang='lat' dir='ltr'><strong>neque</strong></span> <span class='ocrx_word' id='word_1_179' title='bbox 1214 740 1324 768; x_wconf 85' lang='lat' dir='ltr'><strong>inﬁrma</strong></span> <span class='ocrx_word' id='word_1_180' title='bbox 1342 747 1392 776; x_wconf 90' lang='lat' dir='ltr'><strong>spe</strong></span> <span class='ocrx_word' id='word_1_181' title='bbox 1405 747 1456 767; x_wconf 90' lang='lat' dir='ltr'><strong>nos</strong></span> <span class='ocrx_word' id='word_1_182' title='bbox 1470 747 1647 776; x_wconf 81' lang='lat' dir='ltr'><strong>auguramur.</strong></span> 
     </span>
    </p>
   </div>
   <div class='ocr_carea' id='block_1_15' title="bbox 891 851 1124 879">
    <p class='ocr_par' dir='ltr' id='par_1_15' title="bbox 891 851 1124 879">
     <span class='ocr_line' id='line_1_15' title="bbox 891 851 1124 879; baseline 0 0"><span class='ocrx_word' id='word_1_183' title='bbox 891 851 1060 879; x_wconf 82' lang='lat' dir='ltr'><strong>EPISTOLA</strong></span> <span class='ocrx_word' id='word_1_184' title='bbox 1076 851 1124 879; x_wconf 78' lang='lat' dir='ltr'><strong>1X.</strong></span> 
     </span>
    </p>
   </div>
   <div class='ocr_carea' id='block_1_16' title="bbox 693 931 1310 967">
    <p class='ocr_par' dir='ltr' id='par_1_16' title="bbox 693 931 1310 967">
     <span class='ocr_line' id='line_1_16' title="bbox 693 931 1310 967; baseline -0.002 -8"><span class='ocrx_word' id='word_1_185' title='bbox 693 931 734 959; x_wconf 80' lang='lat' dir='ltr'><strong>Ad</strong></span> <span class='ocrx_word' id='word_1_186' title='bbox 746 931 908 959; x_wconf 83' lang='lat' dir='ltr'><strong>Zachariam</strong></span> <span class='ocrx_word' id='word_1_187' title='bbox 919 931 1101 967; x_wconf 85' lang='lat' dir='ltr'><strong>putriarcham</strong></span> <span class='ocrx_word' id='word_1_188' title='bbox 1115 931 1310 959; x_wconf 78' lang='lat' dir='ltr'><strong>Armeniorum.</strong></span> 
     </span>
    </p>
   </div>
   <div class='ocr_carea' id='block_1_17' title="bbox 623 1018 1373 1052">
    <p class='ocr_par' dir='ltr' id='par_1_17' title="bbox 623 1018 1373 1052">
     <span class='ocr_line' id='line_1_17' title="bbox 623 1018 1373 1052; baseline -0.001 -7"><span class='ocrx_word' id='word_1_189' title='bbox 623 1020 694 1045; x_wconf 84' lang='lat' dir='ltr'><strong>Edita</strong></span> <span class='ocrx_word' id='word_1_190' title='bbox 706 1020 736 1045; x_wconf 83' lang='lat' dir='ltr'><strong>ab</strong></span> <span class='ocrx_word' id='word_1_191' title='bbox 748 1022 812 1052; x_wconf 77' lang='lat' dir='ltr'><strong>Aug.</strong></span> <span class='ocrx_word' id='word_1_192' title='bbox 827 1020 889 1045; x_wconf 77' lang='lat' dir='ltr'><strong>Maio</strong></span> <span class='ocrx_word' id='word_1_193' title='bbox 901 1020 1040 1052; x_wconf 87' lang='lat' dir='ltr'><strong>(Specileg.</strong></span> <span class='ocrx_word' id='word_1_194' title='bbox 1050 1020 1122 1045; x_wconf 78' lang='lat' dir='ltr'><strong>Rom.</strong></span> <span class='ocrx_word' id='word_1_195' title='bbox 1134 1022 1153 1045; x_wconf 90' lang='lat' dir='ltr'><strong>t.</strong></span> <span class='ocrx_word' id='word_1_196' title='bbox 1165 1019 1195 1050; x_wconf 84' lang='lat' dir='ltr'><strong>X,</strong></span> <span class='ocrx_word' id='word_1_197' title='bbox 1208 1026 1232 1052; x_wconf 91' lang='lat' dir='ltr'><strong>p.</strong></span> <span class='ocrx_word' id='word_1_198' title='bbox 1246 1018 1373 1052; x_wconf 64' lang='grc'><strong>449459).</strong></span> 
     </span>
    </p>
   </div>
   <div class='ocr_carea' id='block_1_18' title="bbox 223 1084 1826 1122">
    <p class='ocr_par' dir='ltr' id='par_1_18' title="bbox 223 1084 1826 1122">
     <span class='ocr_line' id='line_1_18' title="bbox 223 1084 1826 1122; baseline 0.001 -10"><span class='ocrx_word' id='word_1_199' title='bbox 223 1085 327 1113; x_wconf 84' lang='lat' dir='ltr'><strong>Illastri</strong></span> <span class='ocrx_word' id='word_1_200' title='bbox 339 1090 418 1121; x_wconf 87' lang='lat' dir='ltr'><strong>atque</strong></span> <span class='ocrx_word' id='word_1_201' title='bbox 433 1085 504 1112; x_wconf 87' lang='lat' dir='ltr'><strong>omni</strong></span> <span class='ocrx_word' id='word_1_202' title='bbox 515 1093 608 1120; x_wconf 85' lang='lat' dir='ltr'><strong>genere</strong></span> <span class='ocrx_word' id='word_1_203' title='bbox 624 1085 751 1112; x_wconf 81' lang='lat' dir='ltr'><strong>virtutum</strong></span> <span class='ocrx_word' id='word_1_204' title='bbox 766 1085 885 1120; x_wconf 75' lang='lat' dir='ltr'><strong>fulgenti,</strong></span> <span class='ocrx_word' id='word_1_205' title='bbox 898 1085 1067 1112; x_wconf 77' lang='lat' dir='ltr'><strong>dilectissimo</strong></span> <span class='ocrx_word' id='word_1_206' title='bbox 1080 1085 1185 1112; x_wconf 80' lang='lat' dir='ltr'><strong>domino</strong></span> <span class='ocrx_word' id='word_1_207' title='bbox 1196 1089 1285 1112; x_wconf 84' lang='lat' dir='ltr'><strong>nostra</strong></span> <span class='ocrx_word' id='word_1_208' title='bbox 1297 1084 1448 1117; x_wconf 58' lang='lat' dir='ltr'><strong>Zacharias,</strong></span> <span class='ocrx_word' id='word_1_209' title='bbox 1462 1084 1519 1112; x_wconf 80' lang='lat' dir='ltr'><strong>uiro</strong></span> <span class='ocrx_word' id='word_1_210' title='bbox 1532 1084 1685 1119; x_wconf 76' lang='lat' dir='ltr'><strong>apostolico,</strong></span> <span class='ocrx_word' id='word_1_211' title='bbox 1697 1089 1721 1112; x_wconf 88' lang='lat' dir='ltr'><strong>et</strong></span> <span class='ocrx_word' id='word_1_212' title='bbox 1733 1087 1826 1122; x_wconf 81' lang='lat' dir='ltr'><strong>magni</strong></span> 
     </span>
    </p>
   </div>
   <div class='ocr_carea' id='block_1_19' title="bbox 188 1128 1824 1165">
    <p class='ocr_par' dir='ltr' id='par_1_19' title="bbox 188 1128 1824 1165">
     <span class='ocr_line' id='line_1_19' title="bbox 188 1128 1824 1165; baseline 0 -9"><span class='ocrx_word' id='word_1_213' title='bbox 188 1129 312 1157; x_wconf 76' lang='lat' dir='ltr'><strong>Thaddtei</strong></span> <span class='ocrx_word' id='word_1_214' title='bbox 327 1129 439 1164; x_wconf 83' lang='lat' dir='ltr'><strong>apostoli</strong></span> <span class='ocrx_word' id='word_1_215' title='bbox 459 1138 491 1156; x_wconf 86' lang='lat' dir='ltr'><strong>ac</strong></span> <span class='ocrx_word' id='word_1_216' title='bbox 511 1129 657 1156; x_wconf 74' lang='lat' dir='ltr'><strong>beatissimi</strong></span> <span class='ocrx_word' id='word_1_217' title='bbox 680 1129 769 1156; x_wconf 85' lang='lat' dir='ltr'><strong>sancti</strong></span> <span class='ocrx_word' id='word_1_218' title='bbox 796 1128 916 1165; x_wconf 81' lang='lat' dir='ltr'><strong>Gregorii</strong></span> <span class='ocrx_word' id='word_1_219' title='bbox 932 1129 1018 1156; x_wconf 85' lang='lat' dir='ltr'><strong>sedem</strong></span> <span class='ocrx_word' id='word_1_220' title='bbox 1039 1130 1146 1163; x_wconf 82' lang='lat' dir='ltr'><strong>tenenti,</strong></span> <span class='ocrx_word' id='word_1_221' title='bbox 1160 1130 1288 1164; x_wconf 80' lang='lat' dir='ltr'><strong>magistro</strong></span> <span class='ocrx_word' id='word_1_222' title='bbox 1303 1133 1388 1164; x_wconf 76' lang='lat' dir='ltr'><strong>atque</strong></span> <span class='ocrx_word' id='word_1_223' title='bbox 1407 1129 1548 1164; x_wconf 77' lang='lat' dir='ltr'><strong>inspectori</strong></span> <span class='ocrx_word' id='word_1_224' title='bbox 1571 1129 1684 1164; x_wconf 74' lang='lat' dir='ltr'><strong>regionis</strong></span> <span class='ocrx_word' id='word_1_225' title='bbox 1699 1130 1824 1162; x_wconf 82' lang='lat' dir='ltr'><strong>Ararat,</strong></span> 
     </span>
    </p>
   </div>
   <div class='ocr_carea' id='block_1_20' title="bbox 188 1173 1827 1209">
    <p class='ocr_par' dir='ltr' id='par_1_20' title="bbox 188 1173 1827 1209">
     <span class='ocr_line' id='line_1_20' title="bbox 188 1173 1827 1209; baseline 0 -9"><span class='ocrx_word' id='word_1_226' title='bbox 188 1174 278 1208; x_wconf 89' lang='lat' dir='ltr'><strong>populi</strong></span> <span class='ocrx_word' id='word_1_227' title='bbox 292 1173 402 1200; x_wconf 89' lang='lat' dir='ltr'><strong>borealis</strong></span> <span class='ocrx_word' id='word_1_228' title='bbox 418 1173 537 1207; x_wconf 87' lang='lat' dir='ltr'><strong>primati,</strong></span> <span class='ocrx_word' id='word_1_229' title='bbox 552 1182 648 1209; x_wconf 85' lang='lat' dir='ltr'><strong>magno</strong></span> <span class='ocrx_word' id='word_1_230' title='bbox 662 1174 763 1207; x_wconf 80' lang='lat' dir='ltr'><strong>pastori</strong></span> <span class='ocrx_word' id='word_1_231' title='bbox 777 1173 939 1200; x_wconf 69' lang='lat' dir='ltr'><strong>exercituum</strong></span> <span class='ocrx_word' id='word_1_232' title='bbox 961 1173 1077 1200; x_wconf 75' lang='lat' dir='ltr'><strong>Ascenez</strong></span> <span class='ocrx_word' id='word_1_233' title='bbox 1092 1173 1142 1209; x_wconf 80' lang='lat'><strong>(&#39;5).</strong></span> <span class='ocrx_word' id='word_1_234' title='bbox 1160 1173 1187 1200; x_wconf 87' lang='lat' dir='ltr'><strong>in</strong></span> <span class='ocrx_word' id='word_1_235' title='bbox 1203 1173 1349 1208; x_wconf 81' lang='lat' dir='ltr'><strong>pontiﬁcali</strong></span> <span class='ocrx_word' id='word_1_236' title='bbox 1365 1173 1507 1200; x_wconf 85' lang='lat' dir='ltr'><strong>eminentia</strong></span> <span class='ocrx_word' id='word_1_237' title='bbox 1522 1173 1675 1206; x_wconf 73' lang='lat' dir='ltr'><strong>constituto,</strong></span> <span class='ocrx_word' id='word_1_238' title='bbox 1690 1177 1715 1200; x_wconf 87' lang='lat' dir='ltr'><strong>et</strong></span> <span class='ocrx_word' id='word_1_239' title='bbox 1732 1174 1827 1209; x_wconf 81' lang='lat' dir='ltr'><strong>pignus</strong></span> 
     </span>
    </p>
   </div>
   <div class='ocr_carea' id='block_1_21' title="bbox 190 1217 1826 1253">
    <p class='ocr_par' dir='ltr' id='par_1_21' title="bbox 190 1217 1826 1253">
     <span class='ocr_line' id='line_1_21' title="bbox 190 1217 1826 1253; baseline 0.001 -9"><span class='ocrx_word' id='word_1_240' title='bbox 190 1218 286 1253; x_wconf 71' lang='lat' dir='ltr'><strong>fit-turre</strong></span> <span class='ocrx_word' id='word_1_241' title='bbox 301 1218 370 1244; x_wconf 85' lang='lat' dir='ltr'><strong>inter</strong></span> <span class='ocrx_word' id='word_1_242' title='bbox 385 1217 493 1253; x_wconf 80' lang='lat' dir='ltr'><strong>angelos</strong></span> <span class='ocrx_word' id='word_1_243' title='bbox 510 1218 728 1244; x_wconf 82' lang='lat' dir='ltr'><strong>remunerationis</strong></span> <span class='ocrx_word' id='word_1_244' title='bbox 742 1217 859 1250; x_wconf 76' lang='lat' dir='ltr'><strong>habenti,</strong></span> <span class='ocrx_word' id='word_1_245' title='bbox 876 1217 983 1245; x_wconf 78' lang='lat' dir='ltr'><strong>Pharius</strong></span> <span class='ocrx_word' id='word_1_246' title='bbox 998 1218 1209 1252; x_wconf 81' lang='lat' dir='ltr'><strong>archiepiscopus</strong></span> <span class='ocrx_word' id='word_1_247' title='bbox 1227 1217 1500 1252; x_wconf 82' lang='lat' dir='ltr'><strong>Constantinopoleos,</strong></span> <span class='ocrx_word' id='word_1_248' title='bbox 1511 1225 1584 1245; x_wconf 71' lang='lat' dir='ltr'><strong>noua:</strong></span> <span class='ocrx_word' id='word_1_249' title='bbox 1596 1217 1696 1252; x_wconf 77' lang='lat' dir='ltr'><strong>Romte,</strong></span> <span class='ocrx_word' id='word_1_250' title='bbox 1711 1217 1826 1245; x_wconf 81' lang='lat' dir='ltr'><strong>salutem</strong></span> 
     </span>
    </p>
   </div>
   <div class='ocr_carea' id='block_1_22' title="bbox 189 1261 528 1289">
    <p class='ocr_par' dir='ltr' id='par_1_22' title="bbox 189 1261 528 1289">
     <span class='ocr_line' id='line_1_22' title="bbox 189 1261 528 1289; baseline 0.006 -2"><span class='ocrx_word' id='word_1_251' title='bbox 189 1262 329 1288; x_wconf 85' lang='lat' dir='ltr'><strong>sanctitati</strong></span> <span class='ocrx_word' id='word_1_252' title='bbox 342 1266 436 1289; x_wconf 67' lang='lat' dir='ltr'><strong>vestrm</strong></span> <span class='ocrx_word' id='word_1_253' title='bbox 453 1261 528 1289; x_wconf 84' lang='lat' dir='ltr'><strong>dicit.</strong></span> 
     </span>
    </p>
   </div>
   <div class='ocr_carea' id='block_1_23' title="bbox 229 1315 1830 1353">
    <p class='ocr_par' dir='ltr' id='par_1_23' title="bbox 229 1315 1830 1353">
     <span class='ocr_line' id='line_1_23' title="bbox 229 1315 1830 1353; baseline -0.001 -9"><span class='ocrx_word' id='word_1_254' title='bbox 229 1317 256 1344; x_wconf 80' lang='lat' dir='ltr'><strong>i.</strong></span> <span class='ocrx_word' id='word_1_255' title='bbox 277 1315 413 1345; x_wconf 90' lang='lat' dir='ltr'><strong>Plurimas</strong></span> <span class='ocrx_word' id='word_1_256' title='bbox 434 1317 490 1344; x_wconf 89' lang='lat' dir='ltr'><strong>Deo</strong></span> <span class='ocrx_word' id='word_1_257' title='bbox 507 1317 606 1353; x_wconf 79' lang='lat' dir='ltr'><strong>gratias</strong></span> <span class='ocrx_word' id='word_1_258' title='bbox 621 1317 735 1352; x_wconf 84' lang='lat' dir='ltr'><strong>egimus,</strong></span> <span class='ocrx_word' id='word_1_259' title='bbox 751 1316 828 1350; x_wconf 79' lang='lat' dir='ltr'><strong>cuius</strong></span> <span class='ocrx_word' id='word_1_260' title='bbox 849 1317 984 1345; x_wconf 81' lang='lat' dir='ltr'><strong>beneficio</strong></span> <span class='ocrx_word' id='word_1_261' title='bbox 1003 1317 1085 1346; x_wconf 89' lang='lat' dir='ltr'><strong>nobis</strong></span> <span class='ocrx_word' id='word_1_262' title='bbox 1105 1317 1228 1352; x_wconf 81' lang='lat' dir='ltr'><strong>contigit,</strong></span> <span class='ocrx_word' id='word_1_263' title='bbox 1247 1321 1278 1344; x_wconf 93' lang='lat' dir='ltr'><strong>ut</strong></span> <span class='ocrx_word' id='word_1_264' title='bbox 1296 1316 1452 1344; x_wconf 84' lang='lat' dir='ltr'><strong>sanctitatis</strong></span> <span class='ocrx_word' id='word_1_265' title='bbox 1468 1319 1567 1344; x_wconf 76' lang='lat' dir='ltr'><strong>vestrae</strong></span> <span class='ocrx_word' id='word_1_266' title='bbox 1586 1315 1743 1352; x_wconf 86' lang='lat' dir='ltr'><strong>epistolam,</strong></span> <span class='ocrx_word' id='word_1_267' title='bbox 1767 1324 1830 1352; x_wconf 63' lang='lat' dir='ltr'><strong>quas</strong></span> 
     </span>
    </p>
   </div>
   <div class='ocr_carea' id='block_1_24' title="bbox 190 1355 1852 1396">
    <p class='ocr_par' dir='ltr' id='par_1_24' title="bbox 190 1355 1852 1396">
     <span class='ocr_line' id='line_1_24' title="bbox 190 1355 1852 1396; baseline 0 -8"><span class='ocrx_word' id='word_1_268' title='bbox 190 1361 334 1388; x_wconf 65' lang='lat' dir='ltr'><strong>catholica:</strong></span> <span class='ocrx_word' id='word_1_269' title='bbox 350 1365 449 1388; x_wconf 68' lang='lat' dir='ltr'><strong>vestrm</strong></span> <span class='ocrx_word' id='word_1_270' title='bbox 462 1361 524 1388; x_wconf 83' lang='lat' dir='ltr'><strong>lidei</strong></span> <span class='ocrx_word' id='word_1_271' title='bbox 542 1360 639 1388; x_wconf 88' lang='lat' dir='ltr'><strong>nuntia</strong></span> <span class='ocrx_word' id='word_1_272' title='bbox 654 1365 705 1393; x_wconf 87' lang='lat' dir='ltr'><strong>est,</strong></span> <span class='ocrx_word' id='word_1_273' title='bbox 721 1361 916 1395; x_wconf 87' lang='lat' dir='ltr'><strong>reciperemus;</strong></span> <span class='ocrx_word' id='word_1_274' title='bbox 931 1366 1011 1396; x_wconf 90' lang='lat' dir='ltr'><strong>atque</strong></span> <span class='ocrx_word' id='word_1_275' title='bbox 1026 1366 1055 1389; x_wconf 90' lang='lat' dir='ltr'><strong>ut</strong></span> <span class='ocrx_word' id='word_1_276' title='bbox 1071 1362 1099 1388; x_wconf 95' lang='lat' dir='ltr'><strong>in</strong></span> <span class='ocrx_word' id='word_1_277' title='bbox 1112 1369 1154 1394; x_wconf 91' lang='lat' dir='ltr'><strong>ea,</strong></span> <span class='ocrx_word' id='word_1_278' title='bbox 1170 1366 1299 1396; x_wconf 85' lang='lat' dir='ltr'><strong>tanquam</strong></span> <span class='ocrx_word' id='word_1_279' title='bbox 1316 1360 1345 1387; x_wconf 89' lang='lat' dir='ltr'><strong>in</strong></span> <span class='ocrx_word' id='word_1_280' title='bbox 1361 1360 1504 1396; x_wconf 62' lang='lat' dir='ltr'><strong>theologia</strong></span> <span class='ocrx_word' id='word_1_281' title='bbox 1530 1360 1597 1393; x_wconf 86' lang='lat' dir='ltr'><strong>sole,</strong></span> <span class='ocrx_word' id='word_1_282' title='bbox 1612 1360 1701 1388; x_wconf 82' lang='lat' dir='ltr'><strong>verbis</strong></span> <span class='ocrx_word' id='word_1_283' title='bbox 1715 1360 1827 1395; x_wconf 83' lang='lat' dir='ltr'><strong>quidem</strong></span> <span class='ocrx_word' id='word_1_284' title='bbox 1849 1355 1852 1358; x_wconf 64' lang='grc'><strong>’</strong></span> 
     </span>
    </p>
   </div>
   <div class='ocr_carea' id='block_1_25' title="bbox 190 1404 1829 1440">
    <p class='ocr_par' dir='ltr' id='par_1_25' title="bbox 190 1404 1829 1440">
     <span class='ocr_line' id='line_1_25' title="bbox 190 1404 1829 1440; baseline 0.001 -8"><span class='ocrx_word' id='word_1_285' title='bbox 190 1412 283 1440; x_wconf 87' lang='lat' dir='ltr'><strong>parca,</strong></span> <span class='ocrx_word' id='word_1_286' title='bbox 302 1404 351 1433; x_wconf 88' lang='lat' dir='ltr'><strong>sed</strong></span> <span class='ocrx_word' id='word_1_287' title='bbox 364 1405 497 1432; x_wconf 86' lang='lat' dir='ltr'><strong>doctrinis</strong></span> <span class='ocrx_word' id='word_1_288' title='bbox 510 1405 605 1436; x_wconf 88' lang='lat' dir='ltr'><strong>ubere,</strong></span> <span class='ocrx_word' id='word_1_289' title='bbox 620 1404 752 1440; x_wconf 86' lang='lat' dir='ltr'><strong>spiritalis</strong></span> <span class='ocrx_word' id='word_1_290' title='bbox 769 1405 924 1433; x_wconf 78' lang='lat' dir='ltr'><strong>concordiae</strong></span> <span class='ocrx_word' id='word_1_291' title='bbox 943 1406 1064 1433; x_wconf 88' lang='lat' dir='ltr'><strong>studium</strong></span> <span class='ocrx_word' id='word_1_292' title='bbox 1084 1413 1271 1434; x_wconf 84' lang='lat' dir='ltr'><strong>cerneremus.</strong></span> <span class='ocrx_word' id='word_1_293' title='bbox 1286 1405 1366 1438; x_wconf 85' lang='lat' dir='ltr'><strong>Quod</strong></span> <span class='ocrx_word' id='word_1_294' title='bbox 1379 1409 1471 1433; x_wconf 87' lang='lat' dir='ltr'><strong>autem</strong></span> <span class='ocrx_word' id='word_1_295' title='bbox 1485 1405 1519 1433; x_wconf 91' lang='lat' dir='ltr'><strong>de</strong></span> <span class='ocrx_word' id='word_1_296' title='bbox 1542 1405 1660 1433; x_wconf 88' lang='lat' dir='ltr'><strong>concilio</strong></span> <span class='ocrx_word' id='word_1_297' title='bbox 1675 1405 1829 1433; x_wconf 79' lang='lat' dir='ltr'><strong>Chalcedo-</strong></span> 
     </span>
    </p>
   </div>
   <div class='ocr_carea' id='block_1_26' title="bbox 190 1448 1830 1485">
    <p class='ocr_par' dir='ltr' id='par_1_26' title="bbox 190 1448 1830 1485">
     <span class='ocr_line' id='line_1_26' title="bbox 190 1448 1830 1485; baseline 0.001 -10"><span class='ocrx_word' id='word_1_298' title='bbox 190 1448 271 1476; x_wconf 87' lang='lat' dir='ltr'><strong>nensi</strong></span> <span class='ocrx_word' id='word_1_299' title='bbox 288 1448 407 1476; x_wconf 87' lang='lat' dir='ltr'><strong>scribitis</strong></span> <span class='ocrx_word' id='word_1_300' title='bbox 422 1456 471 1476; x_wconf 88' lang='lat' dir='ltr'><strong>vos</strong></span> <span class='ocrx_word' id='word_1_301' title='bbox 487 1449 628 1480; x_wconf 88' lang='lat' dir='ltr'><strong>dubitare,</strong></span> <span class='ocrx_word' id='word_1_302' title='bbox 650 1448 793 1483; x_wconf 85' lang='lat' dir='ltr'><strong>ipsumque</strong></span> <span class='ocrx_word' id='word_1_303' title='bbox 814 1454 970 1485; x_wconf 85' lang='lat' dir='ltr'><strong>suspectum</strong></span> <span class='ocrx_word' id='word_1_304' title='bbox 994 1449 1105 1482; x_wconf 83' lang='lat' dir='ltr'><strong>habere,</strong></span> <span class='ocrx_word' id='word_1_305' title='bbox 1128 1453 1273 1485; x_wconf 83' lang='lat' dir='ltr'><strong>propterea</strong></span> <span class='ocrx_word' id='word_1_306' title='bbox 1296 1449 1370 1484; x_wconf 88' lang='lat' dir='ltr'><strong>quod</strong></span> <span class='ocrx_word' id='word_1_307' title='bbox 1400 1449 1471 1476; x_wconf 88' lang='lat' dir='ltr'><strong>fama</strong></span> <span class='ocrx_word' id='word_1_308' title='bbox 1486 1449 1570 1477; x_wconf 89' lang='lat' dir='ltr'><strong>didita</strong></span> <span class='ocrx_word' id='word_1_309' title='bbox 1591 1449 1642 1482; x_wconf 88' lang='lat' dir='ltr'><strong>sit,</strong></span> <span class='ocrx_word' id='word_1_310' title='bbox 1667 1449 1694 1476; x_wconf 91' lang='lat' dir='ltr'><strong>id</strong></span> <span class='ocrx_word' id='word_1_311' title='bbox 1722 1450 1830 1478; x_wconf 69' lang='lat' dir='ltr'><strong>caeteris</strong></span> 
     </span>
    </p>
   </div>
   <div class='ocr_carea' id='block_1_27' title="bbox 191 1492 1829 1529">
    <p class='ocr_par' dir='ltr' id='par_1_27' title="bbox 191 1492 1829 1529">
     <span class='ocr_line' id='line_1_27' title="bbox 191 1492 1829 1529; baseline 0.001 -11"><span class='ocrx_word' id='word_1_312' title='bbox 191 1492 349 1520; x_wconf 68' lang='lat' dir='ltr'><strong>orthodosis</strong></span> <span class='ocrx_word' id='word_1_313' title='bbox 359 1493 481 1520; x_wconf 90' lang='lat' dir='ltr'><strong>conciliis</strong></span> <span class='ocrx_word' id='word_1_314' title='bbox 493 1492 643 1525; x_wconf 84' lang='lat' dir='ltr'><strong>adversari;</strong></span> <span class='ocrx_word' id='word_1_315' title='bbox 658 1492 695 1520; x_wconf 86' lang='lat' dir='ltr'><strong>ita</strong></span> <span class='ocrx_word' id='word_1_316' title='bbox 710 1497 803 1520; x_wconf 88' lang='lat' dir='ltr'><strong>tamen</strong></span> <span class='ocrx_word' id='word_1_317' title='bbox 819 1497 849 1519; x_wconf 92' lang='lat' dir='ltr'><strong>ut</strong></span> <span class='ocrx_word' id='word_1_318' title='bbox 869 1493 1052 1529; x_wconf 78' lang='lat' dir='ltr'><strong>subjungatis,</strong></span> <span class='ocrx_word' id='word_1_319' title='bbox 1066 1500 1114 1521; x_wconf 90' lang='lat' dir='ltr'><strong>vos</strong></span> <span class='ocrx_word' id='word_1_320' title='bbox 1124 1493 1236 1520; x_wconf 92' lang='lat' dir='ltr'><strong>omnino</strong></span> <span class='ocrx_word' id='word_1_321' title='bbox 1249 1500 1339 1527; x_wconf 86' lang='lat' dir='ltr'><strong>neque</strong></span> <span class='ocrx_word' id='word_1_322' title='bbox 1351 1492 1446 1520; x_wconf 79' lang='lat' dir='ltr'><strong>Jacobi</strong></span> <span class='ocrx_word' id='word_1_323' title='bbox 1459 1492 1578 1526; x_wconf 84' lang='lat' dir='ltr'><strong>Zanzali,</strong></span> <span class='ocrx_word' id='word_1_324' title='bbox 1590 1501 1604 1520; x_wconf 88' lang='lat' dir='ltr'><strong>a</strong></span> <span class='ocrx_word' id='word_1_325' title='bbox 1615 1501 1669 1528; x_wconf 80' lang='lat' dir='ltr'><strong>quo</strong></span> <span class='ocrx_word' id='word_1_326' title='bbox 1686 1492 1829 1526; x_wconf 67' lang='lat' dir='ltr'><strong>Jacobitas,</strong></span> 
     </span>
    </p>
   </div>
   <div class='ocr_carea' id='block_1_28' title="bbox 190 1536 1829 1572">
    <p class='ocr_par' dir='ltr' id='par_1_28' title="bbox 190 1536 1829 1572">
     <span class='ocr_line' id='line_1_28' title="bbox 190 1536 1829 1572; baseline 0 -8"><span class='ocrx_word' id='word_1_327' title='bbox 190 1544 281 1572; x_wconf 88' lang='lat' dir='ltr'><strong>neque</strong></span> <span class='ocrx_word' id='word_1_328' title='bbox 296 1537 395 1564; x_wconf 81' lang='lat' dir='ltr'><strong>Juliani</strong></span> <span class='ocrx_word' id='word_1_329' title='bbox 413 1537 669 1569; x_wconf 84' lang='lat' dir='ltr'><strong>Halicarnassensis,</strong></span> <span class='ocrx_word' id='word_1_330' title='bbox 691 1545 781 1572; x_wconf 87' lang='lat' dir='ltr'><strong>neque</strong></span> <span class='ocrx_word' id='word_1_331' title='bbox 799 1537 872 1565; x_wconf 88' lang='lat' dir='ltr'><strong>Petri</strong></span> <span class='ocrx_word' id='word_1_332' title='bbox 885 1537 1060 1569; x_wconf 82' lang='lat' dir='ltr'><strong>Antiocheni,</strong></span> <span class='ocrx_word' id='word_1_333' title='bbox 1077 1544 1166 1572; x_wconf 90' lang='lat' dir='ltr'><strong>neque</strong></span> <span class='ocrx_word' id='word_1_334' title='bbox 1183 1536 1313 1572; x_wconf 82' lang='lat' dir='ltr'><strong>Eutychis</strong></span> <span class='ocrx_word' id='word_1_335' title='bbox 1335 1536 1483 1572; x_wconf 87' lang='lat' dir='ltr'><strong>discipulos</strong></span> <span class='ocrx_word' id='word_1_336' title='bbox 1501 1545 1572 1570; x_wconf 86' lang='lat' dir='ltr'><strong>esse,</strong></span> <span class='ocrx_word' id='word_1_337' title='bbox 1588 1537 1637 1565; x_wconf 88' lang='lat' dir='ltr'><strong>sed</strong></span> <span class='ocrx_word' id='word_1_338' title='bbox 1654 1537 1744 1564; x_wconf 86' lang='lat' dir='ltr'><strong>sancti</strong></span> <span class='ocrx_word' id='word_1_339' title='bbox 1757 1537 1829 1565; x_wconf 88' lang='lat' dir='ltr'><strong>Gre-</strong></span> 
     </span>
    </p>
   </div>
   <div class='ocr_carea' id='block_1_29' title="bbox 191 1580 1832 1618">
    <p class='ocr_par' dir='ltr' id='par_1_29' title="bbox 191 1580 1832 1618">
     <span class='ocr_line' id='line_1_29' title="bbox 191 1580 1832 1618; baseline 0 -9"><span class='ocrx_word' id='word_1_340' title='bbox 191 1582 258 1617; x_wconf 82' lang='lat' dir='ltr'><strong>gorii</strong></span> <span class='ocrx_word' id='word_1_341' title='bbox 275 1582 401 1617; x_wconf 83' lang='lat' dir='ltr'><strong>martyris</strong></span> <span class='ocrx_word' id='word_1_342' title='bbox 420 1587 447 1610; x_wconf 81' lang='lat' dir='ltr'><strong>et</strong></span> <span class='ocrx_word' id='word_1_343' title='bbox 475 1582 641 1609; x_wconf 82' lang='lat' dir='ltr'><strong>confessoris</strong></span> <span class='ocrx_word' id='word_1_344' title='bbox 666 1589 698 1609; x_wconf 89' lang='lat' dir='ltr'><strong>ac</strong></span> <span class='ocrx_word' id='word_1_345' title='bbox 723 1582 873 1609; x_wconf 89' lang='lat' dir='ltr'><strong>borealium</strong></span> <span class='ocrx_word' id='word_1_346' title='bbox 892 1582 1014 1609; x_wconf 91' lang='lat' dir='ltr'><strong>omnium</strong></span> <span class='ocrx_word' id='word_1_347' title='bbox 1037 1580 1201 1616; x_wconf 87' lang='lat' dir='ltr'><strong>populorum</strong></span> <span class='ocrx_word' id='word_1_348' title='bbox 1217 1580 1420 1613; x_wconf 87' lang='lat' dir='ltr'><strong>illuminatoris,</strong></span> <span class='ocrx_word' id='word_1_349' title='bbox 1447 1581 1484 1614; x_wconf 92' lang='lat' dir='ltr'><strong>id,</strong></span> <span class='ocrx_word' id='word_1_350' title='bbox 1506 1581 1639 1616; x_wconf 82' lang='lat' dir='ltr'><strong>inquam,</strong></span> <span class='ocrx_word' id='word_1_351' title='bbox 1664 1590 1762 1618; x_wconf 78' lang='lat' dir='ltr'><strong>magna</strong></span> <span class='ocrx_word' id='word_1_352' title='bbox 1779 1590 1832 1610; x_wconf 91' lang='lat' dir='ltr'><strong>nos</strong></span> 
     </span>
    </p>
   </div>
   <div class='ocr_carea' id='block_1_30' title="bbox 192 1625 1830 1659">
    <p class='ocr_par' dir='ltr' id='par_1_30' title="bbox 192 1625 1830 1659">
     <span class='ocr_line' id='line_1_30' title="bbox 192 1625 1830 1659; baseline 0.001 -6"><span class='ocrx_word' id='word_1_353' title='bbox 192 1626 285 1653; x_wconf 65' lang='lat' dir='ltr'><strong>laetitia</strong></span> <span class='ocrx_word' id='word_1_354' title='bbox 304 1626 464 1653; x_wconf 88' lang='lat' dir='ltr'><strong>cumulavit.</strong></span> <span class='ocrx_word' id='word_1_355' title='bbox 483 1625 553 1653; x_wconf 89' lang='lat' dir='ltr'><strong>Cum</strong></span> <span class='ocrx_word' id='word_1_356' title='bbox 577 1625 650 1653; x_wconf 90' lang='lat' dir='ltr'><strong>enim</strong></span> <span class='ocrx_word' id='word_1_357' title='bbox 672 1625 739 1653; x_wconf 87' lang='lat' dir='ltr'><strong>tanti</strong></span> <span class='ocrx_word' id='word_1_358' title='bbox 758 1625 878 1653; x_wconf 85' lang='lat' dir='ltr'><strong>doctoris</strong></span> <span class='ocrx_word' id='word_1_359' title='bbox 892 1625 995 1652; x_wconf 88' lang='lat' dir='ltr'><strong>alumni</strong></span> <span class='ocrx_word' id='word_1_360' title='bbox 1017 1625 1085 1656; x_wconf 84' lang='lat' dir='ltr'><strong>sitis,</strong></span> <span class='ocrx_word' id='word_1_361' title='bbox 1101 1631 1213 1659; x_wconf 87' lang='lat' dir='ltr'><strong>prorsus</strong></span> <span class='ocrx_word' id='word_1_362' title='bbox 1233 1631 1290 1651; x_wconf 90' lang='lat' dir='ltr'><strong>non</strong></span> <span class='ocrx_word' id='word_1_363' title='bbox 1306 1625 1394 1656; x_wconf 84' lang='lat' dir='ltr'><strong>decet,</strong></span> <span class='ocrx_word' id='word_1_364' title='bbox 1409 1632 1458 1652; x_wconf 85' lang='lat' dir='ltr'><strong>vos</strong></span> <span class='ocrx_word' id='word_1_365' title='bbox 1481 1625 1582 1652; x_wconf 76' lang='lat' dir='ltr'><strong>utentis</strong></span> <span class='ocrx_word' id='word_1_366' title='bbox 1595 1629 1694 1653; x_wconf 70' lang='lat' dir='ltr'><strong>vestra:</strong></span> <span class='ocrx_word' id='word_1_367' title='bbox 1715 1627 1830 1654; x_wconf 85' lang='lat' dir='ltr'><strong>consilia</strong></span> 
     </span>
    </p>
   </div>
   <div class='ocr_carea' id='block_1_31' title="bbox 192 1664 1830 1705">
    <p class='ocr_par' dir='ltr' id='par_1_31' title="bbox 192 1664 1830 1705">
     <span class='ocr_line' id='line_1_31' title="bbox 192 1664 1830 1705; baseline 0 -8"><span class='ocrx_word' id='word_1_368' title='bbox 192 1672 280 1705; x_wconf 87' lang='lat' dir='ltr'><strong>sequi,</strong></span> <span class='ocrx_word' id='word_1_369' title='bbox 297 1671 343 1698; x_wconf 92' lang='lat' dir='ltr'><strong>sed</strong></span> <span class='ocrx_word' id='word_1_370' title='bbox 360 1670 431 1697; x_wconf 91' lang='lat' dir='ltr'><strong>illam</strong></span> <span class='ocrx_word' id='word_1_371' title='bbox 449 1671 539 1705; x_wconf 89' lang='lat' dir='ltr'><strong>potius</strong></span> <span class='ocrx_word' id='word_1_372' title='bbox 549 1671 673 1705; x_wconf 87' lang='lat' dir='ltr'><strong>amplecti</strong></span> <span class='ocrx_word' id='word_1_373' title='bbox 689 1670 863 1703; x_wconf 84' lang='lat' dir='ltr'><strong>sententiam,</strong></span> <span class='ocrx_word' id='word_1_374' title='bbox 872 1678 952 1705; x_wconf 85' lang='lat' dir='ltr'><strong>quam</strong></span> <span class='ocrx_word' id='word_1_375' title='bbox 963 1677 1046 1697; x_wconf 63' lang='lat' dir='ltr'><strong>sacrae</strong></span> <span class='ocrx_word' id='word_1_376' title='bbox 1060 1669 1167 1696; x_wconf 62' lang='lat' dir='ltr'><strong>Littera</strong></span> <span class='ocrx_word' id='word_1_377' title='bbox 1177 1669 1513 1703; x_wconf 81' lang='lat' dir='ltr'><strong>suadent;nequeillorum</strong></span> <span class='ocrx_word' id='word_1_378' title='bbox 1527 1669 1621 1698; x_wconf 91' lang='lat' dir='ltr'><strong>falsam</strong></span> <span class='ocrx_word' id='word_1_379' title='bbox 1631 1664 1830 1697; x_wconf 68' lang='lat' dir='ltr'><strong>cavillationem</strong></span> 
     </span>
    </p>
   </div>
   <div class='ocr_carea' id='block_1_32' title="bbox 191 1713 1832 1750">
    <p class='ocr_par' dir='ltr' id='par_1_32' title="bbox 191 1713 1832 1750">
     <span class='ocr_line' id='line_1_32' title="bbox 191 1713 1832 1750; baseline 0 -9"><span class='ocrx_word' id='word_1_380' title='bbox 191 1715 270 1750; x_wconf 87' lang='lat' dir='ltr'><strong>pensi</strong></span> <span class='ocrx_word' id='word_1_381' title='bbox 286 1715 396 1745; x_wconf 82' lang='lat' dir='ltr'><strong>habere,</strong></span> <span class='ocrx_word' id='word_1_382' title='bbox 414 1715 461 1750; x_wconf 88' lang='lat' dir='ltr'><strong>qui</strong></span> <span class='ocrx_word' id='word_1_383' title='bbox 474 1714 646 1750; x_wconf 83' lang='lat' dir='ltr'><strong>Scripturam</strong></span> <span class='ocrx_word' id='word_1_384' title='bbox 661 1722 767 1742; x_wconf 83' lang='lat' dir='ltr'><strong>sacram</strong></span> <span class='ocrx_word' id='word_1_385' title='bbox 785 1722 833 1749; x_wconf 92' lang='lat' dir='ltr'><strong>pro</strong></span> <span class='ocrx_word' id='word_1_386' title='bbox 849 1722 898 1742; x_wconf 88' lang='lat' dir='ltr'><strong>sua</strong></span> <span class='ocrx_word' id='word_1_387' title='bbox 913 1714 1042 1749; x_wconf 88' lang='lat' dir='ltr'><strong>opinione</strong></span> <span class='ocrx_word' id='word_1_388' title='bbox 1054 1713 1216 1748; x_wconf 86' lang='lat' dir='ltr'><strong>depravant,</strong></span> <span class='ocrx_word' id='word_1_389' title='bbox 1231 1713 1454 1740; x_wconf 88' lang='lat' dir='ltr'><strong>inconstantibus</strong></span> <span class='ocrx_word' id='word_1_390' title='bbox 1469 1714 1612 1741; x_wconf 90' lang='lat' dir='ltr'><strong>hominum</strong></span> <span class='ocrx_word' id='word_1_391' title='bbox 1626 1714 1724 1741; x_wconf 90' lang='lat' dir='ltr'><strong>animis</strong></span> <span class='ocrx_word' id='word_1_392' title='bbox 1737 1714 1832 1742; x_wconf 86' lang='lat' dir='ltr'><strong>fucum</strong></span> 
     </span>
    </p>
   </div>
   <div class='ocr_carea' id='block_1_33' title="bbox 192 1757 1830 1794">
    <p class='ocr_par' dir='ltr' id='par_1_33' title="bbox 192 1757 1830 1794">
     <span class='ocr_line' id='line_1_33' title="bbox 192 1757 1830 1794; baseline 0 -9"><span class='ocrx_word' id='word_1_393' title='bbox 192 1759 339 1792; x_wconf 78' lang='lat' dir='ltr'><strong>facientes;</strong></span> <span class='ocrx_word' id='word_1_394' title='bbox 358 1758 442 1786; x_wconf 86' lang='lat' dir='ltr'><strong>veluti</strong></span> <span class='ocrx_word' id='word_1_395' title='bbox 461 1759 524 1786; x_wconf 93' lang='lat' dir='ltr'><strong>olim</strong></span> <span class='ocrx_word' id='word_1_396' title='bbox 540 1758 799 1794; x_wconf 65' lang='lat' dir='ltr'><strong>pseudoprophetm,</strong></span> <span class='ocrx_word' id='word_1_397' title='bbox 819 1758 866 1792; x_wconf 87' lang='lat' dir='ltr'><strong>qui</strong></span> <span class='ocrx_word' id='word_1_398' title='bbox 883 1766 916 1785; x_wconf 74' lang='lat' dir='ltr'><strong>ex</strong></span> <span class='ocrx_word' id='word_1_399' title='bbox 935 1765 992 1786; x_wconf 66' lang='lat' dir='ltr'><strong>sua!</strong></span> <span class='ocrx_word' id='word_1_400' title='bbox 1006 1758 1106 1786; x_wconf 88' lang='lat' dir='ltr'><strong>mentis</strong></span> <span class='ocrx_word' id='word_1_401' title='bbox 1120 1758 1246 1790; x_wconf 84' lang='lat' dir='ltr'><strong>arbitrio,</strong></span> <span class='ocrx_word' id='word_1_402' title='bbox 1261 1765 1316 1785; x_wconf 90' lang='lat' dir='ltr'><strong>non</strong></span> <span class='ocrx_word' id='word_1_403' title='bbox 1331 1765 1363 1785; x_wconf 80' lang='lat' dir='ltr'><strong>ex</strong></span> <span class='ocrx_word' id='word_1_404' title='bbox 1379 1757 1426 1785; x_wconf 88' lang='lat' dir='ltr'><strong>Dei</strong></span> <span class='ocrx_word' id='word_1_405' title='bbox 1441 1759 1580 1786; x_wconf 80' lang='lat' dir='ltr'><strong>voluntate</strong></span> <span class='ocrx_word' id='word_1_406' title='bbox 1599 1759 1672 1794; x_wconf 87' lang='lat' dir='ltr'><strong>loqui</strong></span> <span class='ocrx_word' id='word_1_407' title='bbox 1693 1760 1830 1787; x_wconf 83' lang='lat' dir='ltr'><strong>solebant.</strong></span> 
     </span>
    </p>
   </div>
   <div class='ocr_carea' id='block_1_34' title="bbox 228 1799 1832 1838">
    <p class='ocr_par' dir='ltr' id='par_1_34' title="bbox 228 1799 1832 1838">
     <span class='ocr_line' id='line_1_34' title="bbox 228 1799 1832 1838; baseline 0.001 -9"><span class='ocrx_word' id='word_1_408' title='bbox 228 1803 255 1830; x_wconf 73' lang='lat'><strong>2.</strong></span> <span class='ocrx_word' id='word_1_409' title='bbox 276 1803 331 1838; x_wconf 85' lang='lat' dir='ltr'><strong>Age</strong></span> <span class='ocrx_word' id='word_1_410' title='bbox 351 1810 415 1830; x_wconf 86' lang='lat' dir='ltr'><strong>vero</strong></span> <span class='ocrx_word' id='word_1_411' title='bbox 430 1810 481 1830; x_wconf 91' lang='lat' dir='ltr'><strong>nos</strong></span> <span class='ocrx_word' id='word_1_412' title='bbox 498 1802 622 1838; x_wconf 78' lang='lat' dir='ltr'><strong>diligenti</strong></span> <span class='ocrx_word' id='word_1_413' title='bbox 640 1801 824 1838; x_wconf 86' lang='lat' dir='ltr'><strong>vestigatione</strong></span> <span class='ocrx_word' id='word_1_414' title='bbox 841 1802 1033 1838; x_wconf 86' lang='lat' dir='ltr'><strong>comperimus,</strong></span> <span class='ocrx_word' id='word_1_415' title='bbox 1050 1810 1124 1830; x_wconf 88' lang='lat' dir='ltr'><strong>anno</strong></span> <span class='ocrx_word' id='word_1_416' title='bbox 1142 1802 1307 1830; x_wconf 84' lang='lat' dir='ltr'><strong>adamussim</strong></span> <span class='ocrx_word' id='word_1_417' title='bbox 1323 1802 1418 1837; x_wconf 89' lang='lat' dir='ltr'><strong>quinto</strong></span> <span class='ocrx_word' id='word_1_418' title='bbox 1432 1803 1538 1831; x_wconf 90' lang='lat' dir='ltr'><strong>decimo</strong></span> <span class='ocrx_word' id='word_1_419' title='bbox 1552 1807 1613 1838; x_wconf 87' lang='lat' dir='ltr'><strong>post</strong></span> <span class='ocrx_word' id='word_1_420' title='bbox 1642 1804 1728 1831; x_wconf 78' lang='lat' dir='ltr'><strong>sancti</strong></span> <span class='ocrx_word' id='word_1_421' title='bbox 1746 1799 1832 1832; x_wconf 82' lang='lat' dir='ltr'><strong>Isaaei</strong></span> 
     </span>
    </p>
   </div>
   <div class='ocr_carea' id='block_1_35' title="bbox 194 1848 1834 1884">
    <p class='ocr_par' dir='ltr' id='par_1_35' title="bbox 194 1848 1834 1884">
     <span class='ocr_line' id='line_1_35' title="bbox 194 1848 1834 1884; baseline 0.001 -7"><span class='ocrx_word' id='word_1_422' title='bbox 194 1858 228 1877; x_wconf 74' lang='lat' dir='ltr'><strong>ex</strong></span> <span class='ocrx_word' id='word_1_423' title='bbox 247 1850 299 1876; x_wconf 84' lang='lat' dir='ltr'><strong>hac</strong></span> <span class='ocrx_word' id='word_1_424' title='bbox 319 1849 373 1876; x_wconf 88' lang='lat' dir='ltr'><strong>vita</strong></span> <span class='ocrx_word' id='word_1_425' title='bbox 398 1849 432 1877; x_wconf 86' lang='lat' dir='ltr'><strong>ad</strong></span> <span class='ocrx_word' id='word_1_426' title='bbox 449 1848 589 1877; x_wconf 88' lang='lat' dir='ltr'><strong>Christum</strong></span> <span class='ocrx_word' id='word_1_427' title='bbox 608 1849 701 1877; x_wconf 70' lang='lat' dir='ltr'><strong>Iesum</strong></span> <span class='ocrx_word' id='word_1_428' title='bbox 721 1849 842 1876; x_wconf 89' lang='lat' dir='ltr'><strong>discessu</strong></span> <span class='ocrx_word' id='word_1_429' title='bbox 855 1870 862 1882; x_wconf 85' lang='grc'><strong>,</strong></span> <span class='ocrx_word' id='word_1_430' title='bbox 880 1853 1004 1876; x_wconf 85' lang='lat' dir='ltr'><strong>coactum</strong></span> <span class='ocrx_word' id='word_1_431' title='bbox 1021 1849 1106 1876; x_wconf 84' lang='lat' dir='ltr'><strong>fuisse</strong></span> <span class='ocrx_word' id='word_1_432' title='bbox 1124 1848 1348 1876; x_wconf 83' lang='lat' dir='ltr'><strong>Chalcedonense</strong></span> <span class='ocrx_word' id='word_1_433' title='bbox 1370 1849 1532 1881; x_wconf 86' lang='lat' dir='ltr'><strong>concilium;</strong></span> <span class='ocrx_word' id='word_1_434' title='bbox 1554 1857 1608 1884; x_wconf 91' lang='lat' dir='ltr'><strong>quo</strong></span> <span class='ocrx_word' id='word_1_435' title='bbox 1631 1857 1703 1877; x_wconf 87' lang='lat' dir='ltr'><strong>anno</strong></span> <span class='ocrx_word' id='word_1_436' title='bbox 1720 1856 1834 1879; x_wconf 83' lang='lat' dir='ltr'><strong>sanctus</strong></span> 
     </span>
    </p>
   </div>
   <div class='ocr_carea' id='block_1_36' title="bbox 194 1892 1833 1930">
    <p class='ocr_par' dir='ltr' id='par_1_36' title="bbox 194 1892 1833 1930">
     <span class='ocr_line' id='line_1_36' title="bbox 194 1892 1833 1930; baseline 0.002 -11"><span class='ocrx_word' id='word_1_437' title='bbox 194 1892 336 1920; x_wconf 80' lang='lat' dir='ltr'><strong>Vnrdanus</strong></span> <span class='ocrx_word' id='word_1_438' title='bbox 352 1901 413 1920; x_wconf 89' lang='lat' dir='ltr'><strong>cum</strong></span> <span class='ocrx_word' id='word_1_439' title='bbox 427 1893 549 1920; x_wconf 80' lang='lat' dir='ltr'><strong>exercitu</strong></span> <span class='ocrx_word' id='word_1_440' title='bbox 571 1900 621 1920; x_wconf 87' lang='lat' dir='ltr'><strong>suo</strong></span> <span class='ocrx_word' id='word_1_441' title='bbox 641 1893 668 1920; x_wconf 91' lang='lat' dir='ltr'><strong>in</strong></span> <span class='ocrx_word' id='word_1_442' title='bbox 684 1892 832 1919; x_wconf 84' lang='lat' dir='ltr'><strong>Ardacensi</strong></span> <span class='ocrx_word' id='word_1_443' title='bbox 847 1892 987 1927; x_wconf 85' lang='lat' dir='ltr'><strong>provincia</strong></span> <span class='ocrx_word' id='word_1_444' title='bbox 1001 1892 1161 1929; x_wconf 86' lang='lat' dir='ltr'><strong>martyrium</strong></span> <span class='ocrx_word' id='word_1_445' title='bbox 1176 1892 1242 1920; x_wconf 87' lang='lat' dir='ltr'><strong>fecit</strong></span> <span class='ocrx_word' id='word_1_446' title='bbox 1253 1913 1260 1925; x_wconf 92' lang='lat'><strong>,</strong></span> <span class='ocrx_word' id='word_1_447' title='bbox 1274 1893 1366 1920; x_wconf 86' lang='lat' dir='ltr'><strong>sedem</strong></span> <span class='ocrx_word' id='word_1_448' title='bbox 1381 1893 1565 1928; x_wconf 84' lang='lat' dir='ltr'><strong>episcopalem</strong></span> <span class='ocrx_word' id='word_1_449' title='bbox 1580 1897 1690 1921; x_wconf 86' lang='lat' dir='ltr'><strong>tenente</strong></span> <span class='ocrx_word' id='word_1_450' title='bbox 1709 1893 1833 1930; x_wconf 88' lang='lat' dir='ltr'><strong>.losepho</strong></span> 
     </span>
    </p>
   </div>
   <div class='ocr_carea' id='block_1_37' title="bbox 197 1935 1833 1971">
    <p class='ocr_par' dir='ltr' id='par_1_37' title="bbox 197 1935 1833 1971">
     <span class='ocr_line' id='line_1_37' title="bbox 197 1935 1833 1971; baseline 0.001 -7"><span class='ocrx_word' id='word_1_451' title='bbox 197 1945 229 1964; x_wconf 84' lang='lat' dir='ltr'><strong>ex</strong></span> <span class='ocrx_word' id='word_1_452' title='bbox 245 1936 350 1963; x_wconf 87' lang='lat' dir='ltr'><strong>Leontii</strong></span> <span class='ocrx_word' id='word_1_453' title='bbox 367 1935 404 1971; x_wconf 67' lang='grc'><strong>(4)</strong></span> <span class='ocrx_word' id='word_1_454' title='bbox 425 1937 566 1964; x_wconf 87' lang='lat' dir='ltr'><strong>sodalibus</strong></span> <span class='ocrx_word' id='word_1_455' title='bbox 577 1945 642 1964; x_wconf 88' lang='lat' dir='ltr'><strong>uno.</strong></span> <span class='ocrx_word' id='word_1_456' title='bbox 660 1936 746 1970; x_wconf 87' lang='lat' dir='ltr'><strong>Quam</strong></span> <span class='ocrx_word' id='word_1_457' title='bbox 758 1937 793 1964; x_wconf 92' lang='lat' dir='ltr'><strong>ob</strong></span> <span class='ocrx_word' id='word_1_458' title='bbox 807 1943 864 1964; x_wconf 90' lang='lat' dir='ltr'><strong>rem</strong></span> <span class='ocrx_word' id='word_1_459' title='bbox 876 1936 997 1964; x_wconf 87' lang='lat' dir='ltr'><strong>Armenii</strong></span> <span class='ocrx_word' id='word_1_460' title='bbox 1011 1937 1156 1964; x_wconf 87' lang='lat' dir='ltr'><strong>Persarum</strong></span> <span class='ocrx_word' id='word_1_461' title='bbox 1170 1936 1327 1964; x_wconf 87' lang='lat' dir='ltr'><strong>incursione</strong></span> <span class='ocrx_word' id='word_1_462' title='bbox 1340 1936 1441 1969; x_wconf 84' lang='lat' dir='ltr'><strong>vexati,</strong></span> <span class='ocrx_word' id='word_1_463' title='bbox 1453 1937 1478 1964; x_wconf 84' lang='lat' dir='ltr'><strong>ei</strong></span> <span class='ocrx_word' id='word_1_464' title='bbox 1492 1937 1611 1964; x_wconf 91' lang='lat' dir='ltr'><strong>concilio</strong></span> <span class='ocrx_word' id='word_1_465' title='bbox 1623 1937 1759 1966; x_wconf 87' lang='lat' dir='ltr'><strong>interesse</strong></span> <span class='ocrx_word' id='word_1_466' title='bbox 1775 1947 1833 1967; x_wconf 89' lang='lat' dir='ltr'><strong>non</strong></span> 
     </span>
    </p>
   </div>
   <div class='ocr_carea' id='block_1_38' title="bbox 195 1980 1835 2016">
    <p class='ocr_par' dir='ltr' id='par_1_38' title="bbox 195 1980 1835 2016">
     <span class='ocr_line' id='line_1_38' title="bbox 195 1980 1835 2016; baseline 0.003 -10"><span class='ocrx_word' id='word_1_467' title='bbox 195 1985 352 2016; x_wconf 80' lang='lat' dir='ltr'><strong>potuerunt;</strong></span> <span class='ocrx_word' id='word_1_468' title='bbox 367 1986 447 2015; x_wconf 83' lang='lat' dir='ltr'><strong>atque</strong></span> <span class='ocrx_word' id='word_1_469' title='bbox 460 1981 525 2008; x_wconf 91' lang='lat' dir='ltr'><strong>hinc</strong></span> <span class='ocrx_word' id='word_1_470' title='bbox 541 1981 653 2014; x_wconf 90' lang='lat' dir='ltr'><strong>accidit,</strong></span> <span class='ocrx_word' id='word_1_471' title='bbox 674 1985 704 2008; x_wconf 91' lang='lat' dir='ltr'><strong>ut</strong></span> <span class='ocrx_word' id='word_1_472' title='bbox 722 1988 805 2008; x_wconf 86' lang='lat' dir='ltr'><strong>verax</strong></span> <span class='ocrx_word' id='word_1_473' title='bbox 829 1980 938 2008; x_wconf 88' lang='lat' dir='ltr'><strong>concilii</strong></span> <span class='ocrx_word' id='word_1_474' title='bbox 955 1981 1015 2015; x_wconf 81' lang='lat' dir='ltr'><strong>ejus</strong></span> <span class='ocrx_word' id='word_1_475' title='bbox 1035 1981 1132 2008; x_wconf 87' lang='lat' dir='ltr'><strong>relatio</strong></span> <span class='ocrx_word' id='word_1_476' title='bbox 1152 1981 1185 2008; x_wconf 90' lang='lat' dir='ltr'><strong>ad</strong></span> <span class='ocrx_word' id='word_1_477' title='bbox 1201 1988 1249 2008; x_wconf 93' lang='lat' dir='ltr'><strong>eos</strong></span> <span class='ocrx_word' id='word_1_478' title='bbox 1269 1988 1326 2008; x_wconf 92' lang='lat' dir='ltr'><strong>non</strong></span> <span class='ocrx_word' id='word_1_479' title='bbox 1345 1981 1496 2008; x_wconf 87' lang='lat' dir='ltr'><strong>devenerit.</strong></span> <span class='ocrx_word' id='word_1_480' title='bbox 1516 1981 1607 2009; x_wconf 75' lang='lat' dir='ltr'><strong>Nihilo</strong></span> <span class='ocrx_word' id='word_1_481' title='bbox 1628 1987 1717 2010; x_wconf 88' lang='lat' dir='ltr'><strong>tamen</strong></span> <span class='ocrx_word' id='word_1_482' title='bbox 1740 1991 1835 2011; x_wconf 84' lang='lat' dir='ltr'><strong>minus</strong></span> 
     </span>
    </p>
   </div>
   <div class='ocr_carea' id='block_1_39' title="bbox 195 2024 1835 2060">
    <p class='ocr_par' dir='ltr' id='par_1_39' title="bbox 195 2024 1835 2060">
     <span class='ocr_line' id='line_1_39' title="bbox 195 2024 1835 2060; baseline 0.002 -9"><span class='ocrx_word' id='word_1_483' title='bbox 195 2024 316 2051; x_wconf 83' lang='lat' dir='ltr'><strong>Armenii</strong></span> <span class='ocrx_word' id='word_1_484' title='bbox 331 2025 446 2051; x_wconf 83' lang='lat' dir='ltr'><strong>concilio</strong></span> <span class='ocrx_word' id='word_1_485' title='bbox 463 2024 501 2051; x_wconf 91' lang='lat' dir='ltr'><strong>illi</strong></span> <span class='ocrx_word' id='word_1_486' title='bbox 520 2032 575 2052; x_wconf 90' lang='lat' dir='ltr'><strong>non</strong></span> <span class='ocrx_word' id='word_1_487' title='bbox 595 2029 659 2052; x_wconf 89' lang='lat' dir='ltr'><strong>sunt</strong></span> <span class='ocrx_word' id='word_1_488' title='bbox 683 2025 836 2057; x_wconf 84' lang='lat' dir='ltr'><strong>adversati,</strong></span> <span class='ocrx_word' id='word_1_489' title='bbox 859 2025 914 2051; x_wconf 91' lang='lat' dir='ltr'><strong>imo</strong></span> <span class='ocrx_word' id='word_1_490' title='bbox 944 2025 1133 2053; x_wconf 82' lang='lat' dir='ltr'><strong>auctoritatem</strong></span> <span class='ocrx_word' id='word_1_491' title='bbox 1163 2025 1224 2060; x_wconf 84' lang='lat' dir='ltr'><strong>ejus</strong></span> <span class='ocrx_word' id='word_1_492' title='bbox 1250 2029 1420 2060; x_wconf 80' lang='lat' dir='ltr'><strong>agnoverunt</strong></span> <span class='ocrx_word' id='word_1_493' title='bbox 1443 2033 1529 2060; x_wconf 87' lang='lat' dir='ltr'><strong>usque</strong></span> <span class='ocrx_word' id='word_1_494' title='bbox 1550 2026 1584 2053; x_wconf 90' lang='lat' dir='ltr'><strong>ad</strong></span> <span class='ocrx_word' id='word_1_495' title='bbox 1596 2025 1748 2054; x_wconf 88' lang='lat' dir='ltr'><strong>Devinense</strong></span> <span class='ocrx_word' id='word_1_496' title='bbox 1764 2035 1835 2055; x_wconf 78' lang='lat' dir='ltr'><strong>con—</strong></span> 
     </span>
    </p>
   </div>
   <div class='ocr_carea' id='block_1_40' title="bbox 201 2067 1835 2104">
    <p class='ocr_par' dir='ltr' id='par_1_40' title="bbox 201 2067 1835 2104">
     <span class='ocr_line' id='line_1_40' title="bbox 201 2067 1835 2104; baseline 0.002 -10"><span class='ocrx_word' id='word_1_497' title='bbox 201 2067 370 2101; x_wconf 87' lang='lat' dir='ltr'><strong>ciliabulum,</strong></span> <span class='ocrx_word' id='word_1_498' title='bbox 386 2075 435 2102; x_wconf 87' lang='lat' dir='ltr'><strong>per</strong></span> <span class='ocrx_word' id='word_1_499' title='bbox 452 2076 539 2096; x_wconf 85' lang='lat' dir='ltr'><strong>annos</strong></span> <span class='ocrx_word' id='word_1_500' title='bbox 558 2069 609 2096; x_wconf 77' lang='grc'><strong>106</strong></span> <span class='ocrx_word' id='word_1_501' title='bbox 623 2069 672 2104; x_wconf 78' lang='grc'><strong>(5),</strong></span> <span class='ocrx_word' id='word_1_502' title='bbox 687 2076 786 2104; x_wconf 88' lang='lat' dir='ltr'><strong>nempe</strong></span> <span class='ocrx_word' id='word_1_503' title='bbox 797 2077 812 2096; x_wconf 85' lang='lat' dir='ltr'><strong>a</strong></span> <span class='ocrx_word' id='word_1_504' title='bbox 827 2069 948 2096; x_wconf 90' lang='lat' dir='ltr'><strong>secundo</strong></span> <span class='ocrx_word' id='word_1_505' title='bbox 963 2068 1090 2097; x_wconf 87' lang='lat' dir='ltr'><strong>Marciani</strong></span> <span class='ocrx_word' id='word_1_506' title='bbox 1106 2076 1178 2096; x_wconf 88' lang='lat' dir='ltr'><strong>anno</strong></span> <span class='ocrx_word' id='word_1_507' title='bbox 1193 2076 1279 2103; x_wconf 84' lang='lat' dir='ltr'><strong>usque</strong></span> <span class='ocrx_word' id='word_1_508' title='bbox 1294 2069 1326 2096; x_wconf 82' lang='lat' dir='ltr'><strong>ad</strong></span> <span class='ocrx_word' id='word_1_509' title='bbox 1338 2068 1486 2096; x_wconf 72' lang='lat' dir='ltr'><strong>Iustiniani</strong></span> <span class='ocrx_word' id='word_1_510' title='bbox 1501 2069 1649 2102; x_wconf 86' lang='lat' dir='ltr'><strong>decimum,</strong></span> <span class='ocrx_word' id='word_1_511' title='bbox 1664 2075 1692 2097; x_wconf 89' lang='lat' dir='ltr'><strong>et</strong></span> <span class='ocrx_word' id='word_1_512' title='bbox 1706 2069 1835 2099; x_wconf 88' lang='lat' dir='ltr'><strong>Nersetis</strong></span> 
     </span>
    </p>
   </div>
   <div class='ocr_carea' id='block_1_41' title="bbox 198 2112 1836 2150">
    <p class='ocr_par' dir='ltr' id='par_1_41' title="bbox 198 2112 1836 2150">
     <span class='ocr_line' id='line_1_41' title="bbox 198 2112 1836 2150; baseline 0.002 -10"><span class='ocrx_word' id='word_1_513' title='bbox 198 2112 323 2141; x_wconf 85' lang='lat' dir='ltr'><strong>catholici</strong></span> <span class='ocrx_word' id='word_1_514' title='bbox 336 2113 548 2141; x_wconf 86' lang='lat' dir='ltr'><strong>Ascitaracensis</strong></span> <span class='ocrx_word' id='word_1_515' title='bbox 563 2117 689 2146; x_wconf 82' lang='lat' dir='ltr'><strong>sextum,</strong></span> <span class='ocrx_word' id='word_1_516' title='bbox 708 2114 754 2149; x_wconf 89' lang='lat' dir='ltr'><strong>qui</strong></span> <span class='ocrx_word' id='word_1_517' title='bbox 768 2113 921 2141; x_wconf 81' lang='lat' dir='ltr'><strong>Devinense</strong></span> <span class='ocrx_word' id='word_1_518' title='bbox 935 2114 1092 2149; x_wconf 77' lang='lat' dir='ltr'><strong>praedictum</strong></span> <span class='ocrx_word' id='word_1_519' title='bbox 1110 2113 1255 2141; x_wconf 89' lang='lat' dir='ltr'><strong>concilium</strong></span> <span class='ocrx_word' id='word_1_520' title='bbox 1271 2113 1443 2149; x_wconf 76' lang='lat' dir='ltr'><strong>congregavit</strong></span> <span class='ocrx_word' id='word_1_521' title='bbox 1462 2113 1510 2150; x_wconf 82' lang='lat'><strong>(6),</strong></span> <span class='ocrx_word' id='word_1_522' title='bbox 1535 2114 1626 2142; x_wconf 84' lang='lat' dir='ltr'><strong>Persis</strong></span> <span class='ocrx_word' id='word_1_523' title='bbox 1652 2115 1680 2142; x_wconf 91' lang='lat' dir='ltr'><strong>in</strong></span> <span class='ocrx_word' id='word_1_524' title='bbox 1703 2115 1836 2143; x_wconf 84' lang='lat' dir='ltr'><strong>Armenia</strong></span> 
     </span>
    </p>
   </div>
   <div class='ocr_carea' id='block_1_42' title="bbox 234 2213 988 2250">
    <p class='ocr_par' dir='ltr' id='par_1_42' title="bbox 234 2213 988 2250">
     <span class='ocr_line' id='line_1_42' title="bbox 234 2213 988 2250; baseline 0.003 -9"><span class='ocrx_word' id='word_1_525' title='bbox 234 2213 271 2250; x_wconf 80' lang='lat'><strong>(‘5)</strong></span> <span class='ocrx_word' id='word_1_526' title='bbox 291 2213 320 2242; x_wconf 90' lang='lat' dir='ltr'><strong>Si</strong></span> <span class='ocrx_word' id='word_1_527' title='bbox 334 2214 455 2242; x_wconf 84' lang='lat' dir='ltr'><strong>Ascenez</strong></span> <span class='ocrx_word' id='word_1_528' title='bbox 477 2218 542 2242; x_wconf 90' lang='lat' dir='ltr'><strong>sunt</strong></span> <span class='ocrx_word' id='word_1_529' title='bbox 560 2213 698 2245; x_wconf 81' lang='lat' dir='ltr'><strong>Armenii,</strong></span> <span class='ocrx_word' id='word_1_530' title='bbox 721 2219 751 2242; x_wconf 89' lang='lat' dir='ltr'><strong>ut</strong></span> <span class='ocrx_word' id='word_1_531' title='bbox 769 2219 882 2250; x_wconf 88' lang='lat' dir='ltr'><strong>apparet</strong></span> <span class='ocrx_word' id='word_1_532' title='bbox 904 2215 988 2243; x_wconf 88' lang='lat' dir='ltr'><strong>etiam</strong></span> 
     </span>
    </p>
   </div>
   <div class='ocr_carea' id='block_1_43' title="bbox 198 2249 990 2285">
    <p class='ocr_par' dir='ltr' id='par_1_43' title="bbox 198 2249 990 2285">
     <span class='ocr_line' id='line_1_43' title="bbox 198 2249 990 2285; baseline 0 -8"><span class='ocrx_word' id='word_1_533' title='bbox 198 2249 387 2277; x_wconf 47' lang='lat' dir='ltr'><strong>ex&#39;llieremia</strong></span> <span class='ocrx_word' id='word_1_534' title='bbox 410 2257 445 2282; x_wconf 66' lang='grc' dir='ltr'><strong>ιι,</strong></span> <span class='ocrx_word' id='word_1_535' title='bbox 471 2250 522 2283; x_wconf 73' lang='grc'><strong>27,</strong></span> <span class='ocrx_word' id='word_1_536' title='bbox 547 2258 616 2277; x_wconf 85' lang='lat' dir='ltr'><strong>vana</strong></span> <span class='ocrx_word' id='word_1_537' title='bbox 642 2253 685 2277; x_wconf 86' lang='lat' dir='ltr'><strong>est</strong></span> <span class='ocrx_word' id='word_1_538' title='bbox 708 2249 848 2277; x_wconf 87' lang='lat' dir='ltr'><strong>conclusio</strong></span> <span class='ocrx_word' id='word_1_539' title='bbox 866 2250 990 2285; x_wconf 81' lang='lat' dir='ltr'><strong>disputa—</strong></span> 
     </span>
    </p>
   </div>
   <div class='ocr_carea' id='block_1_44' title="bbox 199 2284 990 2320">
    <p class='ocr_par' dir='ltr' id='par_1_44' title="bbox 199 2284 990 2320">
     <span class='ocr_line' id='line_1_44' title="bbox 199 2284 990 2320; baseline 0.001 -9"><span class='ocrx_word' id='word_1_540' title='bbox 199 2285 281 2312; x_wconf 84' lang='lat' dir='ltr'><strong>tionis</strong></span> <span class='ocrx_word' id='word_1_541' title='bbox 297 2284 408 2312; x_wconf 80' lang='lat' dir='ltr'><strong>Calmeti</strong></span> <span class='ocrx_word' id='word_1_542' title='bbox 424 2285 458 2312; x_wconf 84' lang='lat' dir='ltr'><strong>ad</strong></span> <span class='ocrx_word' id='word_1_543' title='bbox 476 2285 576 2313; x_wconf 86' lang='lat' dir='ltr'><strong>Genes.</strong></span> <span class='ocrx_word' id='word_1_544' title='bbox 596 2294 623 2318; x_wconf 81' lang='lat' dir='ltr'><strong>x,</strong></span> <span class='ocrx_word' id='word_1_545' title='bbox 644 2286 671 2315; x_wconf 82' lang='grc'><strong>5,</strong></span> <span class='ocrx_word' id='word_1_546' title='bbox 685 2286 732 2320; x_wconf 91' lang='lat' dir='ltr'><strong>qui</strong></span> <span class='ocrx_word' id='word_1_547' title='bbox 752 2286 874 2313; x_wconf 87' lang='lat' dir='ltr'><strong>Ascenez</strong></span> <span class='ocrx_word' id='word_1_548' title='bbox 892 2284 990 2312; x_wconf 76' lang='lat' dir='ltr'><strong>definit</strong></span> 
     </span>
    </p>
   </div>
   <div class='ocr_carea' id='block_1_45' title="bbox 199 2320 993 2354">
    <p class='ocr_par' dir='ltr' id='par_1_45' title="bbox 199 2320 993 2354">
     <span class='ocr_line' id='line_1_45' title="bbox 199 2320 993 2354; baseline 0.003 -8"><span class='ocrx_word' id='word_1_549' title='bbox 199 2328 260 2347; x_wconf 80' lang='lat' dir='ltr'><strong>esse</strong></span> <span class='ocrx_word' id='word_1_550' title='bbox 270 2320 384 2354; x_wconf 86' lang='lat' dir='ltr'><strong>populos</strong></span> <span class='ocrx_word' id='word_1_551' title='bbox 396 2321 555 2348; x_wconf 87' lang='lat' dir='ltr'><strong>Ascanticos</strong></span> <span class='ocrx_word' id='word_1_552' title='bbox 563 2321 636 2348; x_wconf 83' lang='lat' dir='ltr'><strong>circa</strong></span> <span class='ocrx_word' id='word_1_553' title='bbox 648 2320 772 2347; x_wconf 88' lang='lat' dir='ltr'><strong>Tanaim.</strong></span> <span class='ocrx_word' id='word_1_554' title='bbox 782 2320 895 2348; x_wconf 88' lang='lat' dir='ltr'><strong>Gravius</strong></span> <span class='ocrx_word' id='word_1_555' title='bbox 903 2320 993 2348; x_wconf 87' lang='lat' dir='ltr'><strong>adhuc</strong></span> 
     </span>
    </p>
   </div>
   <div class='ocr_carea' id='block_1_46' title="bbox 199 2355 992 2383">
    <p class='ocr_par' dir='ltr' id='par_1_46' title="bbox 199 2355 992 2383">
     <span class='ocr_line' id='line_1_46' title="bbox 199 2355 992 2383; baseline 0.001 -1"><span class='ocrx_word' id='word_1_556' title='bbox 199 2356 359 2383; x_wconf 88' lang='lat' dir='ltr'><strong>alluciuatur</strong></span> <span class='ocrx_word' id='word_1_557' title='bbox 370 2355 550 2383; x_wconf 82' lang='lat' dir='ltr'><strong>Combelisius</strong></span> <span class='ocrx_word' id='word_1_558' title='bbox 561 2356 588 2383; x_wconf 93' lang='lat' dir='ltr'><strong>in</strong></span> <span class='ocrx_word' id='word_1_559' title='bbox 604 2356 822 2383; x_wconf 87' lang='lat' dir='ltr'><strong>adnotationibus</strong></span> <span class='ocrx_word' id='word_1_560' title='bbox 836 2356 870 2382; x_wconf 88' lang='lat' dir='ltr'><strong>ad</strong></span> <span class='ocrx_word' id='word_1_561' title='bbox 882 2355 992 2383; x_wconf 78' lang='lat' dir='ltr'><strong>Joannis</strong></span> 
     </span>
    </p>
   </div>
   <div class='ocr_carea' id='block_1_47' title="bbox 199 2390 991 2426">
    <p class='ocr_par' dir='ltr' id='par_1_47' title="bbox 199 2390 991 2426">
     <span class='ocr_line' id='line_1_47' title="bbox 199 2390 991 2426; baseline 0.001 -9"><span class='ocrx_word' id='word_1_562' title='bbox 199 2391 304 2419; x_wconf 72' lang='lat' dir='ltr'><strong>Nicaeui</strong></span> <span class='ocrx_word' id='word_1_563' title='bbox 319 2390 461 2425; x_wconf 88' lang='lat' dir='ltr'><strong>epistolam</strong></span> <span class='ocrx_word' id='word_1_564' title='bbox 477 2391 521 2425; x_wconf 88' lang='lat' dir='ltr'><strong>(de</strong></span> <span class='ocrx_word' id='word_1_565' title='bbox 536 2399 588 2425; x_wconf 87' lang='lat' dir='ltr'><strong>qua</strong></span> <span class='ocrx_word' id='word_1_566' title='bbox 600 2399 649 2418; x_wconf 91' lang='lat' dir='ltr'><strong>nos</strong></span> <span class='ocrx_word' id='word_1_567' title='bbox 664 2395 738 2418; x_wconf 89' lang='lat' dir='ltr'><strong>retro</strong></span> <span class='ocrx_word' id='word_1_568' title='bbox 755 2399 782 2425; x_wconf 92' lang='lat' dir='ltr'><strong>p.</strong></span> <span class='ocrx_word' id='word_1_569' title='bbox 794 2390 860 2426; x_wconf 17' lang='lat' dir='ltr'><strong>74H)</strong></span> <span class='ocrx_word' id='word_1_570' title='bbox 879 2391 924 2426; x_wconf 86' lang='lat' dir='ltr'><strong>qui</strong></span> <span class='ocrx_word' id='word_1_571' title='bbox 941 2399 991 2418; x_wconf 82' lang='lat' dir='ltr'><strong>vo—</strong></span> 
     </span>
    </p>
   </div>
   <div class='ocr_carea' id='block_1_48' title="bbox 200 2425 992 2457">
    <p class='ocr_par' dir='ltr' id='par_1_48' title="bbox 200 2425 992 2457">
     <span class='ocr_line' id='line_1_48' title="bbox 200 2425 992 2457; baseline 0.001 -4"><span class='ocrx_word' id='word_1_572' title='bbox 200 2426 328 2453; x_wconf 88' lang='lat' dir='ltr'><strong>cabulum</strong></span> <span class='ocrx_word' id='word_1_573' title='bbox 344 2426 410 2452; x_wconf 59' lang='lat' dir='ltr'><strong>Atat</strong></span> <span class='ocrx_word' id='word_1_574' title='bbox 430 2426 463 2453; x_wconf 91' lang='lat' dir='ltr'><strong>de</strong></span> <span class='ocrx_word' id='word_1_575' title='bbox 477 2426 614 2453; x_wconf 81' lang='lat' dir='ltr'><strong>Armeniis</strong></span> <span class='ocrx_word' id='word_1_576' title='bbox 630 2426 743 2457; x_wconf 89' lang='lat' dir='ltr'><strong>dictum,</strong></span> <span class='ocrx_word' id='word_1_577' title='bbox 757 2425 895 2452; x_wconf 83' lang='lat' dir='ltr'><strong>existimat</strong></span> <span class='ocrx_word' id='word_1_578' title='bbox 906 2426 992 2454; x_wconf 87' lang='lat' dir='ltr'><strong>inter-</strong></span> 
     </span>
    </p>
   </div>
   <div class='ocr_carea' id='block_1_49' title="bbox 201 2461 990 2496">
    <p class='ocr_par' dir='ltr' id='par_1_49' title="bbox 201 2461 990 2496">
     <span class='ocr_line' id='line_1_49' title="bbox 201 2461 990 2496; baseline 0.003 -9"><span class='ocrx_word' id='word_1_579' title='bbox 201 2461 364 2496; x_wconf 89' lang='lat' dir='ltr'><strong>pretandum</strong></span> <span class='ocrx_word' id='word_1_580' title='bbox 378 2469 439 2488; x_wconf 85' lang='lat' dir='ltr'><strong>esse</strong></span> <span class='ocrx_word' id='word_1_581' title='bbox 459 2461 591 2496; x_wconf 79' lang='grc' dir='ltr'><strong>ἀσκητάς,</strong></span> <span class='ocrx_word' id='word_1_582' title='bbox 624 2462 754 2496; x_wconf 76' lang='lat' dir='ltr'><strong>religiosa:</strong></span> <span class='ocrx_word' id='word_1_583' title='bbox 778 2461 838 2496; x_wconf 66' lang='lat' dir='ltr'><strong>uitta</strong></span> <span class='ocrx_word' id='word_1_584' title='bbox 861 2462 990 2493; x_wconf 82' lang='lat' dir='ltr'><strong>homines;</strong></span> 
     </span>
    </p>
   </div>
   <div class='ocr_carea' id='block_1_50' title="bbox 200 2495 993 2531">
    <p class='ocr_par' dir='ltr' id='par_1_50' title="bbox 200 2495 993 2531">
     <span class='ocr_line' id='line_1_50' title="bbox 200 2495 993 2531; baseline 0.003 -9"><span class='ocrx_word' id='word_1_585' title='bbox 200 2495 263 2523; x_wconf 79' lang='lat' dir='ltr'><strong>cum</strong></span> <span class='ocrx_word' id='word_1_586' title='bbox 287 2500 381 2522; x_wconf 89' lang='lat' dir='ltr'><strong>contra</strong></span> <span class='ocrx_word' id='word_1_587' title='bbox 401 2497 469 2523; x_wconf 81' lang='lat' dir='ltr'><strong>Azat</strong></span> <span class='ocrx_word' id='word_1_588' title='bbox 488 2495 650 2524; x_wconf 87' lang='lat' dir='ltr'><strong>Armeniace</strong></span> <span class='ocrx_word' id='word_1_589' title='bbox 669 2495 803 2531; x_wconf 69' lang='lat' dir='ltr'><strong>Signiﬁcet</strong></span> <span class='ocrx_word' id='word_1_590' title='bbox 823 2495 911 2523; x_wconf 73' lang='lat' dir='ltr'><strong>liberte</strong></span> <span class='ocrx_word' id='word_1_591' title='bbox 930 2505 993 2524; x_wconf 86' lang='lat' dir='ltr'><strong>con-</strong></span> 
     </span>
    </p>
   </div>
   <div class='ocr_carea' id='block_1_51' title="bbox 201 2531 714 2565">
    <p class='ocr_par' dir='ltr' id='par_1_51' title="bbox 201 2531 714 2565">
     <span class='ocr_line' id='line_1_51' title="bbox 201 2531 714 2565; baseline -0.002 -7"><span class='ocrx_word' id='word_1_592' title='bbox 201 2531 310 2558; x_wconf 81' lang='lat' dir='ltr'><strong>ditionis</strong></span> <span class='ocrx_word' id='word_1_593' title='bbox 323 2531 439 2558; x_wconf 78' lang='lat' dir='ltr'><strong>homines</strong></span> <span class='ocrx_word' id='word_1_594' title='bbox 455 2539 505 2559; x_wconf 91' lang='lat' dir='ltr'><strong>seu</strong></span> <span class='ocrx_word' id='word_1_595' title='bbox 524 2533 674 2565; x_wconf 80' lang='lat' dir='ltr'><strong>optimates.</strong></span> <span class='ocrx_word' id='word_1_596' title='bbox 710 2540 714 2548; x_wconf 78' lang='grc' dir='ltr'>ι</span> 
     </span>
    </p>
   </div>
   <div class='ocr_carea' id='block_1_52' title="bbox 239 2566 986 2602">
    <p class='ocr_par' dir='ltr' id='par_1_52' title="bbox 239 2566 986 2602">
     <span class='ocr_line' id='line_1_52' title="bbox 239 2566 986 2602; baseline 0.004 -10"><span class='ocrx_word' id='word_1_597' title='bbox 239 2566 277 2600; x_wconf 52' lang='lat' dir='ltr'><strong>(ﬂ)</strong></span> <span class='ocrx_word' id='word_1_598' title='bbox 298 2566 428 2602; x_wconf 74' lang='lat' dir='ltr'><strong>Leontius</strong></span> <span class='ocrx_word' id='word_1_599' title='bbox 442 2566 554 2602; x_wconf 84' lang='lat' dir='ltr'><strong>insignis</strong></span> <span class='ocrx_word' id='word_1_600' title='bbox 575 2567 646 2601; x_wconf 89' lang='lat' dir='ltr'><strong>apud</strong></span> <span class='ocrx_word' id='word_1_601' title='bbox 662 2567 807 2594; x_wconf 89' lang='lat' dir='ltr'><strong>Armenios</strong></span> <span class='ocrx_word' id='word_1_602' title='bbox 824 2566 896 2594; x_wconf 82' lang='lat' dir='ltr'><strong>illius</strong></span> <span class='ocrx_word' id='word_1_603' title='bbox 916 2571 986 2595; x_wconf 86' lang='lat' dir='ltr'><strong>tem—</strong></span> 
     </span>
    </p>
   </div>
   <div class='ocr_carea' id='block_1_53' title="bbox 202 2601 993 2637">
    <p class='ocr_par' dir='ltr' id='par_1_53' title="bbox 202 2601 993 2637">
     <span class='ocr_line' id='line_1_53' title="bbox 202 2601 993 2637; baseline 0.001 -9"><span class='ocrx_word' id='word_1_604' title='bbox 202 2603 276 2636; x_wconf 88' lang='lat' dir='ltr'><strong>poris</strong></span> <span class='ocrx_word' id='word_1_605' title='bbox 290 2601 424 2637; x_wconf 50' lang='lat' dir='ltr'><strong>sacerdos,</strong></span> <span class='ocrx_word' id='word_1_606' title='bbox 441 2601 564 2637; x_wconf 76' lang='lat' dir='ltr'><strong>quicum</strong></span> <span class='ocrx_word' id='word_1_607' title='bbox 579 2602 686 2637; x_wconf 59' lang='lat' dir='ltr'><strong>castoris</strong></span> <span class='ocrx_word' id='word_1_608' title='bbox 701 2610 796 2629; x_wconf 87' lang='lat' dir='ltr'><strong>necem</strong></span> <span class='ocrx_word' id='word_1_609' title='bbox 812 2602 885 2629; x_wconf 88' lang='lat' dir='ltr'><strong>illam</strong></span> <span class='ocrx_word' id='word_1_610' title='bbox 897 2602 993 2637; x_wconf 68' lang='lat' dir='ltr'><strong>glorio«</strong></span> 
     </span>
    </p>
   </div>
   <div class='ocr_carea' id='block_1_54' title="bbox 204 2632 988 2672">
    <p class='ocr_par' dir='ltr' id='par_1_54' title="bbox 204 2632 988 2672">
     <span class='ocr_line' id='line_1_54' title="bbox 204 2632 988 2672; baseline 0.004 -10"><span class='ocrx_word' id='word_1_611' title='bbox 204 2632 263 2663; x_wconf 71' lang='lat' dir='ltr'><strong>sam</strong></span> <span class='ocrx_word' id='word_1_612' title='bbox 282 2644 296 2663; x_wconf 89' lang='lat' dir='ltr'><strong>a</strong></span> <span class='ocrx_word' id='word_1_613' title='bbox 314 2635 406 2672; x_wconf 82' lang='lat' dir='ltr'><strong>Persis</strong></span> <span class='ocrx_word' id='word_1_614' title='bbox 419 2632 515 2672; x_wconf 79' lang='lat' dir='ltr'><strong>passus</strong></span> <span class='ocrx_word' id='word_1_615' title='bbox 531 2642 587 2669; x_wconf 87' lang='lat' dir='ltr'><strong>est,</strong></span> <span class='ocrx_word' id='word_1_616' title='bbox 608 2632 691 2672; x_wconf 73' lang='lat' dir='ltr'><strong>qua&#39;m</strong></span> <span class='ocrx_word' id='word_1_617' title='bbox 713 2637 850 2665; x_wconf 85' lang='lat' dir='ltr'><strong>luculenta</strong></span> <span class='ocrx_word' id='word_1_618' title='bbox 875 2632 988 2665; x_wconf 75' lang='lat' dir='ltr'><strong>historia</strong></span> 
     </span>
    </p>
   </div>
   <div class='ocr_carea' id='block_1_55' title="bbox 202 2671 626 2700">
    <p class='ocr_par' dir='ltr' id='par_1_55' title="bbox 202 2671 626 2700">
     <span class='ocr_line' id='line_1_55' title="bbox 202 2671 626 2700; baseline 0.002 -1"><span class='ocrx_word' id='word_1_619' title='bbox 202 2672 323 2699; x_wconf 75' lang='lat' dir='ltr'><strong>narravit</strong></span> <span class='ocrx_word' id='word_1_620' title='bbox 339 2671 484 2699; x_wconf 87' lang='lat' dir='ltr'><strong>Armenius</strong></span> <span class='ocrx_word' id='word_1_621' title='bbox 504 2671 626 2700; x_wconf 60' lang='lat' dir='ltr'><strong>Elisneusl</strong></span> 
     </span>
    </p>
   </div>
   <div class='ocr_carea' id='block_1_56' title="bbox 238 2705 567 2742">
    <p class='ocr_par' dir='ltr' id='par_1_56' title="bbox 238 2705 567 2742">
     <span class='ocr_line' id='line_1_56' title="bbox 238 2705 567 2742; baseline 0 -8"><span class='ocrx_word' id='word_1_622' title='bbox 238 2706 277 2742; x_wconf 83' lang='lat'><strong>(5)</strong></span> <span class='ocrx_word' id='word_1_623' title='bbox 297 2705 365 2735; x_wconf 88' lang='lat' dir='ltr'><strong>Cod.</strong></span> <span class='ocrx_word' id='word_1_624' title='bbox 380 2710 509 2735; x_wconf 86' lang='lat' dir='ltr'><strong>mendose</strong></span> <span class='ocrx_word' id='word_1_625' title='bbox 524 2708 567 2734; x_wconf 77' lang='grc'><strong>74.</strong></span> 
     </span>
    </p>
   </div>
   <div class='ocr_carea' id='block_1_57' title="bbox 240 2741 992 2778">
    <p class='ocr_par' dir='ltr' id='par_1_57' title="bbox 240 2741 992 2778">
     <span class='ocr_line' id='line_1_57' title="bbox 240 2741 992 2778; baseline 0.004 -10"><span class='ocrx_word' id='word_1_626' title='bbox 240 2742 278 2777; x_wconf 80' lang='lat'><strong>(6)</strong></span> <span class='ocrx_word' id='word_1_627' title='bbox 297 2742 416 2778; x_wconf 77' lang='lat' dir='ltr'><strong>Galauus</strong></span> <span class='ocrx_word' id='word_1_628' title='bbox 429 2743 548 2777; x_wconf 84' lang='lat' dir='ltr'><strong>quidem.</strong></span> <span class='ocrx_word' id='word_1_629' title='bbox 561 2741 696 2776; x_wconf 86' lang='lat' dir='ltr'><strong>Villottus,</strong></span> <span class='ocrx_word' id='word_1_630' title='bbox 711 2745 741 2770; x_wconf 68' lang='lat' dir='ltr'><strong>iet</strong></span> <span class='ocrx_word' id='word_1_631' title='bbox 758 2742 916 2778; x_wconf 85' lang='lat' dir='ltr'><strong>Leqninius,</strong></span> <span class='ocrx_word' id='word_1_632' title='bbox 930 2743 992 2771; x_wconf 86' lang='lat' dir='ltr'><strong>freti</strong></span> 
     </span>
    </p>
   </div>
   <div class='ocr_carea' id='block_1_58' title="bbox 205 2777 992 2816">
    <p class='ocr_par' dir='ltr' id='par_1_58' title="bbox 205 2777 992 2816">
     <span class='ocr_line' id='line_1_58' title="bbox 205 2777 992 2816; baseline 0.004 -13"><span class='ocrx_word' id='word_1_633' title='bbox 205 2777 345 2816; x_wconf 72' lang='lat' dir='ltr'><strong>historicis</strong></span> <span class='ocrx_word' id='word_1_634' title='bbox 354 2778 504 2816; x_wconf 85' lang='lat' dir='ltr'><strong>_Armeniis</strong></span> <span class='ocrx_word' id='word_1_635' title='bbox 520 2777 764 2816; x_wconf 68' lang='lat' dir='ltr'><strong>aliquo_t,_quornm</strong></span> <span class='ocrx_word' id='word_1_636' title='bbox 781 2777 928 2816; x_wconf 13' lang='lat' dir='ltr'><strong>notitiapad</strong></span> <span class='ocrx_word' id='word_1_637' title='bbox 945 2786 992 2816; x_wconf 86' lang='lat' dir='ltr'><strong>eos</strong></span> 
     </span>
    </p>
   </div>
   <div class='ocr_carea' id='block_1_59' title="bbox 205 2812 992 2845">
    <p class='ocr_par' dir='ltr' id='par_1_59' title="bbox 205 2812 992 2845">
     <span class='ocr_line' id='line_1_59' title="bbox 205 2812 992 2845; baseline 0.005 -9"><span class='ocrx_word' id='word_1_638' title='bbox 205 2812 338 2845; x_wconf 77' lang='lat' dir='ltr'><strong>pervenit.</strong></span> <span class='ocrx_word' id='word_1_639' title='bbox 353 2813 504 2840; x_wconf 77' lang='lat' dir='ltr'><strong>Deviuense</strong></span> <span class='ocrx_word' id='word_1_640' title='bbox 518 2812 725 2841; x_wconf 82' lang='lat' dir='ltr'><strong>conciliabulum</strong></span> <span class='ocrx_word' id='word_1_641' title='bbox 743 2812 773 2845; x_wconf 79' lang='lat' dir='ltr'><strong>in</strong></span> <span class='ocrx_word' id='word_1_642' title='bbox 786 2813 904 2841; x_wconf 84' lang='lat' dir='ltr'><strong>Nersetis</strong></span> <span class='ocrx_word' id='word_1_643' title='bbox 915 2814 992 2840; x_wconf 87' lang='lat' dir='ltr'><strong>Asci-</strong></span> 
     </span>
    </p>
   </div>
   <div class='ocr_carea' id='block_1_60' title="bbox 211 2847 991 2884">
    <p class='ocr_par' dir='ltr' id='par_1_60' title="bbox 211 2847 991 2884">
     <span class='ocr_line' id='line_1_60' title="bbox 211 2847 991 2884; baseline 0.006 -13"><span class='ocrx_word' id='word_1_644' title='bbox 211 2847 358 2884; x_wconf 73' lang='lat' dir='ltr'><strong>taracensis</strong></span> <span class='ocrx_word' id='word_1_645' title='bbox 372 2848 554 2884; x_wconf 78' lang='lat' dir='ltr'><strong>patriarchatu</strong></span> <span class='ocrx_word' id='word_1_646' title='bbox 570 2849 712 2876; x_wconf 82' lang='lat' dir='ltr'><strong>collocant.</strong></span> <span class='ocrx_word' id='word_1_647' title='bbox 729 2847 783 2878; x_wconf 62' lang='lat' dir='ltr'><strong>Sed</strong></span> <span class='ocrx_word' id='word_1_648' title='bbox 806 2853 896 2876; x_wconf 84' lang='lat' dir='ltr'><strong>tamen</strong></span> <span class='ocrx_word' id='word_1_649' title='bbox 911 2856 991 2876; x_wconf 42' lang='lat' dir='ltr'><strong>vera-</strong></span> 
     </span>
    </p>
   </div>
   <div class='ocr_carea' id='block_1_61' title="bbox 208 2883 990 2920">
    <p class='ocr_par' dir='ltr' id='par_1_61' title="bbox 208 2883 990 2920">
     <span class='ocr_line' id='line_1_61' title="bbox 208 2883 990 2920; baseline 0.008 -14"><span class='ocrx_word' id='word_1_650' title='bbox 208 2887 296 2908; x_wconf 74' lang='lat' dir='ltr'><strong>(IOI‘OS</strong></span> <span class='ocrx_word' id='word_1_651' title='bbox 313 2886 340 2909; x_wconf 88' lang='lat' dir='ltr'><strong>et</strong></span> <span class='ocrx_word' id='word_1_652' title='bbox 352 2883 488 2918; x_wconf 70' lang='lat' dir='ltr'><strong>graviores</strong></span> <span class='ocrx_word' id='word_1_653' title='bbox 507 2883 627 2912; x_wconf 68' lang='lat' dir='ltr'><strong>historia:</strong></span> <span class='ocrx_word' id='word_1_654' title='bbox 640 2889 740 2913; x_wconf 86' lang='lat' dir='ltr'><strong>nostrae</strong></span> <span class='ocrx_word' id='word_1_655' title='bbox 755 2884 917 2920; x_wconf 52' lang='lat' dir='ltr'><strong>scriptorcs,</strong></span> <span class='ocrx_word' id='word_1_656' title='bbox 933 2892 990 2912; x_wconf 85' lang='lat' dir='ltr'><strong>rem</strong></span> 
     </span>
    </p>
   </div>
   <div class='ocr_carea' id='block_1_62' title="bbox 1042 2212 1835 2249">
    <p class='ocr_par' dir='ltr' id='par_1_62' title="bbox 1042 2212 1835 2249">
     <span class='ocr_line' id='line_1_62' title="bbox 1042 2212 1835 2249; baseline 0 -7"><span class='ocrx_word' id='word_1_657' title='bbox 1042 2215 1114 2242; x_wconf 86' lang='lat' dir='ltr'><strong>illam</strong></span> <span class='ocrx_word' id='word_1_658' title='bbox 1134 2213 1162 2240; x_wconf 91' lang='lat' dir='ltr'><strong>in</strong></span> <span class='ocrx_word' id='word_1_659' title='bbox 1176 2212 1321 2240; x_wconf 88' lang='lat' dir='ltr'><strong>Abrahami</strong></span> <span class='ocrx_word' id='word_1_660' title='bbox 1335 2212 1346 2240; x_wconf 87' lang='grc' dir='ltr'><strong>Ι</strong></span> <span class='ocrx_word' id='word_1_661' title='bbox 1375 2213 1560 2248; x_wconf 80' lang='lat' dir='ltr'><strong>patriarcliatu</strong></span> <span class='ocrx_word' id='word_1_662' title='bbox 1573 2218 1712 2249; x_wconf 83' lang='lat' dir='ltr'><strong>peractam</strong></span> <span class='ocrx_word' id='word_1_663' title='bbox 1723 2214 1835 2247; x_wconf 88' lang='lat' dir='ltr'><strong>dicunt,</strong></span> 
     </span>
    </p>
   </div>
   <div class='ocr_carea' id='block_1_63' title="bbox 1043 2248 1835 2285">
    <p class='ocr_par' dir='ltr' id='par_1_63' title="bbox 1043 2248 1835 2285">
     <span class='ocr_line' id='line_1_63' title="bbox 1043 2248 1835 2285; baseline 0.001 -9"><span class='ocrx_word' id='word_1_664' title='bbox 1043 2250 1090 2284; x_wconf 89' lang='lat' dir='ltr'><strong>qui</strong></span> <span class='ocrx_word' id='word_1_665' title='bbox 1106 2256 1178 2276; x_wconf 92' lang='lat' dir='ltr'><strong>anno</strong></span> <span class='ocrx_word' id='word_1_666' title='bbox 1195 2249 1247 2276; x_wconf 74' lang='grc'><strong>554</strong></span> <span class='ocrx_word' id='word_1_667' title='bbox 1261 2249 1366 2276; x_wconf 89' lang='lat' dir='ltr'><strong>electus</strong></span> <span class='ocrx_word' id='word_1_668' title='bbox 1384 2248 1444 2285; x_wconf 82' lang='lat' dir='ltr'><strong>fuit,</strong></span> <span class='ocrx_word' id='word_1_669' title='bbox 1458 2253 1486 2285; x_wconf 69' lang='lat' dir='ltr'><strong>et</strong></span> <span class='ocrx_word' id='word_1_670' title='bbox 1499 2248 1610 2284; x_wconf 82' lang='lat' dir='ltr'><strong>Cyrioni</strong></span> <span class='ocrx_word' id='word_1_671' title='bbox 1625 2249 1767 2277; x_wconf 90' lang='lat' dir='ltr'><strong>lberorum</strong></span> <span class='ocrx_word' id='word_1_672' title='bbox 1782 2258 1835 2285; x_wconf 89' lang='lat' dir='ltr'><strong>pa-</strong></span> 
     </span>
    </p>
   </div>
   <div class='ocr_carea' id='block_1_64' title="bbox 1044 2284 1836 2318">
    <p class='ocr_par' dir='ltr' id='par_1_64' title="bbox 1044 2284 1836 2318">
     <span class='ocr_line' id='line_1_64' title="bbox 1044 2284 1836 2318; baseline 0 -6"><span class='ocrx_word' id='word_1_673' title='bbox 1044 2285 1171 2312; x_wconf 62' lang='lat' dir='ltr'><strong>triarcha),</strong></span> <span class='ocrx_word' id='word_1_674' title='bbox 1200 2284 1337 2311; x_wconf 85' lang='lat' dir='ltr'><strong>adversari</strong></span> <span class='ocrx_word' id='word_1_675' title='bbox 1359 2284 1443 2318; x_wconf 65' lang='lat' dir='ltr'><strong>erepit</strong></span> <span class='ocrx_word' id='word_1_676' title='bbox 1466 2284 1696 2312; x_wconf 85' lang='lat' dir='ltr'><strong>Chalcedonensis</strong></span> <span class='ocrx_word' id='word_1_677' title='bbox 1722 2284 1836 2313; x_wconf 85' lang='lat' dir='ltr'><strong>concilii</strong></span> 
     </span>
    </p>
   </div>
   <div class='ocr_carea' id='block_1_65' title="bbox 1044 2319 1835 2354">
    <p class='ocr_par' dir='ltr' id='par_1_65' title="bbox 1044 2319 1835 2354">
     <span class='ocr_line' id='line_1_65' title="bbox 1044 2319 1835 2354; baseline 0 -6"><span class='ocrx_word' id='word_1_678' title='bbox 1044 2320 1198 2350; x_wconf 85' lang='lat' dir='ltr'><strong>defensori;</strong></span> <span class='ocrx_word' id='word_1_679' title='bbox 1221 2319 1336 2354; x_wconf 88' lang='lat' dir='ltr'><strong>ideoque</strong></span> <span class='ocrx_word' id='word_1_680' title='bbox 1351 2319 1511 2354; x_wconf 61' lang='lat' dir='ltr'><strong>praedictum</strong></span> <span class='ocrx_word' id='word_1_681' title='bbox 1529 2320 1738 2348; x_wconf 87' lang='lat' dir='ltr'><strong>conciliabulum</strong></span> <span class='ocrx_word' id='word_1_682' title='bbox 1758 2321 1835 2348; x_wconf 88' lang='lat' dir='ltr'><strong>cele-</strong></span> 
     </span>
    </p>
   </div>
   <div class='ocr_carea' id='block_1_66' title="bbox 1043 2354 1836 2390">
    <p class='ocr_par' dir='ltr' id='par_1_66' title="bbox 1043 2354 1836 2390">
     <span class='ocr_line' id='line_1_66' title="bbox 1043 2354 1836 2390; baseline 0 -7"><span class='ocrx_word' id='word_1_683' title='bbox 1043 2355 1143 2387; x_wconf 81' lang='lat' dir='ltr'><strong>bravit.</strong></span> <span class='ocrx_word' id='word_1_684' title='bbox 1161 2359 1191 2382; x_wconf 89' lang='lat' dir='ltr'><strong>ut</strong></span> <span class='ocrx_word' id='word_1_685' title='bbox 1202 2354 1347 2390; x_wconf 86' lang='lat' dir='ltr'><strong>Cyrionem</strong></span> <span class='ocrx_word' id='word_1_686' title='bbox 1361 2355 1626 2390; x_wconf 81' lang='lat' dir='ltr'><strong>excommunicaret,</strong></span> <span class='ocrx_word' id='word_1_687' title='bbox 1643 2360 1724 2390; x_wconf 86' lang='lat' dir='ltr'><strong>atque</strong></span> <span class='ocrx_word' id='word_1_688' title='bbox 1747 2364 1836 2383; x_wconf 89' lang='lat' dir='ltr'><strong>unam</strong></span> 
     </span>
    </p>
   </div>
   <div class='ocr_carea' id='block_1_67' title="bbox 1043 2389 1837 2426">
    <p class='ocr_par' dir='ltr' id='par_1_67' title="bbox 1043 2389 1837 2426">
     <span class='ocr_line' id='line_1_67' title="bbox 1043 2389 1837 2426; baseline 0 -8"><span class='ocrx_word' id='word_1_689' title='bbox 1043 2398 1103 2418; x_wconf 89' lang='lat' dir='ltr'><strong>esse</strong></span> <span class='ocrx_word' id='word_1_690' title='bbox 1123 2389 1282 2417; x_wconf 82' lang='lat' dir='ltr'><strong>decerneret</strong></span> <span class='ocrx_word' id='word_1_691' title='bbox 1299 2389 1403 2426; x_wconf 84' lang='lat' dir='ltr'><strong>Christi</strong></span> <span class='ocrx_word' id='word_1_692' title='bbox 1424 2389 1490 2426; x_wconf 81' lang='lat' dir='ltr'><strong>Jesu</strong></span> <span class='ocrx_word' id='word_1_693' title='bbox 1509 2395 1644 2422; x_wconf 81' lang='lat' dir='ltr'><strong>naturam,</strong></span> <span class='ocrx_word' id='word_1_694' title='bbox 1666 2389 1692 2418; x_wconf 79' lang='lat' dir='ltr'><strong>et</strong></span> <span class='ocrx_word' id='word_1_695' title='bbox 1713 2390 1837 2426; x_wconf 87' lang='lat' dir='ltr'><strong>denique</strong></span> 
     </span>
    </p>
   </div>
   <div class='ocr_carea' id='block_1_68' title="bbox 1044 2425 1835 2460">
    <p class='ocr_par' dir='ltr' id='par_1_68' title="bbox 1044 2425 1835 2460">
     <span class='ocr_line' id='line_1_68' title="bbox 1044 2425 1835 2460; baseline 0 -7"><span class='ocrx_word' id='word_1_696' title='bbox 1044 2426 1145 2460; x_wconf 79' lang='lat' dir='ltr'><strong>trisagii</strong></span> <span class='ocrx_word' id='word_1_697' title='bbox 1157 2425 1328 2452; x_wconf 87' lang='lat' dir='ltr'><strong>notissimum</strong></span> <span class='ocrx_word' id='word_1_698' title='bbox 1340 2425 1405 2452; x_wconf 83' lang='lat' dir='ltr'><strong>illud</strong></span> <span class='ocrx_word' id='word_1_699' title='bbox 1415 2425 1627 2453; x_wconf 86' lang='lat' dir='ltr'><strong>additamentum</strong></span> <span class='ocrx_word' id='word_1_700' title='bbox 1640 2426 1699 2453; x_wconf 89' lang='lat' dir='ltr'><strong>cani</strong></span> <span class='ocrx_word' id='word_1_701' title='bbox 1711 2425 1835 2460; x_wconf 73' lang='lat' dir='ltr'><strong>iuberet.</strong></span> 
     </span>
    </p>
   </div>
   <div class='ocr_carea' id='block_1_69' title="bbox 1043 2460 1837 2502">
    <p class='ocr_par' dir='ltr' id='par_1_69' title="bbox 1043 2460 1837 2502">
     <span class='ocr_line' id='line_1_69' title="bbox 1043 2460 1837 2502; baseline -0.001 -13"><span class='ocrx_word' id='word_1_702' title='bbox 1043 2460 1427 2502; x_wconf 38' lang='lat' dir='ltr'><strong>constatinsuper‘librornm</strong></span> <span class='ocrx_word' id='word_1_703' title='bbox 1442 2460 1634 2502; x_wconf 64' lang='lat' dir='ltr'><strong>haereticorum</strong></span> <span class='ocrx_word' id='word_1_704' title='bbox 1647 2462 1719 2502; x_wconf 88' lang='lat' dir='ltr'><strong>apud</strong></span> <span class='ocrx_word' id='word_1_705' title='bbox 1734 2463 1837 2502; x_wconf 75' lang='lat' dir='ltr'><strong>Arme-</strong></span> 
     </span>
    </p>
   </div>
   <div class='ocr_carea' id='block_1_70' title="bbox 1043 2495 1837 2531">
    <p class='ocr_par' dir='ltr' id='par_1_70' title="bbox 1043 2495 1837 2531">
     <span class='ocr_line' id='line_1_70' title="bbox 1043 2495 1837 2531; baseline 0.001 -8"><span class='ocrx_word' id='word_1_706' title='bbox 1043 2497 1104 2523; x_wconf 89' lang='lat' dir='ltr'><strong>nios</strong></span> <span class='ocrx_word' id='word_1_707' title='bbox 1130 2496 1395 2530; x_wconf 79' lang='lat' dir='ltr'><strong>interpretationem,</strong></span> <span class='ocrx_word' id='word_1_708' title='bbox 1419 2503 1500 2530; x_wconf 89' lang='lat' dir='ltr'><strong>quam</strong></span> <span class='ocrx_word' id='word_1_709' title='bbox 1520 2495 1635 2523; x_wconf 85' lang='lat' dir='ltr'><strong>Photius</strong></span> <span class='ocrx_word' id='word_1_710' title='bbox 1661 2495 1690 2523; x_wconf 90' lang='lat' dir='ltr'><strong>in</strong></span> <span class='ocrx_word' id='word_1_711' title='bbox 1717 2497 1837 2531; x_wconf 83' lang='lat' dir='ltr'><strong>epistola</strong></span> 
     </span>
    </p>
   </div>
   <div class='ocr_carea' id='block_1_71' title="bbox 1043 2530 1830 2566">
    <p class='ocr_par' dir='ltr' id='par_1_71' title="bbox 1043 2530 1830 2566">
     <span class='ocr_line' id='line_1_71' title="bbox 1043 2530 1830 2566; baseline 0 -8"><span class='ocrx_word' id='word_1_712' title='bbox 1043 2536 1186 2563; x_wconf 86' lang='lat' dir='ltr'><strong>memorat,</strong></span> <span class='ocrx_word' id='word_1_713' title='bbox 1199 2531 1249 2558; x_wconf 85' lang='lat' dir='ltr'><strong>sub</strong></span> <span class='ocrx_word' id='word_1_714' title='bbox 1262 2530 1418 2558; x_wconf 89' lang='lat' dir='ltr'><strong>Abrahamo</strong></span> <span class='ocrx_word' id='word_1_715' title='bbox 1432 2531 1586 2566; x_wconf 85' lang='lat' dir='ltr'><strong>patriarcha</strong></span> <span class='ocrx_word' id='word_1_716' title='bbox 1597 2531 1681 2559; x_wconf 87' lang='lat' dir='ltr'><strong>fuisse</strong></span> <span class='ocrx_word' id='word_1_717' title='bbox 1691 2530 1830 2565; x_wconf 77' lang='lat' dir='ltr'><strong>curatam,</strong></span> 
     </span>
    </p>
   </div>
   <div class='ocr_carea' id='block_1_72' title="bbox 1045 2565 1837 2602">
    <p class='ocr_par' dir='ltr' id='par_1_72' title="bbox 1045 2565 1837 2602">
     <span class='ocr_line' id='line_1_72' title="bbox 1045 2565 1837 2602; baseline 0.001 -9"><span class='ocrx_word' id='word_1_718' title='bbox 1045 2566 1141 2602; x_wconf 72' lang='lat' dir='ltr'><strong>Syrum</strong></span> <span class='ocrx_word' id='word_1_719' title='bbox 1159 2574 1223 2593; x_wconf 87' lang='lat' dir='ltr'><strong>vero</strong></span> <span class='ocrx_word' id='word_1_720' title='bbox 1243 2566 1399 2602; x_wconf 84' lang='lat' dir='ltr'><strong>Abdiseium</strong></span> <span class='ocrx_word' id='word_1_721' title='bbox 1412 2574 1425 2593; x_wconf 88' lang='lat' dir='ltr'><strong>a</strong></span> <span class='ocrx_word' id='word_1_722' title='bbox 1439 2565 1552 2602; x_wconf 77' lang='lat' dir='ltr'><strong>Nersete</strong></span> <span class='ocrx_word' id='word_1_723' title='bbox 1569 2567 1640 2593; x_wconf 86' lang='lat' dir='ltr'><strong>haud</strong></span> <span class='ocrx_word' id='word_1_724' title='bbox 1657 2567 1768 2602; x_wconf 89' lang='lat' dir='ltr'><strong>quidem</strong></span> <span class='ocrx_word' id='word_1_725' title='bbox 1782 2567 1837 2595; x_wconf 86' lang='lat' dir='ltr'><strong>As-</strong></span> 
     </span>
    </p>
   </div>
   <div class='ocr_carea' id='block_1_73' title="bbox 1043 2601 1838 2638">
    <p class='ocr_par' dir='ltr' id='par_1_73' title="bbox 1043 2601 1838 2638">
     <span class='ocr_line' id='line_1_73' title="bbox 1043 2601 1838 2638; baseline 0.001 -9"><span class='ocrx_word' id='word_1_726' title='bbox 1043 2601 1202 2638; x_wconf 79' lang='lat' dir='ltr'><strong>citaracensi</strong></span> <span class='ocrx_word' id='word_1_727' title='bbox 1224 2601 1276 2638; x_wconf 86' lang='lat' dir='ltr'><strong>sed</strong></span> <span class='ocrx_word' id='word_1_728' title='bbox 1288 2601 1428 2638; x_wconf 18' lang='lat' dir='ltr'><strong>&gt;Scinogho</strong></span> <span class='ocrx_word' id='word_1_729' title='bbox 1450 2601 1535 2638; x_wconf 82' lang='lat' dir='ltr'><strong>fuisse</strong></span> <span class='ocrx_word' id='word_1_730' title='bbox 1558 2601 1758 2634; x_wconf 84' lang='lat' dir='ltr'><strong>consecratum,</strong></span> <span class='ocrx_word' id='word_1_731' title='bbox 1786 2603 1838 2638; x_wconf 91' lang='lat' dir='ltr'><strong>qui</strong></span> 
     </span>
    </p>
   </div>
   <div class='ocr_carea' id='block_1_74' title="bbox 1044 2636 1838 2673">
    <p class='ocr_par' dir='ltr' id='par_1_74' title="bbox 1044 2636 1838 2673">
     <span class='ocr_line' id='line_1_74' title="bbox 1044 2636 1838 2673; baseline 0.001 -9"><span class='ocrx_word' id='word_1_732' title='bbox 1044 2637 1152 2673; x_wconf 85' lang='lat' dir='ltr'><strong>nonnisi</strong></span> <span class='ocrx_word' id='word_1_733' title='bbox 1167 2644 1238 2663; x_wconf 85' lang='lat' dir='ltr'><strong>anno</strong></span> <span class='ocrx_word' id='word_1_734' title='bbox 1246 2636 1297 2673; x_wconf 71' lang='grc'><strong>640</strong></span> <span class='ocrx_word' id='word_1_735' title='bbox 1311 2636 1454 2673; x_wconf 78' lang='lat' dir='ltr'><strong>ordinatus</strong></span> <span class='ocrx_word' id='word_1_736' title='bbox 1467 2636 1529 2667; x_wconf 84' lang='lat' dir='ltr'><strong>fuit,</strong></span> <span class='ocrx_word' id='word_1_737' title='bbox 1549 2642 1576 2664; x_wconf 89' lang='lat' dir='ltr'><strong>et</strong></span> <span class='ocrx_word' id='word_1_738' title='bbox 1593 2636 1838 2673; x_wconf 80' lang='lat' dir='ltr'><strong>pseudosynodtim</strong></span> 
     </span>
    </p>
   </div>
   <div class='ocr_carea' id='block_1_75' title="bbox 1043 2671 1840 2707">
    <p class='ocr_par' dir='ltr' id='par_1_75' title="bbox 1043 2671 1840 2707">
     <span class='ocr_line' id='line_1_75' title="bbox 1043 2671 1840 2707; baseline 0.003 -8"><span class='ocrx_word' id='word_1_739' title='bbox 1043 2672 1138 2699; x_wconf 90' lang='lat' dir='ltr'><strong>Devini</strong></span> <span class='ocrx_word' id='word_1_740' title='bbox 1153 2672 1322 2699; x_wconf 84' lang='lat' dir='ltr'><strong>convocavit.</strong></span> <span class='ocrx_word' id='word_1_741' title='bbox 1337 2671 1405 2704; x_wconf 83' lang='lat' dir='ltr'><strong>Quia</strong></span> <span class='ocrx_word' id='word_1_742' title='bbox 1431 2680 1505 2706; x_wconf 77' lang='lat' dir='ltr'><strong>ergo,</strong></span> <span class='ocrx_word' id='word_1_743' title='bbox 1521 2671 1601 2707; x_wconf 80' lang='lat' dir='ltr'><strong>prout</strong></span> <span class='ocrx_word' id='word_1_744' title='bbox 1623 2680 1689 2700; x_wconf 80' lang='lat' dir='ltr'><strong>sana</strong></span> <span class='ocrx_word' id='word_1_745' title='bbox 1713 2671 1840 2701; x_wconf 75' lang='lat' dir='ltr'><strong>chrono-</strong></span> 
     </span>
    </p>
   </div>
   <div class='ocr_carea' id='block_1_76' title="bbox 1043 2707 1841 2743">
    <p class='ocr_par' dir='ltr' id='par_1_76' title="bbox 1043 2707 1841 2743">
     <span class='ocr_line' id='line_1_76' title="bbox 1043 2707 1841 2743; baseline 0.001 -8"><span class='ocrx_word' id='word_1_746' title='bbox 1043 2708 1113 2743; x_wconf 83' lang='lat' dir='ltr'><strong>logia</strong></span> <span class='ocrx_word' id='word_1_747' title='bbox 1130 2707 1220 2739; x_wconf 85' lang='lat' dir='ltr'><strong>tradit,</strong></span> <span class='ocrx_word' id='word_1_748' title='bbox 1235 2707 1456 2743; x_wconf 78' lang='lat' dir='ltr'><strong>Chalcedonense</strong></span> <span class='ocrx_word' id='word_1_749' title='bbox 1471 2708 1616 2735; x_wconf 90' lang='lat' dir='ltr'><strong>concilium</strong></span> <span class='ocrx_word' id='word_1_750' title='bbox 1632 2716 1704 2735; x_wconf 89' lang='lat' dir='ltr'><strong>anno</strong></span> <span class='ocrx_word' id='word_1_751' title='bbox 1719 2708 1770 2736; x_wconf 71' lang='grc'><strong>451</strong></span> <span class='ocrx_word' id='word_1_752' title='bbox 1787 2708 1841 2736; x_wconf 76' lang='lat' dir='ltr'><strong>ha-</strong></span> 
     </span>
    </p>
   </div>
   <div class='ocr_carea' id='block_1_77' title="bbox 1043 2741 1840 2776">
    <p class='ocr_par' dir='ltr' id='par_1_77' title="bbox 1043 2741 1840 2776">
     <span class='ocr_line' id='line_1_77' title="bbox 1043 2741 1840 2776; baseline 0 -6"><span class='ocrx_word' id='word_1_753' title='bbox 1043 2741 1128 2770; x_wconf 74' lang='lat' dir='ltr'><strong>biinm</strong></span> <span class='ocrx_word' id='word_1_754' title='bbox 1146 2746 1198 2776; x_wconf 85' lang='lat' dir='ltr'><strong>est,</strong></span> <span class='ocrx_word' id='word_1_755' title='bbox 1214 2750 1268 2776; x_wconf 90' lang='lat' dir='ltr'><strong>quo</strong></span> <span class='ocrx_word' id='word_1_756' title='bbox 1281 2741 1445 2769; x_wconf 86' lang='lat' dir='ltr'><strong>adamussim</strong></span> <span class='ocrx_word' id='word_1_757' title='bbox 1460 2742 1532 2769; x_wconf 77' lang='lat' dir='ltr'><strong>anno</strong></span> <span class='ocrx_word' id='word_1_758' title='bbox 1548 2743 1664 2770; x_wconf 83' lang='lat' dir='ltr'><strong>Vardani</strong></span> <span class='ocrx_word' id='word_1_759' title='bbox 1681 2744 1840 2771; x_wconf 91' lang='lat' dir='ltr'><strong>sociorum-</strong></span> 
     </span>
    </p>
   </div>
   <div class='ocr_carea' id='block_1_78' title="bbox 1043 2777 1843 2813">
    <p class='ocr_par' dir='ltr' id='par_1_78' title="bbox 1043 2777 1843 2813">
     <span class='ocr_line' id='line_1_78' title="bbox 1043 2777 1843 2813; baseline 0.003 -8"><span class='ocrx_word' id='word_1_760' title='bbox 1043 2786 1096 2813; x_wconf 88' lang='lat' dir='ltr'><strong>que</strong></span> <span class='ocrx_word' id='word_1_761' title='bbox 1111 2777 1170 2811; x_wconf 84' lang='lat' dir='ltr'><strong>ejus</strong></span> <span class='ocrx_word' id='word_1_762' title='bbox 1185 2777 1342 2813; x_wconf 81' lang='lat' dir='ltr'><strong>martyrium</strong></span> <span class='ocrx_word' id='word_1_763' title='bbox 1359 2777 1481 2813; x_wconf 80' lang='lat' dir='ltr'><strong>contigit,</strong></span> <span class='ocrx_word' id='word_1_764' title='bbox 1495 2779 1619 2813; x_wconf 87' lang='lat' dir='ltr'><strong>sequitur</strong></span> <span class='ocrx_word' id='word_1_765' title='bbox 1636 2783 1666 2805; x_wconf 86' lang='lat' dir='ltr'><strong>ut</strong></span> <span class='ocrx_word' id='word_1_766' title='bbox 1681 2778 1843 2808; x_wconf 87' lang='lat' dir='ltr'><strong>Devincnse</strong></span> 
     </span>
    </p>
   </div>
   <div class='ocr_carea' id='block_1_79' title="bbox 1043 2813 1844 2848">
    <p class='ocr_par' dir='ltr' id='par_1_79' title="bbox 1043 2813 1844 2848">
     <span class='ocr_line' id='line_1_79' title="bbox 1043 2813 1844 2848; baseline 0.004 -8"><span class='ocrx_word' id='word_1_767' title='bbox 1043 2813 1254 2840; x_wconf 76' lang='lat' dir='ltr'><strong>conciliabulum</strong></span> <span class='ocrx_word' id='word_1_768' title='bbox 1274 2813 1309 2840; x_wconf 90' lang='lat' dir='ltr'><strong>ad</strong></span> <span class='ocrx_word' id='word_1_769' title='bbox 1328 2820 1429 2848; x_wconf 73' lang='lat' dir='ltr'><strong>annum</strong></span> <span class='ocrx_word' id='word_1_770' title='bbox 1454 2818 1516 2848; x_wconf 87' lang='lat' dir='ltr'><strong>post</strong></span> <span class='ocrx_word' id='word_1_771' title='bbox 1537 2814 1763 2843; x_wconf 75' lang='lat' dir='ltr'><strong>Chalcedonensé</strong></span> <span class='ocrx_word' id='word_1_772' title='bbox 1785 2815 1844 2843; x_wconf 64' lang='lat' dir='ltr'><strong>HL</strong></span> 
     </span>
    </p>
   </div>
   <div class='ocr_carea' id='block_1_80' title="bbox 1043 2847 1511 2877">
    <p class='ocr_par' dir='ltr' id='par_1_80' title="bbox 1043 2847 1511 2877">
     <span class='ocr_line' id='line_1_80' title="bbox 1043 2847 1511 2877; baseline -0.002 0"><span class='ocrx_word' id='word_1_773' title='bbox 1043 2849 1217 2877; x_wconf 85' lang='lat' dir='ltr'><strong>referendum</strong></span> <span class='ocrx_word' id='word_1_774' title='bbox 1234 2848 1280 2876; x_wconf 88' lang='lat' dir='ltr'><strong>sit.</strong></span> <span class='ocrx_word' id='word_1_775' title='bbox 1296 2848 1327 2876; x_wconf 87' lang='lat' dir='ltr'><strong>E.</strong></span> <span class='ocrx_word' id='word_1_776' title='bbox 1345 2847 1511 2877; x_wconf 73' lang='lat' dir='ltr'><strong>llonnurius.</strong></span> 
     </span>
    </p>
   </div>
  </div>
