1940 3087
105 114 108 119 ’
129 133 181 164 705
701 124 935 157 EPISTOLARU

1001 123 1107 153 LIBER
1123 122 1150 152 Ῑ.
1180 128 1183 130 ’
1684 119 1745 150 ’⁸106

129 185 313 222 regnantibus,
335 184 441 212 decimo
456 189 552 219 quarto
565 184 694 212 Chosrois
707 184 865 219 imperantis
879 190 969 215 anno;
986 189 1054 209 usus
1069 181 1102 208 ad
1114 187 1180 226 eam
1199 187 1256 226 rem
1272 179 1398 226 ministro
1411 177 1538 226 Abdiscio
1552 177 1628 226 Syro,
1643 177 1696 226 qui.
1712 177 1746 204 de

130 221 245 258 Sassane
260 229 476 263 monasteriaque
491 229 613 263 Sareptae
625 236 688 256 cum
701 228 782 256 sociis
811 228 958 255 advenerat
976 235 983 253 :
999 225 1083 260 hique
1102 224 1219 252 ordinati
1232 228 1306 270 _sunt
1319 230 1334 249 a
1354 221 1468 270 Nersete
1482 221 1612 270 episcopi,
1625 221 1746 247 admise-

129 278 246 308 runtque
264 272 432 304 Dioscorum.
447 277 475 300 et
489 272 647 300 Flavianum
663 272 780 300 civitatis
802 270 926 298 Nabuchi
939 270 978 305 (7)
994 269 1168 304 episcopum,
1182 275 1215 294 ac
1229 266 1403 316 :l‘imotheum
1417 265 1629 316 Alexandrinum
1645 271 1747 316 cogno-

130 321 222 345 mento
234 317 358 344 Elurum
373 326 380 343 :
394 316 527 350 iidemque
541 316 625 343 libros
639 317 726 343 varios
740 316 768 342 in
784 315 973 342 Armeniacam
988 313 1106 348 linguam
1124 311 1330 340 transtulerunt,
1341 309 1449 337 insertis
1460 309 1553 336 multis
1564 313 1657 336 contra
1667 308 1748 335 Chal-

122 361 283 391 cedonense
298 360 440 388 concilium
466 360 608 387 calumniis
625 360 673 395 (8).
691 359 723 386 lli
739 359 840 386 idcirco
854 363 1055 393 postremorum
1070 356 1249 390 interpretum
1265 354 1343 381 titulo
1354 353 1540 388 indigitantur.

165 406 192 432 5.
213 405 283 439 Ergo
304 403 426 431 Armenii
443 404 558 431 istorum
578 404 704 431 doctrina
730 402 826 430 imbuti
841 409 922 429 unam
939 401 1004 428 Jesu
1021 399 1122 428 Christi
1135 398 1256 444 hominis
1268 405 1300 444 ac
1318 397 1365 444 [lci
1378 402 1506 444 naturam
1521 399 1705 444 agnoverunt,
1719 399 1748 422 ct

131 448 241 484 trisagio
255 448 337 475 verba
352 449 396 482 qui
408 447 547 482 cruciﬁxus
566 456 592 474 es
609 447 786 479 addiderunt;
804 446 877 481 quod
888 445 1009 473 studiose
1025 443 1160 476 fecerunt,
1173 447 1205 469 ut
1220 440 1436 469 Chalcedonensi
1451 440 1567 467 concilio
1583 445 1610 467 et
1628 440 1750 474 quinque

130 491 291 527 patriarchis
312 491 533 518 contradicerent
553 499 560 518 :
579 483 660 526 atque
680 491 716 518 ita
735 499 750 518 a
771 491 927 518 Grzecorum
948 487 1151 519 communione,
1176 486 1280 533 indicto
1300 485 1342 512 his
1365 484 1546 533 anathemate,
1562 487 1750 533 recesserunt.

131 534 169 562 Ea
189 542 234 562 res
259 535 401 562 Persarum
420 542 511 569 regem
529 542 627 569 magno
641 534 738 569 gaudio
753 533 854 566 alIecit,
868 532 932 568 quia
946 539 1045 566 nempe
1060 531 1202 558 Armenios
1215 537 1230 557 a
1253 529 1409 557 Graecorum
1425 529 1586 576 auctoritate
1606 529 1751 576 recessisse

133 579 262 606 videbat:
279 586 362 613 quare
382 579 533 606 collaudato
550 578 672 612 Nersete,
692 578 775 606 ﬁliuni
795 586 875 606 suum
886 598 893 610 ,
914 579 995 611 prout
1012 574 1186 621 promiserat,
1199 574 1226 600 in
1242 573 1415 608 adoptionem
1426 572 1459 621 ἐξ
1477 571 1597 621 tradidit,
1614 575 1642 598 et
1654 571 1751 621 Arme:

133 623 220 650 niacaa
234 622 378 657 provinciae
400 622 539 657 vectigalia
552 622 780 649 administrationi
796 622 881 656 ipsius
896 625 923 648 et
941 618 1090 646 faventium
1103 618 1129 645 ei
1144 618 1334 653 episcoporum
1346 615 1480 651 permisit.
1495 615 1621 642 Attamen
1635 622 1706 642 anno
1719 615 1752 641 16

134 675 195 694 arra:
208 667 374 694 Armeniacae
384 667 421 700 (9)
434 667 576 694 Vardanus
593 666 801 694 Maniiconensis
811 665 944 692 Surenam
959 662 1095 689 interfecit
1105 682 1112 694 ,
1128 662 1276 695 provinciae
1287 660 1521 708 Armeniaca-pro
1535 659 1677 708 Persarum
1690 666 1753 693 rege

135 708 302 743 praelectum,
319 708 425 743 injuriae
438 709 590 743 impatiens,
607 716 688 743 quam
703 709 822 735 Surenas
841 706 1017 742 optimatibus
1043 706 1182 736 intulerat,
1196 705 1300 732 ablatas
1326 704 1370 731 his
1390 703 1536 739 dignitates
1557 703 1590 730 ad
1612 703 1754 737 episcopos

136 751 324 780 transferendo
342 761 349 779 :
368 760 421 787 quo
439 756 546 788 patrato
563 752 692 783 facinore,
706 752 764 786 ipse
779 759 840 778 cum
856 751 914 777 suis
929 750 1050 786 cognatis
1066 749 1214 784 multisque
1225 750 1323 784 opibus
1340 749 1374 775 ad
1390 748 1500 775 Graecos
1517 747 1648 782 profugit.

172 797 200 825 4.
212 797 359 824 Justiniani
381 798 539 833 imperantis
556 806 629 825 anno
647 799 679 826 17
697 798 766 833 (10),
783 798 847 824 dum
866 797 889 824 is
908 801 1009 832 sanctae
1027 796 1135 831 Sophim
1152 796 1283 830 templum
1309 798 1474 827 exstrueret,
1493 794 1554 828 ipso
1577 793 1756 821 sanctissima:

136 840 232 868 Crucis
245 840 313 867 festo
329 841 383 874 die,
398 840 541 869 Vardanus
550 842 753 869 communicare
770 841 927 869 Graecorum
943 839 1027 867 sacris
1041 840 1190 872 recusavit,
1206 839 1302 867 dicens
1317 846 1377 866 eam
1391 838 1442 866 sibi
1456 846 1514 865 rem
1527 845 1575 872 per
1588 838 1757 865 institutores

138 892 203 912 suos
218 892 275 911 non
290 884 372 912 licere
388 885 454 920 (11).
476 884 554 912 Tunc
571 885 721 920 imperator
740 885 888 912 multorum
904 884 1094 919 episcoporum
1110 884 1359 918 magistrorumque
1377 882 1522 910 convocari
1535 881 1682 908 concilium
1697 882 1757 916 jus-

139 928 183 959 sit.
201 932 366 962 centumque
380 933 407 955 et
423 929 533 964 triginta
563 929 690 956 homines
705 928 941 963 Constantinopoli
974 932 1177 955 convenerunt.
1204 927 1260 954 Iloc
1275 927 1401 962 quintum
1415 925 1563 954 concilium
1578 925 1695 958 dicitur;
1713 925 1757 952 cui

138 972 261 999 Armenii
273 980 383 1007 quoque
409 973 606 1005 interfuerunt,
626 977 654 1000 et
668 972 895 1000 Chalcedonense
916 972 1063 1000 concilium
1077 979 1106 998 se
1134 971 1279 998 admittere
1294 970 1398 1005 scripto
1421 969 1512 997 testati
1530 973 1602 996 sunt.
1624 968 1758 996 Praeterea

139 1022 202 1042 cum
219 1015 383 1051 Musceghus
401 1016 614 1044 Mamiconensis
627 1016 785 1044 Grecorum
804 1015 1054 1051 Armeniorumque
1069 1015 1156 1049 copiis
1176 1015 1297 1047 sociatis,
1323 1013 1440 1042 Chorois
1454 1014 1601 1041 Persarum
1623 1013 1693 1048 regis
1708 1021 1758 1048 po-

140 1059 250 1086 tentiam
268 1059 358 1094 fregit,
378 1065 458 1094 atque
473 1061 506 1087 ab
519 1061 582 1095 ipso
598 1066 660 1095 rege
674 1068 729 1087 non
747 1060 808 1087 sine
827 1061 931 1086 honore
944 1059 1075 1088 dimissus
1097 1060 1130 1087 ad
1150 1059 1308 1087 Mauricium
1329 1059 1522 1093 imperatorem
1548 1058 1638 1091 rediit,
1663 1058 1759 1085 oborto

141 1102 211 1128 forte
219 1102 253 1129 de
265 1103 346 1130 rebus
362 1104 447 1130 sacris
462 1112 591 1131 sermone
606 1112 696 1132 coram
712 1104 886 1139 imperatore,
901 1103 947 1130 hic
962 1111 1063 1131 novum
1074 1103 1221 1131 concilium
1236 1102 1348 1134 indixit,
1365 1102 1399 1129 ad
1413 1102 1485 1137 quod
1497 1102 1618 1137 episcopi
1637 1102 1758 1129 Armenii

139 1145 186 1177 2|,
204 1145 290 1172 Graeci
305 1150 396 1173 autem
412 1146 462 1174 160
476 1148 531 1182 (12)
553 1152 770 1179 concurrerunt;
800 1147 881 1182 idque
909 1151 1013 1174 sextum
1038 1147 1182 1175 concilium
1199 1146 1371 1182 appellatur:
1386 1146 1414 1172 in
1436 1153 1490 1179 quo
1506 1153 1599 1172 rursus
1625 1145 1759 1178 Armenii,

142 1188 439 1222 qumstioneinstituta,
455 1190 676 1218 Chalcedonense
687 1191 833 1218 concilium
849 1190 951 1225 scripto
965 1191 1094 1226 sullragio
1110 1191 1359 1224 comprobaverunt
1373 1189 1423 1217 sub
1431 1189 1506 1216 Mose
1513 1189 1601 1224 gentis
1615 1189 1758 1216 catholico.

178 1229 205 1258 5.
225 1230 368 1259 Postremo
385 1240 447 1260 cum
461 1232 604 1262 Heraclius
619 1235 767 1269 imperator
780 1235 864 1262 relata
878 1235 912 1261 de
925 1234 1017 1261 Persis
1032 1234 1148 1262 victoria
1165 1233 1291 1261 Carinam
1308 1233 1381 1268 (qua:
1395 1237 1438 1260 est
1454 1232 1597 1267 Erzerum)
1610 1233 1694 1264 venit,
1711 1233 1762 1259 Ar—

142 1273 296 1300 meniorum
310 1275 461 1303 catholicus
480 1277 582 1306 Esdras
593 1278 694 1305 multos
711 1278 799 1313 gentis
811 1286 867 1305 sum
878 1277 1031 1313 episcopos,
1045 1285 1095 1305 nec
1103 1285 1158 1304 non
1173 1276 1255 1312 Syros
1268 1277 1422 1311 complures
1442 1276 1620 1309 convocavit;
1635 1284 1651 1303 a
1663 1276 1762 1310 quibus

142 1317 273 1345 ventilata
286 1325 414 1348 accurate
428 1322 613 1349 controversia
622 1322 733 1357 triginta
749 1322 855 1355 diebus,
870 1323 960 1350 denuo
974 1326 1172 1349 consenserunt
1189 1320 1312 1347 Armenii
1328 1325 1426 1355 sponte
1439 1328 1499 1352 sua,
1514 1325 1629 1355 cogente
1641 1321 1760 1351 nemine,

145 1365 177 1389 ut
189 1363 335 1390 concilium
351 1364 371 1391 C
388 1365 588 1393 halcedonense
603 1368 704 1401 scripto
718 1366 857 1393 lirmarent
868 1366 934 1400 (15).
947 1365 1022 1398 Quod
1042 1373 1107 1392 vero
1122 1365 1156 1392 ad
1169 1364 1321 1392 Iohannem
1343 1364 1584 1391 lilairacomcnsem
1607 1364 1715 1396 attinet,
1738 1365 1762 1392 is

144 1405 253 1440 quidem
270 1406 379 1434 Sabellii
398 1408 526 1443 Petrique
549 1409 711 1437 Antiocheni
727 1409 822 1436 morbo
836 1414 987 1444 correptus,
1003 1413 1109 1436 mentes
1134 1408 1257 1435 omnium
1280 1407 1373 1435 furore
1396 1408 1587 1435 conturbabat.
1613 1408 1700 1440 Quam
1727 1409 1762 1435 ob

145 1456 204 1476 rem
219 1456 350 1484 regnante
371 1451 532 1480 Constantio
553 1452 670 1480 Heraclii
694 1453 760 1485 lilio,
781 1453 933 1488 patriarcha
950 1452 1064 1479 Nersete
1079 1451 1124 1486 qui
1136 1452 1238 1479 dicitur
1263 1451 1428 1487 Scinoghus,
1452 1451 1569 1479 Diodoro
1590 1457 1681 1479 autem
1694 1452 1764 1480 Res-

149 1492 226 1518 tunio
245 1494 426 1529 principatum
447 1495 640 1523 Armeniorum
657 1501 778 1528 tenente,
795 1497 877 1531 hujus
897 1496 1014 1530 improbi
1046 1495 1166 1523 hominis
1181 1496 1315 1523 candente
1334 1495 1406 1522 fcrro
1421 1495 1498 1522 l'rons
1517 1495 1656 1530 signaculo
1674 1496 1764 1530 vulpis

147 1540 240 1563 notata
255 1537 317 1570 fuit,
331 1542 413 1573 atque
429 1539 465 1566 ita
482 1539 628 1567 infamatus
643 1540 677 1567 ad
690 1540 805 1567 Caucasi
821 1544 916 1568 cautes
931 1539 1067 1575 relegatus
1080 1543 1132 1566 est.
1148 1538 1248 1566 Verum
1273 1539 1296 1565 is
1311 1543 1371 1573 post
1385 1538 1506 1566 Nersetis
1519 1539 1623 1566 obitum
1638 1547 1765 1567 reversus

148 1578 175 1605 in
191 1580 359 1613 Armeniam,
377 1582 431 1609 voti
446 1583 487 1609 sui
503 1591 614 1618 compos
629 1587 670 1611 est
687 1583 785 1616 lactus,
801 1583 938 1618 praecipue
953 1587 1014 1618 post
1027 1590 1190 1610 conversum
1205 1582 1232 1609 in
1245 1581 1434 1609 Armeniacam
1456 1582 1576 1617 linguam
1590 1583 1689 1610 Juliani
1710 1583 1766 1610 lla-

147 1621 355 1652 liearnassensis
369 1624 468 1652 librum
484 1626 540 1661 (14)
553 1626 640 1662 Sergii
657 1635 739 1662 opera
752 1627 781 1654 in
797 1627 900 1663 synodo
912 1626 1117 1654 Manazacertae.
1130 1626 1219 1661 Atque
1237 1626 1302 1653 hinc
1321 1625 1446 1654 doctrina
1458 1633 1507 1653 sua
1519 1626 1688 1660 conﬁrmata,
1713 1627 1766 1653 ali-

146 1673 212 1700 gero
223 1674 308 1702 prope
323 1675 404 1695 CUI’SU
419 1669 574 1697 universam
587 1671 723 1705 regionem
738 1675 855 1698 vestram
877 1669 1006 1705 pervasit.

183 1719 210 1745 6.
226 1719 286 1747 Jam
299 1728 363 1748 vero
380 1727 470 1749 vestra
487 1723 631 1757 prudentia
643 1724 725 1758 plane
739 1724 875 1759 intelligit,
891 1723 963 1757 quod
976 1723 998 1750 si
1015 1727 1108 1750 tantus
1123 1723 1316 1757 episcoporum
1331 1731 1462 1754 numerus
1475 1723 1649 1751 Chalcedone
1662 1731 1764 1751 convc-

148 1761 190 1789 nit
203 1767 232 1789 ut
248 1771 357 1791 errores
370 1766 574 1798 conﬁrmarent,
588 1767 660 1794 haud
678 1768 729 1801 ipsi
748 1768 934 1795 tantummodo
952 1766 1045 1793 forent
1057 1767 1239 1801 vituperandi,
1254 1774 1348 1794 verum
1362 1772 1391 1794 et
1405 1767 1479 1794 orbis
1496 1770 1571 1794 totus
1585 1767 1630 1801 qui
1645 1767 1765 1801 ipsorum

147 1805 291 1832 sententiae
304 1813 433 1833 assensus
444 1812 496 1833 cst.
510 1807 639 1835 Attamen
651 1815 699 1835 vos
712 1816 761 1843 pro
776 1809 877 1836 virtute
891 1813 983 1836 vestra
993 1814 1088 1836 cavete
1102 1816 1137 1836 ne
1149 1809 1333 1843 decipiamini.
1346 1809 1469 1845 Namque
1483 1809 1582 1837 inﬁrmi
1595 1810 1703 1845 quidem
1718 1811 1767 1837 ho-

149 1847 237 1875 mines
257 1848 397 1876 instabiles
408 1854 490 1884 atque
510 1851 601 1883 rudes,
628 1852 790 1879 credulitate
812 1852 937 1880 laborare
961 1852 1050 1880 solent
1069 1857 1098 1879 et
1112 1851 1253 1879 fraudibus
1271 1852 1382 1888 decipi;
1399 1853 1536 1888 sapientes
1557 1861 1623 1881 vero
1646 1853 1766 1882 fallacias

149 1889 307 1924 hujusmodi
319 1892 430 1919 auribus
442 1898 613 1921 aversantur.

185 1945 281 1972 Postea
297 1945 406 1973 Pthius
416 1947 574 1975 Christiania
590 1948 724 1984 religionis
734 1949 847 1984 origines
862 1953 885 1976 et
900 1949 1061 1976 incrementa
1076 1949 1157 1984 paulo
1172 1949 1256 1985 fusius
1271 1954 1373 1982 narrat,
1387 1949 1506 1977 ercam
1520 1955 1621 1986 gentem
1636 1953 1767 1987 prtecipue

150 1988 292 2016 dilaudans
304 1990 333 2016 ob
350 1991 452 2017 variam
468 1991 647 2019 humanarum
675 1993 826 2020 litterarum
840 1993 988 2025 scientiam,
1010 2001 1068 2027 qua:
1086 2001 1154 2020 certe
1179 1993 1334 2027 recipiatth
1349 1994 1468 2029 religioni
1482 1995 1552 2021 viam
1563 1996 1674 2029 stravit;
1689 2002 1767 2031 atque

151 2033 182 2060 ob
200 2038 235 2060 tot
248 2034 304 2068 ejus
323 2034 439 2062 doctores
454 2035 606 2068 catholicos,
623 2044 686 2071 quos
700 2036 818 2070 appellat
836 2044 845 2063 ε
860 2037 1068 2071 nominatimque
1094 2037 1351 2071 Constantinopolim
1378 2038 1491 2065 celebrat
1515 2043 1641 2074 tanquam
1673 2048 1767 2066 novam

150 2076 309 2104 Jerusalem.
337 2078 484 2113 theroqui
507 2079 539 2106 de
562 2080 793 2113 patriarchatuum
817 2080 918 2115 aliquot
941 2081 1040 2115 origine
1058 2081 1223 2107 malitioseet
1238 2081 1328 2114 procul
1340 2083 1410 2108 (νηιπὶ
1422 2083 1530 2110 veritate
1544 2083 1670 2118 loquitur.
1692 2083 1768 2111 lianc

154 2127 200 2145 nos
218 2120 336 2154 epistola?
348 2121 488 2149 Photiana:
504 2128 618 2156 partem,
634 2123 709 2150 nulla
727 2131 815 2150 rerum
841 2125 955 2150 novitate
976 2124 1076 2156 utilem,
1097 2125 1128 2151 ob
1149 2129 1282 2151 arctatum
1299 2125 1360 2153 libri
1387 2127 1468 2153 nostri
1483 2128 1599 2160 spatium
1621 2135 1673 2154 non
1693 2128 1768 2154 inviti

153 2162 314 2190 omittimus:
332 2169 409 2198 atque
426 2165 461 2191 ad
477 2167 682 2194 controversiam
697 2175 755 2193 cum
774 2167 904 2194 Armeniis
918 2177 1098 2203 properamus,
1115 2178 1174 2204 quw
1188 2174 1213 2197 et
1223 2175 1284 2198 tunc
1304 2176 1328 2198 et
1355 2173 1426 2198 omni
1449 2177 1561 2205 tempore
1592 2172 1688 2206 duplex
1706 2172 1767 2206 fuit,

153 2206 185 2232 de
201 2207 364 2234 admittenda
381 2208 499 2235 videlicet
512 2209 730 2237 Chalcedonensis
744 2211 848 2237 concilii
863 2213 1029 2246 auctoritate,
1052 2213 1119 2240 etde
1144 2214 1273 2241 credenda
1299 2215 1433 2251 verbisque
1457 2215 1601 2250 proﬁtenda
1620 2215 1718 2249 duplici
1740 2215 1769 2242 in

188 2302 227 2338 (7)
247 2309 288 2328 ειη
303 2300 443 2338 lilabaclii?
461 2301 541 2330 Certe
567 2305 638 2338 apud
667 2305 844 2332 Assemanum
865 2305 931 2333 Bibl.

153 2337 252 2363 orient.
268 2337 349 2373 LVII.”
370 2345 397 2371 p.
415 2338 478 2369 ‘2“,
505 2337 629 2373 legimus,
653 2340 772 2367 Dioscori
796 2340 939 2369 Nabacluei

154 2379 242 2410 opera
251 2371 413 2410 catholicum
430 2371 650 2410 Libani—ducent.
665 2379 745 2409 gente
759 2374 919 2403 Maronitam
930 2396 938 2410 ,

988 2307 1102 2334 solemni
1121 2308 1172 2335 ritu
1183 2308 1348 2336 dedicatum.

1028 2343 1083 2376 (ll)
1107 2343 1248 2371 Contraria
1278 2344 1321 2371 his
1350 2343 1506 2371 referuntur
1528 2344 1555 2371 in
1578 2344 1767 2372 Armeniorum

991 2376 1121 2414 historiis,
1136 2386 1234 2413 nempe
1251 2378 1404 2414 Vardanum
1418 2379 1468 2405 sub
1483 2379 1637 2406 Justiniano
1661 2379 1693 2411 ll.
1718 2388 1767 2414 seq

153 2405 306 2434 Jacobiticis
319 2407 456 2435 erroribus
473 2408 601 2435 inlectum
619 2405 711 2436 fuisse.

190 2440 229 2475 (8)
248 2441 287 2480 lie
300 2441 423 2480 plurimis
444 2443 516 2480 inter
535 2443 679 2480 Armenios
691 2446 847 2480 propagatis
861 2453 938 2473 erro-

156 2475 231 2514 ribus
250 2476 295 2502 diu
315 2477 482 2514 multumque
497 2479 617 2512 loquitur
631 2475 876 2514 lsaacus'ipvsorum
890 2488 937 2508 ca-

155 2511 273 2572 :lioslicus
296 2511 368 2545 apud
394 2511 585 2540 Coinbelisium
605 2513 682 2541 Auct.
702 2514 731 2542 Β.
751 2511 804 2542 PP.
824 2523 852 2550 p.
870 2516 937 2543 5l8-

192 2580 231 2619 (_9)
258 2579 461 2619 Initiumhzerie
486 2582 663 2616 Armeniam,
687 2584 758 2619 apud
786 2584 939 2612 Samnelcm

156 2615 304 2643 Aniensem
327 2616 354 2642 in
368 2615 502 2646 Chronico.
514 2619 631 2645 sumitur
646 2615 661 2645 a
675 2615 777 2646 Christi
790 2627 864 2646 anno
875 2620 937 2647 551.

193 2651 249 2685 (10)
271 2651 418 2685 Corruptas
440 2659 512 2713 saepe
535 2653 562 2679 in
580 2653 632 2681 hac
645 2655 759 2688 epistula
784 2655 938 2683 numerales

197 2690 237 2713 tas
255 2685 448 2713 comperimus.
500 2687 523 2713 ir
546 2688 581 2713 cl.
601 2688 771 2713 llnvernitins
790 2690 816 2713 in
846 2691 935 2713 marini

157 2690 237 2724 notas
250 2685 523 2724 _comperimus.__Vir
546 2688 581 2715 cl.
601 2685 771 2724 |lnvérnitins
790 2690 818 2716 in
846 2691 935 2724 magni

155 2721 303 2759 Justiniani
317 2721 371 2747 vita
391 2721 487 2759 p._122
507 2730 564 2757 seq.
591 2721 684 2751 narrat
700 2724 733 2751 ab
750 2725 801 2751 hoc
819 2721 935 2759 impera-

159 2760 217 2793 tore
229 2756 380 2793 impensam
389 2756 486 2793 fuisse
498 2756 609 2792 operam
637 2759 738 2793 templo
760 2756 865 2786 sancta;
883 2760 934 2786 So-

157 2790 229 2827 phia}
256 2791 416 2819 aediﬁcando
433 2792 488 2827 rvel
516 2790 606 2827 potius
636 2790 822 2825 iiistaurando,
853 2795 933 2822 annis

157 2825 201 2852 sui
218 2825 323 2861 imperii
337 2826 456 2854 secundo
471 2831 498 2854 et
508 2825 648 2862 quinto,et
668 2829 810 2857 undecimo
823 2829 932 2858 domum

989 2410 1176 2449 Rhinotm‘eto,
1190 2410 1315 2449 venisse
1329 2413 1606 2448 Constantinopolim,‘
1625 2414 1716 2449 ibique
1739 2410 1766 2442 in

988 2451 1089 2474 sancta:
1112 2447 1220 2482 Sophia:
1235 2448 1336 2482 templo
1351 2456 1411 2475 cum
1428 2447 1516 2476 sociis
1530 2449 1588 2476 suis
1612 2447 1768 2477 Graecorum

990 2489 1066 2509 sacra
1082 2481 1278 2516 frequentassc.
1340 2483 1505 2510 HORMUTIUS.

1024 2515 1079 2551 (12)
1095 2515 1181 2544 Minor
1203 2517 1316 2554 veritate
1333 2526 1464 2546 numerus
1481 2519 1526 2546 hic
1545 2519 1662 2554 videtur,
1677 2519 1765 2554 culpa,

988 2555 1019 2578 ut
1028 2559 1098 2582 reor.
1114 2553 1297 2580 amanuensis.

1024 2586 1080 2647 (15)
1093 2586 1276 2614 Conﬁrmatur
1289 2588 1342 2615 hoc
1359 2595 1375 2616 a
1384 2587 1510 2616 Chronico
1525 2589 1682 2616 Armeniaca
1696 2589 1768 2624 apud

1038 2629 1118 2647 anum
1138 2626 1156 2647 t.
1175 2622 1195 2647 Ι.
1213 2630 1240 2647 n.
1254 2622 1313 2647 186.

987 2620 1118 2648 6³1³111111]
1138 2626 1156 2648 t.
1175 2622 1195 2654 Ι,
1213 2630 1240 2656 p.
1254 2622 1313 2650 186.

1023 2656 1080 2694 (11)
1096 2656 1221 2694 ⁴ΙηιεΙΙίςεε
1251 2658 1386 2694 praecipue
1403 2667 1472 2694 opus
1489 2667 1538 2694 pro
1555 2659 1651 2686 haeresi
1677 2658 1768 2685 Incor-

987 2691 1280 2729 rupticolaru_tn,’quod
1303 2691 1403 2720 Ju’liani
1422 2691 1551 2729 scriptum
1569 2693 1668 2720 refutat
1684 2694 1769 2720 Seve-

987 2733 1034 2763 rus
1053 2726 1240 2763 Antiochcnus
1251 2729 1322 2763 apud
1341 2737 1390 2756 nos
1411 2729 1437 2756 in
1464 2726 1515 2756 hoc
1544 2730 1602 2763 ipso
1622 2729 1767 2755 volumine.

987 2760 1074 2798 Sergii
1089 2766 1178 2798 autem
1192 2760 1347 2798 interpretis
1361 2764 1485 2791 meminit
1503 2764 1541 2791 ill.
1554 2760 1586 2790 ἐι
1605 2771 1662 2790 rev.
1677 2763 1769 2790 Sunia:

986 2795 1334 2835 a‘rchiepiscopiisgin‘suo
1361 2799 1468 2835 egregio
1493 2798 1635 2833 Conspectu
1654 2799 1769 2826 liisloriw

985 2830 1065 2857 titter.
1082 2830 1194 2868 Armfp.
1210 2833 1252 2861 -10,
