1940 3087
105 138 152 170 709
675 128 871 160 EPISTOLAI

957 127 1071 157 LIBER
1085 127 1108 158 Ι.
1665 125 1718 158 710

105 191 304 223 Armeniorum,
315 188 361 224 qui
373 187 453 216 simul
465 194 528 215 cum
545 185 682 221 episCOpis
698 185 747 212 150
759 183 974 211 exturbaverunt
1004 182 1125 210 Ecclesia
1142 188 1198 208 non
1214 180 1275 208 sine
1291 180 1511 209 anathematibus
1530 181 1717 209 Macedonium

106 241 132 265 et
145 236 254 263 Sabellii
269 234 396 261 asseclas.
411 234 500 267 Atque
519 231 577 258 haec
590 230 644 257 duo
660 234 754 256 sancta
766 227 880 255 concilia
895 226 964 253 duas
982 225 1173 252 contriverunt
1203 224 1315 251 tartarei
1339 232 1439 252 currus
1459 230 1543 256 rotas,
1558 226 1626 253 duas
1640 226 1718 253 vidc-

108 281 170 308 licet
187 279 284 315 impias
298 279 427 309 haereses,
449 282 564 310 quarum
586 274 671 301 altera
687 272 897 300 sacratissimum
925 269 1086 296 Trinitatem
1106 267 1223 303 peSSime
1243 267 1392 315 dividebat,
1407 268 1491 295 altera
1503 275 1570 295 vero
1585 276 1639 295 non
1661 269 1721 296 sine

108 324 207 352 scclcre
222 311 416 350 confundebat.
437 319 477 346 Ab
493 318 536 345 his
550 318 656 345 duabus
671 316 780 352 synodis
796 315 943 342 edocemur
958 319 1083 348 persona:
1101 319 1116 338 a
1127 316 1223 338 natura
1236 311 1439 338 distinctionem
1449 320 1457 338 :
1469 312 1570 338 etenim
1587 316 1643 339 tres
1656 320 1722 347 per-

109 375 192 399 sonae,
209 370 266 393 tres
286 364 369 392 veluti
400 363 485 390 facies
509 366 536 389 et
558 365 696 396 aspectus,
714 364 769 387 tres
784 357 972 393 proprietates,
1003 361 1058 383 tres
1076 356 1233 390 bypostases
1255 359 1436 383 sacrosancta:
1462 355 1586 382 'l‘rinitati
1617 355 1721 387 insunt,

109 398 197 442 Pater,
211 409 305 440 Filius,
331 413 360 435 et
386 406 505 442 Spiritus
531 409 658 433 sanctus:
679 411 733 430 una
757 409 822 430 vero
836 406 933 429 natura
955 404 1008 432 est,
1024 407 1078 426 una
1093 398 1222 430 essentia,
1239 406 1293 425 una
1309 399 1472 431 substantia.
1489 407 1542 426 una
1561 399 1721 432 dominatio,

109 461 161 481 una
175 441 362 480 immensitas:
381 441 557 484 distinguitur
569 449 642 474 enim
659 447 778 474 Trinitas
790 444 939 473 secundum
956 442 1189 478 personalitatem,
1204 441 1298 469 unitur
1312 447 1404 469 autem
1413 443 1561 470 secundum
1577 447 1722 470 naturam:

110 498 208 532 quippe
223 504 284 523 cum
301 495 337 522 sit
358 502 411 521 una
427 494 453 519 in
469 492 555 519 tribus
568 492 669 523 Deitas,
687 491 814 517 distincta
830 493 875 518 est
887 493 979 515 tamen
993 486 1020 513 in
1032 485 1145 521 singulis
1170 485 1350 520 personalitas
1363 494 1369 512 :
1385 486 1571 521 unusquisque
1585 491 1675 514 autem
1691 494 1724 514 ex

110 549 157 570 sua
173 539 340 575 proprietate
359 536 536 572 dignoscitur.

144 574 189 611 16.
203 583 275 610 Ecce
289 581 475 609 intelleximus
492 579 627 607 diversam
646 585 705 605 esse
719 585 734 604 a
745 581 842 603 natura
857 583 1000 611 personam
1012 583 1020 603 :
1033 579 1075 603 est
1086 574 1159 602 enim
1173 574 1304 602 distincta
1325 581 1453 609 persona,
1467 578 1562 600 natura
1576 581 1642 601 vero
1657 574 1726 601 adu-

111 632 174 656 nata
187 631 214 654 et
227 625 387 661 singularis:
404 632 467 651 nam
482 628 509 651 et
524 623 642 650 humana
658 626 754 648 natura
780 624 872 647 mente
892 619 1062 655 intelligitur,
1082 626 1199 654 persona
1215 625 1299 645 sensu
1312 617 1470 652 percipitur.
1498 617 1603 655 Etenim
1628 622 1726 645 natura

111 669 153 696 liis
167 667 373 695 deﬁnitionibus
398 669 515 696 constat,
531 671 630 698 nempe
649 662 759 694 animal,
775 662 917 695 rationale,
940 663 1072 690 mortale:
1099 669 1214 697 persona
1235 669 1300 688 vero
1321 669 1354 688 ex
1371 661 1557 688 accidentibus
1577 662 1726 696 consurgit,

111 713 237 740 videlicet
252 711 342 737 colore
359 710 447 745 nigro,
470 709 542 740 albo,
584 707 662 740 ﬁavo,
679 707 796 736 calvitie.
816 707 902 734 oculis
918 707 1041 742 glaucis;
1057 706 1094 733 ita
1114 710 1143 732 ut
1161 705 1314 732 accidentia
1336 704 1445 739 quidem
1469 704 1561 740 augeri
1588 705 1728 740 minuique

112 760 220 790 queant,
243 759 339 781 natura
351 761 406 780 non
423 753 498 779 item.
519 751 618 778 Natura
627 751 734 777 cunctis
755 750 911 777 hominibus
924 755 967 778 est
980 751 1144 782 communis,
1157 757 1274 784 persona
1288 753 1330 776 cst
1348 749 1493 784 peculiaris
1503 753 1531 776 et
1544 749 1572 776 in
1596 749 1685 784 aliqua
1699 757 1729 777 re

115 800 281 827 subsistens.
308 798 415 824 Etenim
433 796 597 824 beatissimae
621 795 763 822 Trinitatis
782 794 888 821 inﬁnita
904 799 1002 821 natura
1021 801 1099 828 atque
1126 794 1244 828 pertinet
1258 793 1292 821 ad
1308 794 1428 829 singulas
1443 800 1499 822 tres
1513 801 1653 828 personas,
1676 793 1729 820 Pa—

115 850 193 876 trem,
211 843 366 877 Filiumuet
379 841 513 876 Spiritum
531 844 655 868 sanctum
668 849 674 867 :
690 844 718 866 at
731 847 794 866 vero
813 838 994 874 proprietates
1011 838 1147 865 distinctae.
1159 843 1224 865 sunt
1239 838 1265 864 in
1279 846 1443 872 unaquaque
1456 845 1572 873 persona
1586 842 1613 865 et
1645 837 1731 872 hypo-

114 888 189 916 stasi.
203 887 309 922 Quippe
323 895 338 913 a
351 891 448 913 natura
464 884 643 913 communiter
658 883 759 911 habent
771 887 800 910 ut
813 883 867 910 sint
882 883 1025 915 Dominus,
1041 883 1122 914 Deus,
1139 882 1598 918 omnipotens,providentissimus,
1614 886 1730 914 creator,

113 931 262 959 intellectui
278 930 436 965 impervius,
453 927 740 963 incomprehensibilis
757 927 817 955 sine
836 928 964 963 qualitate
978 931 1025 954 aut
1047 927 1211 962 quantitate,
1226 935 1314 961 neque
1327 927 1396 960 loco,
1410 934 1500 962 neque
1520 931 1642 961 tempore
1665 926 1732 953 deli-

114 975 198 1007 nitus,
219 975 278 1001 sine
292 973 381 1005 initio,
402 973 461 1000 sine
476 973 538 999 ﬁne.
553 971 630 1004 Quod
642 979 707 998 vero
723 971 758 999 ad
772 971 954 1006 proprietates
966 971 1074 1003 attinet,
1092 970 1180 998 Patris
1195 971 1306 1005 quidem
1322 971 1475 1006 proprietas
1488 975 1540 1002 est,
1557 974 1587 997 ut
1600 970 1636 998 sit
1657 970 1734 1005 geni-

115 1024 168 1051 tor,
183 1022 211 1046 et
228 1025 320 1049 causa,
334 1021 417 1052 utque
434 1020 528 1043 careat
542 1015 688 1050 principio,
702 1015 761 1050 ipse
775 1019 865 1042 autem
878 1015 986 1043 illorum
997 1016 1043 1050 qui
1057 1016 1091 1043 ab
1106 1015 1224 1050 ipsumet
1236 1020 1300 1042 sunt
1319 1015 1485 1050 principium
1496 1015 1542 1048 sit,
1559 1015 1630 1042 idem
1643 1019 1734 1042 tamen

115 1070 255 1097 nunquam
281 1062 420 1095 inceptus:
440 1060 511 1087 idem
535 1059 657 1091 mittens,
687 1067 741 1086 non
762 1067 777 1086 a
800 1067 935 1094 quoquam
958 1059 1077 1094 genitus,
1103 1067 1192 1093 neque
1216 1067 1232 1086 a
1251 1065 1338 1087 semet
1361 1059 1405 1086 vel
1427 1059 1524 1094 quovis
1547 1059 1644 1086 factus.
1672 1058 1733 1086 Filii

115 1112 207 1133 autem
223 1106 374 1140 proprietas
389 1109 431 1131 est
447 1108 478 1130 ut
494 1104 530 1130 sit
545 1102 643 1135 Filius,
665 1103 797 1136 Verbum,
815 1103 932 1138 genitus,
949 1103 1007 1135 lux,
1023 1103 1122 1135 forma,
1145 1103 1289 1137 sapientia,
1310 1103 1411 1134 radius,
1426 1103 1523 1137 imago,
1548 1107 1625 1137 typus
1651 1107 1732 1137 atque

117 1149 270 1176 character.
288 1147 411 1182 Denique
427 1146 548 1181 Spiritus
562 1146 651 1173 sancti
663 1146 816 1180 proprietas
830 1150 881 1178 est,
898 1151 929 1173 ut
943 1146 1082 1181 procedat,
1105 1150 1135 1173 ut
1149 1147 1185 1173 sit
1205 1146 1328 1173 veritatis
1342 1146 1464 1180 spiritus,
1481 1147 1635 1174 consolator
1647 1166 1655 1178 ,
1693 1146 1736 1174 in-

123 1197 274 1224 staurator,
294 1195 395 1223 rectus,
413 1190 512 1217 bonus.
530 1189 552 1216 Λ
567 1189 647 1216 Patre
663 1194 725 1216 sunt
740 1188 824 1216 Filius
837 1194 864 1216 et
877 1188 995 1224 Spiritus
1015 1196 1141 1223 sanctus;
1157 1198 1246 1225 neque
1270 1196 1358 1217 tamen
1375 1191 1402 1217 hi
1428 1191 1597 1225 appellantur
1620 1190 1736 1224 fratres;

119 1245 209 1272 neque
222 1236 302 1262 ambo
315 1235 361 1262 ﬁlii
378 1239 461 1262 sunt:
479 1234 562 1261 veluti
579 1234 613 1261 ab
629 1233 731 1261 Adamo
745 1238 802 1261 tum
827 1233 895 1261 Seth
911 1239 967 1261 tum
983 1233 1038 1261 Eva
1065 1238 1262 1268 provenerunt,
1279 1234 1345 1269 quin
1369 1238 1460 1261 tatnen
1484 1235 1527 1261 vel
1551 1233 1649 1261 fratres
1671 1234 1737 1267 sint,

119 1281 162 1308 vel
175 1280 255 1307 ambo
267 1279 325 1306 ﬁlii.
340 1278 480 1314 Siquidem
495 1278 577 1305 Pater
590 1282 632 1305 est
645 1285 791 1313 generatis,
804 1277 888 1305 Filius
898 1278 1016 1313 genitus,
1033 1277 1153 1313 Spiritus
1164 1282 1276 1305 sanctus
1287 1278 1450 1313 procedens.
1463 1277 1532 1305 llinc
1546 1278 1631 1306 Filius
1643 1278 1739 1306 sedere

120 1325 154 1352 ad
172 1325 258 1352 Patris
269 1318 409 1351 dexteram
423 1322 535 1355 dicitur,
552 1320 670 1356 Spiritus
682 1329 747 1348 vero
763 1321 913 1349 sanctusad
929 1321 1069 1349 dexteram
1085 1320 1159 1348 Filii.
1174 1321 1282 1348 Etenim
1292 1321 1319 1348 in
1333 1322 1437 1356 psalmo
1451 1329 1492 1349 cu
1507 1322 1545 1349 ait
1560 1322 1639 1349 Pater
1656 1321 1737 1349 Filio:

121 1370 195 1397 Dixit
210 1369 338 1396 Dominus
355 1367 466 1394 Domino
480 1374 535 1393 meo
552 1375 558 1393 :
574 1364 639 1393 Sede
654 1374 670 1392 a
687 1365 786 1392 dextris
801 1366 864 1392 meis
880 1365 901 1392 ⁷.
916 1365 951 1392 Et
964 1373 1026 1392 mox
1039 1365 1110 1392 idem
1132 1364 1211 1391 Pater
1228 1364 1267 1391 ait
1282 1364 1349 1393 Filio
1363 1375 1370 1393 :
1387 1365 1424 1393 Tu
1437 1374 1463 1393 es
1477 1365 1598 1393 sacerdos
1611 1366 1640 1393 in
1664 1370 1741 1393 teter-

121 1421 184 1440 num
194 1412 335 1439 secundum
349 1411 468 1438 ordinem
479 1408 679 1440 Melchisedech,
698 1409 824 1435 Dominus
837 1418 854 1435 a
870 1409 969 1436 dextris
988 1409 1040 1435 tuis
1053 1409 1076 1436 ⁸.

157 1461 202 1487 Η.
222 1459 374 1493 Czeteroqui
392 1465 480 1491 neque
493 1457 579 1491 majus
593 1464 681 1491 neque
696 1456 786 1483 minus
805 1455 832 1482 in
846 1455 977 1482 Triuitate
989 1455 1158 1484 sanctissima
1181 1456 1365 1491 comperitur:
1380 1457 1480 1485 etenim
1498 1458 1585 1493 majus
1599 1463 1627 1486 et
1640 1458 1741 1491 minus,

124 1511 205 1540 grave
220 1508 247 1531 et
261 1503 334 1536 leve,
357 1503 472 1528 multum
488 1501 530 1527 vel
547 1508 651 1535 parum,
667 1508 681 1526 a
700 1500 871 1535 temporibus
886 1499 1006 1534 pendent
1019 1504 1046 1526 et
1062 1499 1147 1526 horis.
1161 1499 1242 1535 Atqui
1264 1500 1309 1528 tibi
1326 1508 1415 1536 neque
1432 1506 1550 1535 tetupora
1564 1509 1625 1529 esse
1641 1507 1744 1536 queunt

123 1556 176 1575 nec
192 1548 277 1578 bone,
295 1546 368 1573 utin
384 1545 473 1572 divina
488 1549 586 1571 natura
602 1543 738 1575 usuvenit,
757 1543 794 1570 ibi
809 1543 876 1570 nihil
891 1547 933 1570 est
951 1542 1039 1577 majus
1069 1544 1113 1570 vel
1135 1543 1236 1571 minus.
1259 1544 1388 1579 Majorem
1409 1549 1500 1572 autem
1523 1545 1576 1573 dixi
1599 1545 1744 1581 aliquando

125 1591 233 1618 Patrem
252 1590 320 1625 (28),
341 1596 391 1616 ceu
415 1588 566 1623 genitorem
584 1587 710 1614 videlicet
727 1592 809 1621 atque
826 1593 958 1614 causam:
976 1594 1066 1621 neque
1089 1587 1115 1614 id
1141 1592 1233 1624 tamen
1255 1589 1358 1622 absque
1379 1593 1453 1616 metu
1477 1589 1544 1620 dixi,
1577 1589 1744 1617 debilitatem

128 1633 209 1661 veluti
229 1633 254 1660 ei
271 1631 433 1662 attribuens,
450 1635 530 1665 atque
546 1630 605 1665 ipso
618 1629 748 1664 obsequio
765 1637 825 1656 meo
838 1629 950 1657 laedens.
964 1630 1071 1666 Quippe
1087 1631 1159 1658 Patri
1177 1640 1232 1659 non
1243 1636 1285 1659 est
1295 1633 1452 1668 gloriosum,
1465 1633 1489 1660 si
1507 1634 1625 1661 minores
1642 1634 1661 1661 ii
1685 1634 1745 1662 sint

126 1678 172 1712 qui
182 1678 216 1704 ab
229 1677 286 1712 ipso
301 1675 465 1710 proveniunt
478 1682 484 1699 :
498 1679 540 1701 est
554 1674 626 1701 enim
640 1673 783 1701 inﬁrmitas
795 1673 930 1708 quaedam,
947 1675 969 1701 si
983 1674 1082 1702 Filium
1095 1676 1206 1711 gignere
1220 1681 1349 1711 nequeat,
1361 1685 1450 1712 neque
1461 1677 1592 1712 Spiritum
1606 1678 1744 1710 emittere,

127 1720 180 1747 sibi
194 1719 323 1754 aequales.
340 1717 405 1745 Nam
423 1717 646 1753 gloriosissimam
664 1717 752 1744 Patris
768 1718 917 1751 potentiam
930 1718 1018 1751 decet,
1034 1724 1064 1746 ut
1080 1727 1157 1754 teque
1174 1720 1284 1755 gloriosi
1303 1721 1358 1748 sint
1376 1721 1423 1755 qui
1441 1721 1474 1748 de
1488 1722 1548 1755 ejus
1571 1726 1667 1749 natura
1681 1729 1746 1758 pro-

128 1767 250 1790 manant.
266 1762 326 1789 Non
339 1766 381 1789 est
395 1769 462 1796 ergo
481 1761 589 1796 genitus
603 1767 690 1794 neque
708 1762 859 1795 procedens
878 1761 973 1795 Pater;
990 1770 1044 1790 non
1057 1767 1099 1790 est
1120 1764 1227 1798 genitor
1239 1771 1327 1799 neque
1349 1765 1498 1799 procedens
1513 1765 1614 1798 Filius;
1636 1773 1691 1792 non
1705 1770 1747 1793 est

129 1807 236 1842 genitor
249 1814 339 1841 neque
357 1806 463 1840 genitus
481 1805 598 1839 Spiritus
613 1809 733 1837 sanctus,
747 1805 809 1839 quia
827 1810 958 1840 perpetuo
971 1805 1102 1840 procedit.
1118 1806 1237 1834 Laetatur
1253 1807 1333 1834 Pater
1351 1807 1436 1842 gloria
1454 1808 1525 1839 Filii,
1540 1809 1640 1844 gaudet
1659 1809 1746 1837 Filius

129 1850 166 1878 ob
181 1850 310 1877 honorem
332 1850 436 1880 Patris;
455 1848 573 1884 Spiritus
587 1849 696 1875 demum
713 1853 824 1875 sanctus
844 1849 951 1876 Patrem
967 1849 1118 1884 Filiumque
1144 1850 1295 1885 gloriﬁcat;
1315 1852 1416 1887 quippe
1432 1852 1479 1887 qui
1500 1852 1534 1880 de
1554 1853 1662 1880 illorum
1680 1854 1747 1881 sub-

130 1894 229 1921 stantia
245 1893 391 1928 accipiens,
408 1897 548 1920 creaturas
566 1897 688 1924 renovat,
708 1892 741 1919 ab
765 1892 877 1926 ipsoque
893 1893 982 1919 omnia
1005 1893 1075 1920 facta
1095 1899 1160 1921 sunt
1177 1894 1206 1921 in
1223 1895 1300 1922 coelis
1314 1900 1341 1923 et
1363 1903 1446 1931 super
1466 1901 1554 1930 terra,
1581 1897 1697 1925 visibilia
1720 1902 1749 1925 ct

131 1937 288 1970 invisibilia,
305 1936 415 1964 sensilia
429 1940 457 1963 et
471 1936 623 1968 insensilia,
640 1935 793 1970 corporalia
810 1940 838 1962 et
859 1936 1027 1970 incorporea.

168 1982 211 2009 12.
232 1981 308 2008 Hanc
333 1981 395 2008 ﬁdei
419 1980 619 2015 professionem
643 1984 808 2014 acceperunt
831 1980 952 2007 Armenii
968 1988 982 2006 a
1000 1988 1099 2015 magno
1120 1981 1259 2017 Gregorio,
1275 1987 1301 2010 et
1315 1991 1330 2010 a
1347 1988 1442 2011 sancto
1458 1984 1597 2017 Aristace,
1616 1984 1749 2020 beatoqtte

130 2026 255 2056 Nerscte,
272 2024 318 2059 qui
333 2024 385 2051 illis
404 2032 463 2051 eam
481 2023 631 2050 attulerunt
645 2031 659 2050 a
675 2024 782 2051 duobus
796 2024 897 2051 sanctis
909 2023 1032 2051 conciliis
1047 2024 1157 2052 Niczeno
1171 2031 1198 2053 et
1212 2026 1513 2063 Constantinopolitano
1529 2037 1535 2056 :
1552 2029 1598 2064 qui
1614 2029 1667 2056 duo
1681 2037 1749 2057 con-

131 2077 224 2097 sessus
242 2069 310 2096 duas
328 2075 425 2095 currus
447 2067 575 2100 tartarei,
590 2071 620 2094 ut
632 2067 759 2098 diximus,
774 2072 847 2095 rotas
861 2067 1013 2103 fregerunt.
1027 2067 1174 2096 Sabellium
1190 2069 1315 2098 videlicet
1328 2077 1409 2106 atque
1425 2072 1529 2100 Arium.
1550 2073 1601 2100 Sed
1619 2073 1750 2102 Diodorus

132 2113 242 2147 quidam
257 2111 411 2143 Tarsensis,
421 2111 467 2146 qui
482 2111 571 2146 primo
584 2111 712 2142 Arianus,
727 2115 819 2146 postea
832 2111 864 2138 ad
878 2112 1054 2139 orthodoxam
1067 2112 1148 2139 ﬁdem
1159 2120 1318 2147 conversus,
1330 2114 1428 2142 Filium
1440 2115 1511 2142 Patri
1524 2116 1607 2151 gloria
1620 2117 1749 2151 :equalcm

132 2156 276 2184 confessus
293 2155 399 2189 fuerat;
417 2163 480 2182 cum
498 2156 645 2182 indecorus
659 2155 683 2183 ei
707 2156 846 2183 videretur
865 2156 949 2183 divini
969 2155 1050 2183 Verbi
1072 2156 1221 2185 descensus
1235 2157 1263 2184 in
1286 2163 1388 2186 sanctae
1403 2158 1523 2194 Virginis
1538 2163 1656 2192 uterum,
1673 2167 1751 2188 com-

132 2202 244 2226 mentus
258 2202 301 2225 est
312 2197 407 2225 Jesum
419 2197 560 2225 Christum
574 2198 713 2225 hominem
734 2199 922 2226 tantummodo
936 2198 1021 2226 fuisse
1036 2204 1157 2227 creatum
1173 2201 1200 2227 in
1225 2201 1346 2237 Virginis
1365 2202 1425 2229 sinu
1435 2223 1442 2235 ,
1458 2202 1649 2238 Virginemque
1665 2203 1750 2239 ipsam

133 2241 204 2269 dixit
215 2240 344 2276 templum
360 2240 445 2267 fuisse
456 2241 539 2267 veluti
553 2245 581 2268 et
596 2241 690 2273 altare,
707 2242 743 2269 ita
756 2247 786 2269 ut
799 2243 825 2270 in
841 2243 911 2278 ipsa,
923 2248 1049 2278 tanquam
1063 2245 1091 2271 in
1106 2252 1163 2277 ara,
1175 2245 1297 2273 divinum
1311 2245 1430 2274 Verbum
1442 2246 1605 2275 habitaverit
1616 2257 1623 2275 :
1634 2247 1750 2282 ideoque

135 2286 208 2313 haud
225 2284 367 2319 Deiparam
389 2283 525 2311 fatebatur
541 2283 663 2317 Mariam,
681 2285 729 2312 sed
747 2286 866 2313 hominis
888 2287 1061 2322 genitricem,
1090 2288 1158 2316 duos
1176 2296 1291 2317 censeris
1311 2297 1371 2317 esse
1398 2289 1476 2323 ﬁlios,
1499 2291 1614 2318 alterum
1641 2297 1748 2324 natura,

135 2330 253 2357 alterum
283 2327 433 2355 secundum
462 2327 574 2363 gratiam
600 2327 665 2362 (‘29).
691 2328 778 2363 Hujus
803 2329 930 2358 alumnus
956 2331 1008 2358 fuit
1035 2330 1197 2359 Theoderus
1231 2332 1561 2369 Mopsuestenus:atque
1589 2335 1624 2363 ab
1653 2336 1750 2364 horum

137 2372 315 2400 exsecrandis
337 2371 445 2416 scriptis
461 2375 576 2416 caecatus
598 2371 749 2404 Nestorius,
775 2380 837 2400 cum
854 2373 937 2408 hujus
952 2380 1051 2402 nostrae
1067 2377 1248 2411 metropoleos
1266 2378 1420 2405 cathedrata
1435 2378 1625 2412 insccndisset,
1639 2387 1752 2416 corrup—

138 2421 197 2444 tum
218 2423 297 2443 suum
315 2415 445 2451 patefecit
464 2414 594 2446 animum,
615 2421 697 2449 quem
713 2420 826 2443 eatenus
841 2422 920 2445 caute
940 2419 1094 2453 celaverat,
1115 2421 1251 2455 coepitque
1277 2422 1425 2450 Ecclesiam
1452 2422 1499 2451 Dei
1523 2424 1696 2459 conturbare,
1720 2414 1753 2452 ct

136 2461 304 2488 orthodoxos
323 2460 464 2494 episcopos
486 2458 514 2486 in
536 2459 660 2486 exsilium
680 2459 789 2493 pellere.

175 2505 219 2531 l3.
241 2504 324 2539 lgitur
338 2502 561 2547 quinquagesimo
572 2501 628 2537 (50)
645 2508 704 2537 post
720 2503 1050 2541 Constantinopolitanum
1073 2509 1217 2537 concilium
1233 2516 1317 2540 anno,
1340 2509 1486 2537 Theodosii
1504 2518 1570 2538 vero
1584 2512 1699 2547 junioris
1716 2514 1752 2541 25

138 2548 206 2584 (51),
223 2547 309 2574 sancti
334 2547 428 2575 Patres
446 2546 544 2581 Ephesi
569 2547 715 2574 concilium
740 2548 924 2583 celebrarunt,
951 2559 1020 2586 quos
1046 2552 1118 2580 inter
1141 2552 1272 2588 praecipui
1299 2553 1458 2588 patriarchae
1486 2560 1564 2583 erant
1585 2546 1753 2584 leestinus

175 2615 186 2630 ⁷
203 2613 274 2641 Psal.
289 2622 344 2646 cu,
362 2615 388 2642 l.
425 2613 436 2628 ³
452 2614 518 2642 ibid.
533 2614 560 2642 4.

177 2694 369 2737 (2‘8)_‘Legatur
387 2693 486 2737 Graecae
497 2693 627 2737 Ecclesiae
648 2694 770 2737 synodus
790 2696 840 2737 sub
864 2695 921 2737 Ma-
975 2706 1003 2737 [ι.
1016 2706 1079 2737 sxv,
1090 2698 1282 2737 M_on_tacutium
1297 2700 1422 2737 Anglum,
1432 2703 1477 2737 qui
1492 2703 1569 2730 valde
1585 2704 1711 2737 ἀμούσως
1723 2712 1752 2733 se

140 2727 377 2773 maere-reue.
387 2727 739 2773 sit,!9cr!i°I‘i§!19eiilise
749 2729 922 2773 eamaior
974 2727 1159 2773 Remeanti
1174 2734 1255 2773 mus
1268 2727 1299 2764 ac
1313 2727 1655 2773 rﬁeoazsa‘iraeaoisa:

141 2774 183 2793 me
195 2770 242 2796 est,
269 2764 452 2792 difﬁcultatem
480 2768 507 2791 et
531 2764 742 2791 controversiam
766 2764 918 2800 celebrata,
1011 2768 1056 2803 (50
1085 2764 1212 2797 Cod.45.

141 2801 278 2839 aputbttos
291 2800 389 2839 script.
410 2803 464 2826 vet.
481 2798 514 2825 T.
528 2797 572 2826 Ν.
622 2833 627 2839 _
684 2833 701 2839 υ
790 2834 797 2839 _
901 2837 910 2839 _
1010 2769 1067 2839 (ὄις
1086 2803 1153 2833 Cod.
1169 2805 1212 2833 15.

141 2801 278 2839 aputbttos
291 2800 389 2839 script.
410 2803 464 2826 vet.
481 2798 514 2825 T.
528 2797 572 2826 Ν.
622 2833 627 2839 _
684 2833 701 2839 υ
790 2834 797 2839 _
901 2797 915 2839 ς
1010 2797 1067 2839 (51)
1086 2803 1153 2833 Cod.
1169 2805 1213 2833 15.

179 2835 234 2870 (29)
252 2833 359 2863 Merito,
376 2842 440 2870 ergo
459 2841 510 2862 nos
540 2833 764 2869 reprehendimus
789 2834 817 2863 in
842 2837 918 2872 praef.
