1940 3087
210 145 262 179 ’111
794 148 927 180 ΡΗΟΤΙΙ
947 150 976 180 ΡΑ

1060 148 1199 179 ARCHIE
1217 149 1271 180 ΟΡ,
1779 139 1826 172 712

210 204 351 233 Romanus
360 205 428 241 (δί),
450 204 566 242 Cyrillus
575 206 786 240 A.exandrinns,
809 207 925 236 Ioannes
938 207 1139 240 Antiochenus,
1156 206 1296 234 Juvenalis
1317 204 1589 241 liierosolymitanus,
1603 202 1649 238 qui
1669 200 1750 230 simul
1772 207 1826 226 eum

211 249 336 277 ducentis
351 249 407 283 (55)
422 249 558 284 episcopis
575 250 688 283 impium
711 249 866 278 Nestorium
884 252 1057 279 anathemate
1081 252 1236 286 perculsum
1259 251 1294 278 ab
1321 251 1440 278 Ecclesia
1465 249 1685 278 exterminarunt
1721 244 1828 280 Cyrillus

211 297 303 320 autem
317 293 526 326 Alexandrinus,
541 297 569 321 et
581 293 695 321 Proclus
711 294 862 330 Cyticenus
880 295 977 322 litteris
991 296 1025 323 ad
1040 300 1164 323 sanctum
1180 296 1302 323 lsaacum
1320 295 1347 322 in
1366 295 1522 322 Armeniam
1540 292 1630 321 missis
1645 291 1711 326 (54).
1726 296 1828 318 causam

211 337 340 364 celebrati
355 337 461 364 concilii
477 345 539 364 eum
557 338 712 365 docuerunt
728 347 735 365 :
752 343 863 366 sanctus
884 347 949 366 vero
966 339 1072 366 lsaaeus
1086 339 1193 367 concilii
1216 339 1406 367 auctoritatem
1428 338 1547 370 admisit,
1573 341 1602 363 et
1626 334 1752 363 Nestorio
1766 333 1828 361 dixit

209 381 365 408 anathema.
384 382 448 409 Haec
465 381 553 409 fuerat
567 386 624 409 rota
644 381 753 409 tartarei
769 390 865 410 currus
881 383 970 410 tertia.

246 425 290 451 Η.
311 424 440 452 Postltinc
456 426 580 460 apparuit
604 426 736 453 scelestus
761 426 907 461 Eutycltes,
928 426 1088 454 Sabellianae
1105 431 1187 454 sectae
1209 427 1344 460 surculus,
1365 426 1412 461 qui
1434 432 1515 452 unam
1532 431 1592 452 esse
1606 423 1676 451 dixit
1688 420 1792 450 deitatis
1805 425 1831 448 et

211 469 334 503 corporis
347 468 414 496 Jesu
425 469 527 496 Christi
541 474 666 497 naturam
681 479 688 497 :
702 469 866 504 opinabatur
878 470 951 497 enim
967 470 1065 497 factam
1076 470 1205 498 unionem
1218 475 1281 497 ante
1294 470 1403 500 saecula.
1417 474 1445 497 et
1464 476 1562 504 corpus
1575 467 1608 495 de
1622 467 1691 494 caelo
1705 466 1830 498 delatum,

209 519 267 538 non
282 517 373 539 autem
387 520 420 540 ex
438 512 550 548 Virgine
567 518 686 548 captum.
700 513 846 541 Nestorius
864 514 985 541 divinum
1001 513 1121 542 Verbum
1134 515 1246 551 negavit
1260 520 1354 542 natum
1373 522 1434 542 esse
1450 514 1484 541 de
1496 513 1617 549 Virgine,
1630 512 1739 547 negavit
1755 509 1832 545 Euty-

209 556 277 582 ches
292 555 412 583 Verbum
430 561 555 583 naturam
572 561 693 584 nostram
709 558 860 592 sumpsisse
873 558 906 585 de
922 563 1018 591 matre,
1035 568 1067 587 ac
1080 560 1186 587 ratione
1200 559 1330 587 inellabili
1346 565 1373 587 et
1392 560 1460 586 mira
1476 567 1538 587 cum
1561 566 1609 585 sua
1633 557 1733 584 deitate
1749 562 1829 590 copu-

212 599 319 627 lavisse.
338 600 423 627 Porro
444 600 588 627 Flavianus
609 606 708 628 nostrae
731 602 912 636 metropoleos
939 603 1104 637 patriarcha,
1129 612 1158 631 re
1184 605 1292 639 cognita
1318 604 1466 640 Eutychem
1488 603 1566 638 jussu
1595 599 1694 628 Leonis
1723 598 1833 626 Romani

212 643 374 677 patriarcha
397 644 550 671 sacerdotio
575 645 665 671 statim
693 650 774 679 atque
798 644 927 673 Ecclesiae
949 648 1140 676 communione
1159 648 1285 683 privavit.
1307 647 1355 675 llic
1375 652 1466 675 tamen
1483 646 1642 682 primarium
1665 643 1834 675 eunuchum,

213 695 293 722 quem
309 695 357 715 sua
371 688 524 723 pestilentia
537 689 684 721 alllaverat,
700 689 898 725 Chrysaphium
911 691 967 725 (55)
980 692 1092 727 rogavit,
1105 697 1135 719 ut
1145 700 1194 727 pro
1205 700 1234 719 se
1244 693 1275 719 ad
1288 692 1499 719 Alexandrinum
1513 691 1672 717 Dioscorum
1688 688 1832 716 scriberet:

211 731 285 765 quod
303 739 398 766 reapse
412 735 555 760 eunuchtts
571 733 711 768 praestitit,
728 733 798 760 datis
815 733 848 760 ad
869 733 1029 762 Dioscorum
1046 736 1158 768 litteris,
1177 744 1191 763 a
1207 744 1260 771 qtto
1279 736 1414 771 Eutyches
1438 736 1466 762 in
1487 734 1616 762 Ecclesia:
1638 732 1770 768 gremium
1788 730 1837 758 fuit

212 780 351 810 receptus.
372 775 433 803 Mox
454 780 546 804 tamen
562 777 618 811 ipse
647 776 796 804 Dioscorus
818 778 995 805 conscientiae
1007 780 1143 807 morsibus
1161 780 1241 812 ictus,
1259 780 1358 807 timens
1369 778 1496 806 Ecclesiae
1509 785 1628 805 canones
1640 776 1696 811 (56)
1712 780 1740 803 et
1755 775 1836 810 legem

213 821 514 852 cxcommunicationis.
538 827 683 857 propterea
697 822 770 856 quod
795 822 948 857 depositum
973 823 1070 850 ordine
1098 824 1238 850 hominem
1259 828 1286 851 et
1309 823 1475 850 anathemati
1500 822 1653 855 subjectum
1675 819 1836 854 recepisset.

213 865 314 898 alisque
327 872 402 892 mora
422 865 569 900 postulavit
582 874 597 892 a
611 866 749 901 praecipuo
773 866 820 892 illo
840 866 866 892 in
884 866 945 893 aula
966 868 1106 898 eunucho,
1136 873 1166 894 ut
1191 867 1338 895 concilium
1362 866 1461 901 Ephesi
1479 865 1655 895 indiceretur,
1678 863 1752 891 haud
1774 871 1838 890 sane

213 907 314 935 divinae
330 908 461 936 voluntati
476 909 626 942 conforme,
643 917 693 936 uec
717 910 844 937 Ecclesiae
871 910 948 942 utile,
965 911 1013 938 sed
1035 916 1065 938 ut
1088 916 1223 946 patratum
1246 919 1260 938 a
1282 919 1311 939 se
1328 911 1431 938 crimen
1452 911 1563 937 volaret.
1587 909 1680 943 Neque
1700 915 1764 935 vero
1787 907 1839 934 illic

212 952 343 988 synodico
363 953 425 987 jure
449 960 478 980 se
499 953 583 988 gessit
601 953 757 986 Dioscorus,
770 954 817 981 sed
839 955 966 982 eunucho
983 960 1011 982 et
1036 957 1202 984 militaribus
1233 957 1319 992 copiis
1339 957 1431 988 fultus,
1447 954 1542 982 exsilio
1557 958 1584 981 et
1603 961 1670 981 nece
1686 953 1839 979 Flavianum

214 998 350 1030 multavit,
366 998 467 1026 Leonis
482 1000 644 1034 patriarcha:
659 1000 773 1027 Romani
789 1001 932 1036 epistolam
952 1001 1065 1036 sprevit.
1083 1001 1218 1028 Domnum
1239 1000 1419 1035 patriarcltam
1434 999 1633 1026 Autiochenum
1651 995 1837 1024 excommuni-

215 1043 296 1074 cavit,
316 1043 363 1077 qui
389 1044 479 1071 scelus
501 1045 561 1079 eius
582 1044 783 1079 improbaverat
802 1055 808 1072 :
827 1045 987 1073 Iuvenalem
1012 1052 1089 1080 mque
1113 1044 1295 1080 patriareham
1316 1043 1592 1079 Hierosolymitanum
1613 1045 1774 1076 aspernatus
1789 1044 1839 1069 est.

215 1087 326 1121 pta-elato
341 1087 383 1114 his
398 1087 528 1124 Eutyche,
546 1097 627 1124 quem
643 1089 683 1116 uti
701 1090 881 1117 orthodoxum
902 1090 930 1118 in
946 1090 1050 1117 honore
1066 1089 1171 1116 habuit.
1194 1088 1306 1123 Cognita
1330 1087 1451 1114 Dioscori
1470 1086 1577 1119 fraude,
1609 1084 1700 1113 maesti
1722 1082 1840 1119 episcopi

215 1131 386 1159 dicesserunt
407 1133 434 1159 in
463 1140 539 1160 suam
555 1135 671 1168 quisque
691 1134 830 1169 regionem
846 1139 928 1169 atque
948 1135 1103 1166 stationem,
1125 1132 1278 1167 mansitque
1303 1137 1407 1159 tantum
1426 1131 1572 1158 Dioscorus
1586 1138 1649 1157 eum
1669 1128 1792 1164 Eutyche
1814 1131 1842 1154 et

215 1175 309 1209 paucis
322 1175 391 1207 aliis,
405 1183 455 1203 ceu
473 1184 571 1209 corvus
591 1178 619 1204 in
636 1178 701 1205 nido
717 1187 777 1211 suo,
799 1187 849 1207 ceu
869 1184 944 1214 stryx
961 1179 988 1205 in
1010 1177 1148 1209 maceriis,
1166 1184 1217 1204 ceu
1229 1175 1347 1211 denique
1364 1175 1423 1203 titio
1443 1175 1543 1202 ardens
1556 1174 1584 1201 in
1599 1181 1722 1201 nemore.
1739 1172 1808 1207 Ergo
1826 1180 1841 1198 ει

215 1220 304 1254 magni
320 1219 412 1255 Cyrilli
427 1225 516 1253 aetate,
531 1226 559 1248 et
571 1230 586 1249 a
599 1222 690 1257 priore
705 1224 806 1258 Ephesi
828 1229 924 1251 saneto
938 1222 1054 1251 concilio
1070 1228 1157 1256 usque
1171 1220 1205 1247 ad
1225 1219 1348 1247 Dioscori
1365 1219 1576 1247 conciliabulum
1600 1218 1664 1245 anni
1680 1217 1842 1245 ellluxerunt

214 1263 248 1290 18
264 1264 329 1299 (57);
350 1265 385 1292 ab
402 1265 454 1292 hoc
470 1270 562 1293 autem
580 1267 614 1294 ad
627 1267 852 1296 Cltalcedoncnse
866 1267 930 1295 anni
943 1267 997 1294 duo
1012 1265 1078 1301 (58).

249 1308 293 1336 ‘15.
315 1309 421 1344 Quippe
439 1309 534 1343 junior
557 1309 739 1344 Theodosius,
761 1312 879 1339 tumultu
895 1311 988 1338 audito
1007 1318 1088 1345 quem
1108 1309 1136 1336 in
1163 1308 1283 1336 Eccelsia
1305 1308 1449 1336 Dioscorus
1471 1307 1667 1339 concitaverat,
1689 1307 1768 1341 cujus
1790 1306 1844 1333 late

213 1353 384 1387 perturbatio
397 1354 611 1388 propagabatur;
629 1354 694 1381 dum
712 1363 877 1390 magnopere
900 1355 935 1382 oh
956 1362 1016 1381 eam
1037 1361 1093 1381 rem
1114 1357 1254 1385 aestuaret,
1271 1352 1377 1379 litteras
1397 1361 1412 1379 a
1432 1352 1523 1379 Leone
1545 1351 1699 1386 patriarcha
1716 1349 1840 1377 Romano

217 1396 380 1431 tempestive
399 1397 515 1431 accepit,
533 1397 579 1431 qui
596 1398 709 1432 rogabat
733 1398 926 1433 imperatorem
938 1419 945 1430 ,
963 1403 992 1424 ut
1014 1398 1213 1425 (ecumcnicum
1242 1396 1388 1424 concilium
1406 1396 1599 1428 contraheret,
1624 1395 1659 1422 ob
1684 1394 1844 1422 firmandam

215 1444 372 1466 sanctorum
392 1444 515 1467 veterum
533 1440 642 1467 Patrum
661 1442 846 1469 traditionem.
861 1442 998 1469 lliandavit
1014 1449 1079 1477 ergo
1092 1442 1250 1476 imperator,
1266 1445 1296 1468 ut
1311 1441 1502 1476 episcoporum
1518 1445 1672 1468 conventus
1685 1437 1774 1466 ﬁeret.
1792 1437 1847 1465 Sed

215 1491 277 1510 eum
296 1483 353 1518 ipse
369 1484 464 1510 eodetu
488 1491 561 1510 anno
581 1484 704 1518 obiisset,
726 1486 814 1513 caruit
833 1485 937 1512 "effectu
962 1485 1113 1512 decretum.
1137 1485 1197 1512 Mox
1218 1489 1309 1513 tamen
1337 1493 1479 1512 successor
1498 1484 1560 1520 ejus
1584 1483 1736 1511 Marcianus
1757 1482 1848 1518 primo

216 1528 325 1563 quidem
341 1536 413 1556 anno
428 1529 574 1564 intperium
588 1529 622 1557 ad
643 1530 826 1558 obedientiam
846 1531 1019 1566 composuit,
1043 1531 1129 1558 altero
1146 1534 1238 1557 autem
1264 1529 1424 1565 praedictum
1448 1528 1619 1564 propositum
1641 1526 1848 1562 exsequendum

216 1579 332 1600 curavlt.

253 1617 296 1644 46.
317 1617 542 1645 Concludendum
558 1623 600 1646 est
623 1619 713 1655 igitur,
737 1623 817 1654 prout
830 1619 886 1654 jam
905 1626 985 1654 supra
1009 1618 1159 1653 arguimus,
1176 1625 1276 1653 nempe
1302 1617 1372 1652 quod
1397 1616 1419 1644 si
1434 1619 1538 1643 cunctae
1558 1614 1680 1642 ecclesia:
1693 1613 1773 1641 annis
1795 1612 1847 1640 451

216 1665 280 1696 post
293 1662 460 1689 salutiferam
481 1663 699 1691 incarnationem
714 1664 770 1697 (59)
791 1671 878 1698 usque
898 1663 932 1690 ad
949 1662 1171 1689 Chalcedonense
1191 1661 1337 1688 concilium
1355 1661 1383 1688 in
1402 1661 1469 1687 'vera
1487 1659 1617 1694 religione
1633 1659 1738 1692 fideque
1753 1658 1849 1684 Ortho-

217 1704 286 1733 doxa’
301 1706 490 1741 perstiterunt,
507 1712 534 1734 et
550 1707 665 1735 nutricis
680 1709 765 1735 instar
779 1708 820 1735 lac
840 1708 867 1735 in
882 1707 991 1735 Christo
1006 1714 1055 1733 ceu
1070 1705 1191 1741 parvulis
1208 1706 1385 1740 praebuerunt
1403 1704 1462 1731 orbi
1479 1708 1624 1735 terrarum,
1648 1711 1695 1737 per
1718 1702 1849 1729 doctores

217 1749 331 1785 inelytos
348 1750 382 1777 de
397 1751 552 1787 evangelico
567 1752 643 1779 fonte
657 1759 780 1785 manans,
793 1760 854 1787 quae
871 1760 914 1779 res
923 1751 970 1778 toti
987 1751 1087 1778 tnundo
1105 1749 1250 1777 manifesta
1262 1754 1315 1782 est,
1333 1749 1379 1784 qui
1395 1748 1452 1775 fieri
1464 1747 1550 1783 potuit
1562 1752 1591 1774 ut
1605 1755 1620 1773 ει
1637 1751 1710 1774 recto
1727 1745 1848 1778 tramite,

216 1801 299 1828 quem
314 1802 423 1830 semper
438 1800 593 1828 tenuerant,
612 1796 822 1824 aherraverint?
834 1796 900 1830 Quis
916 1796 1018 1827 credat,
1034 1794 1154 1829 quinque
1174 1794 1346 1828 patriarchas
1361 1793 1395 1820 ad
1419 1792 1542 1819 eamdem
1565 1791 1661 1818 falsam
1680 1790 1850 1817 sententiam

217 1843 298 1874 atque
312 1839 458 1866 concilium
472 1840 595 1875 potuisse
608 1841 758 1868 divertere?
774 1840 851 1874 Quod
869 1841 890 1868 si
909 1840 935 1868 hi
951 1847 1046 1873 reapse
1061 1847 1076 1866 a
1091 1846 1156 1866 vera
1171 1838 1224 1865 ﬁde
1240 1837 1428 1868 descivissent,
1444 1836 1503 1863 sine
1517 1835 1601 1862 dubio
1617 1843 1633 1862 a
1650 1834 1706 1862 Deo
1722 1834 1851 1862 derelicti

217 1883 376 1918 sanctisque
395 1883 461 1911 locis
494 1883 610 1912 fuissent
633 1884 756 1921 depulsi,
777 1884 848 1912 haud
871 1891 951 1912 secus
972 1891 1054 1918 quam
1077 1882 1196 1918 populus
1218 1881 1383 1909 lsraeliticus
1404 1881 1461 1908 Deo
1484 1880 1593 1908 rebellis
1614 1880 1699 1915 gloria
1719 1888 1769 1906 sua
1785 1887 1852 1914 spo-

217 1926 298 1954 liatus
308 1932 360 1954 est.

255 1971 300 1998 17.
321 1970 400 1998 Nunc
414 1972 470 2006 jam
485 1971 665 1999 orthodoxam
685 1971 839 1999 doctrinam
857 1979 919 1998 cum
935 1971 979 1998 illa
993 1971 1168 1998 conferamus
1182 1970 1364 1998 Jacobitarum
1388 1970 1599 2005 acephalorum,
1617 1969 1737 1996 Dioscori
1764 1969 1855 2003 Euly—

218 2015 332 2050 chisque
351 2015 532 2048 alumuorum,
551 2016 596 2051 qui
614 2016 714 2043 Christi
737 2017 783 2044 Dei
803 2020 830 2043 et
845 2016 964 2043 hominis
982 2024 1063 2042 unam
1083 2015 1284 2043 contenderunt
1306 2022 1366 2042 esse
1392 2020 1529 2045 naturam,
1547 2021 1683 2048 unamque
1695 2021 1752 2040 rem
1769 2017 1856 2047 puta-

219 2064 283 2086 runt
295 2067 440 2098 persoualtn
455 2068 516 2087 esse
531 2066 612 2095 atque
635 2066 772 2088 naturam.
795 2061 874 2088 Certe
889 2069 921 2088 ex
940 2061 1047 2088 illorum
1061 2060 1197 2087 sententia
1217 2059 1405 2094 consequitur.
1424 2063 1454 2085 ut
1469 2058 1640 2085 sanctissima
1655 2057 1776 2084 Trinitas
1793 2065 1854 2084 non

218 2103 331 2130 exsistat
349 2112 356 2130 :
373 2111 436 2130 nam
453 2104 474 2131 si
492 2103 637 2132 Trinitatis
654 2109 750 2131 natura
767 2113 821 2131 una
838 2110 889 2136 est,
903 2105 940 2131 uti
961 2112 1055 2132 revera
1068 2109 1120 2135 est,
1139 2111 1221 2131 unam
1239 2111 1347 2138 quoque
1363 2110 1507 2137 personant
1522 2109 1584 2129 esse
1599 2109 1668 2136 opus
1682 2106 1726 2128 est
1740 2109 1749 2128 :
1766 2105 1857 2136 atque

219 2146 256 2173 ita
270 2154 332 2174 eum
348 2145 466 2175 Sabellio
481 2149 649 2183 conspirant,
668 2152 695 2175 et.
710 2156 771 2175 cum
792 2149 872 2176 Petro
889 2148 1012 2182 Fullone,
1030 2157 1061 2175 ae
1073 2148 1179 2176 Joanne
1206 2148 1416 2175 Mairaeomeusi
1431 2148 1498 2182 (40).
1519 2146 1605 2174 Secus
1627 2154 1704 2177 vero,
1724 2146 1747 2173 si
1764 2154 1857 2173 unum

219 2191 283 2225 quid
299 2195 363 2218 sunt
377 2199 492 2226 persona
509 2197 591 2227 atque
606 2197 714 2226 natura,
735 2193 859 2228 sequitur
874 2197 913 2226 ut,
932 2193 996 2228 quia
1018 2197 1072 2220 tres
1096 2197 1160 2220 sunt
1182 2192 1363 2220 sanctissima:
1378 2191 1520 2218 Trinitatis
1536 2198 1669 2226 personae,
1693 2191 1860 2217 necessario

218 2239 275 2262 tres
288 2243 396 2270 quoque
412 2241 515 2263 naturae
530 2236 595 2269 siut,
611 2241 693 2271 prout
711 2237 872 2265 vestratium
891 2237 987 2264 insana
1003 2236 1143 2265 sententia
1156 2236 1286 2271 postulat,
1305 2236 1351 2271 qui
1368 2235 1420 2263 hoe
1435 2239 1515 2271 pacto
1528 2242 1591 2263 cum
1606 2234 1682 2267 Ario,
1704 2234 1859 2267 Eunomio,

218 2282 247 2306 et
262 2278 422 2306 Macedonio
438 2280 624 2308 consentiunt.

255 2322 299 2349 18.
320 2322 396 2350 Adde
408 2323 481 2358 quod
501 2324 640 2351 contraria
654 2325 799 2352 contrariis
819 2324 1011 2355 excluduntur.
1029 2325 1112 2353 veluti
1136 2326 1238 2353 bonum
1261 2325 1333 2352 malo
1349 2325 1470 2360 pellitur,
1483 2323 1572 2351 visum
1597 2322 1703 2350 caecitas
1717 2322 1839 2356 perimit
1853 2340 1862 2356 ι

219 2366 341 2394 tenebrae
356 2368 444 2394 lucem
458 2375 511 2395 non
524 2369 677 2403 patiuntur.
689 2369 729 2396 ita
743 2377 855 2405 prorsus
868 2369 895 2395 in
908 2376 938 2396 rc
952 2373 1045 2396 nostra
1060 2369 1229 2405 arguendum
1241 2374 1292 2396 est.
1308 2368 1337 2396 Si
1354 2368 1582 2396 Chalcedonense
1597 2366 1745 2394 concilium
1758 2367 1861 2401 priora

220 2411 272 2439 tria
290 2419 345 2439 non
362 2412 489 2444 admittit,
502 2421 567 2449 ergo
584 2413 636 2442 illis
650 2418 793 2450 repugnat,
813 2414 962 2448 eademque
985 2413 1084 2441 abolet.
1108 2413 1194 2441 Secus
1209 2421 1275 2440 vero
1289 2413 1314 2440 si
1329 2417 1359 2440 ut
1373 2420 1389 2440 a
1402 2410 1706 2447 Constantinopolitano
1731 2410 1863 2437 concilio

258 2525 313 2565 (iii)
333 2524 390 2552 lmo
411 2525 576 2553 lecstinus
595 2532 644 2560 per
665 2525 794 2565 Cyrillum
820 2525 945 2565 praefuit,
969 2526 1007 2565 uti
1055 2561 1071 2565 _
1093 2525 1150 2560 (56)
1161 2524 1271 2565 _Confer_
1281 2522 1658 2565 canonem_a_postolnicttmnln§_,
1668 2526 1696 2550 et
1707 2522 1867 2550 Nicrenum

221 2558 391 2595 exploratum
407 2566 459 2600 est,
477 2566 559 2601 atque
576 2558 605 2587 ut
626 2568 677 2588 nos
687 2558 747 2596 ipsi
761 2558 967 2589 etttcitdavimus
982 2561 1010 2588 in
1055 2561 1083 2595 5,
1098 2558 1168 2595 apud
1184 2568 1234 2587 nos
1253 2560 1346 2595 Spicil.
1374 2564 1396 2587 t.
1414 2559 1468 2594 Vll,
1480 2567 1508 2595 p.
1523 2559 1587 2593 205,
1600 2558 1664 2585 207.

222 2596 251 2622 S.
266 2595 402 2622 Germano
420 2596 466 2623 ιιι).
479 2600 526 2623 ctt.
542 2604 568 2623 ι).
585 2596 629 2623 '57.
1094 2596 1149 2623 (57l
1170 2595 1237 2623 Cod.
1253 2596 1299 2623 ‘28.

222 2603 251 2622 ἓ.
266 2603 402 2622 ιιθῐιῐιιιιιο
420 2603 466 2623 Ill).
479 2603 526 2623 Cll.
542 2604 568 2623 Ι).
585 2603 629 2623 Ol.
1094 2603 1149 2623 toll
1170 2603 1237 2623 ιλυα.
1253 2603 1299 2623 *έδ-

266 2596 402 2622 Germano
420 2596 466 2623 ιιι).
479 2596 526 2623 cit.
542 2604 568 2631 p.
585 2596 629 2623 '57.
1094 2596 1149 2631 (57)
1170 2596 1237 2623 Cod.
1253 2596 1299 2623 ‘28.

256 2631 313 2665 (55)
333 2631 361 2666 lu
382 2630 541 2665 fragmentis
556 2630 717 2658 Tusculanis
732 2631 860 2659 dicuntur
873 2631 973 2658 CCXL.
1095 2632 1150 2666 (58)
1170 2631 1239 2658 Cod.
1257 2631 1380 2666 quinque.

257 2665 420 2702 (ὅόιηΡιτοςΙί
435 2671 514 2702 antea
529 2666 606 2693 electi
622 2666 748 2701 Cyziceni
760 2671 854 2700 postea
871 2666 1009 2694 Constan-
1094 2667 1149 2702 (59)
1172 2667 1241 2694 Cod.
1259 2665 1336 2693 annis
1367 2665 1420 2694 47⁵2.
1450 2670 1506 2700 post
1533 2665 1701 2701 salutiferam
1732 2672 1871 2692 resurre—

220 2701 391 2742 t_inopolitani
406 2701 538 2742 lepis-copi
554 2706 641 2741 exstat
661 2702 812 2742 dog-matica
841 2702 953 2736 epistola
978 2702 1011 2728 ad
1059 2703 1184 2742 ειὶρξιέεηιἰ
1262 2737 1268 2742 _
1310 2736 1334 2742 __
1353 2736 1358 2741 _
1508 2736 1513 2742 _

222 2736 381 2769 Armenios;
403 2735 496 2772 Cyrilli
511 2735 575 2764 'non
591 2736 668 2769 item,
684 2735 737 2764 nisi
758 2737 829 2765 forte
847 2735 889 2764 est
909 2745 963 2764 uua
978 2745 1012 2764 ex
1071 2767 1078 2771 _
1097 2737 1152 2772 (40)
1172 2737 1285 2764 Joannis
1310 2736 1530 2764 Mairacomcnsis
1552 2743 1659 2764 crassos
1683 2742 1800 2762 errores
1831 2735 1872 2762 ah

222 2771 378 2807 θηοῐιῖιίτὲίε-
409 2771 432 2807 ξ
528 2806 533 2807 ,
547 2806 561 2807 η
1063 2773 1131 2806 ipsis
1145 2772 1284 2800 Armeniis
1299 2772 1479 2807 scriptoribus
1495 2773 1579 2799 fuisse
1594 2772 1737 2802 refutatos,
1758 2776 1875 2807 narrat

260 2806 375 2843 (35)_|_)e
402 2806 563 2843 Chrysaphii
578 2807 709 2843 eunuchi
733 2807 891 2843 cubicularii
925 2807 1011 2843 gratia
1064 2808 1102 2834 ill.
1119 2816 1150 2834 ac
1164 2815 1221 2834 rev.
1235 2807 1465 2843 archiepiscopus
1478 2807 1570 2843 Sunia:
1585 2815 1630 2841 op.
1648 2808 1696 2843 cit.
1718 2813 1748 2840 p.
1765 2806 1823 2843 29».
1842 2811 1875 2832 et

226 2841 297 2873 apud
321 2840 515 2879 Theodosium
525 2841 811 2879 iuniorcmhlegantur
844 2840 938 2870 etiatuv
957 2842 1012 2870 fra-
1062 2843 1107 2874 4‘2.
1126 2850 1177 2879 nee
1195 2850 1249 2869 non
1263 2844 1303 2879 vir
1320 2840 1443 2869 summus
1458 2841 1476 2869 1.
1492 2842 1522 2869 Β.
1536 2840 1677 2870 Aucherus
1691 2842 1718 2868 in
1734 2841 1824 2875 praef.
1842 2845 1877 2867 et

226 2879 335 2907 gmenta
352 2875 506 2904 Tusculana
521 2876 614 2910 Spicil.
631 2880 650 2904 t.
665 2876 696 2904 ll.
715 2875 728 2879 '
1061 2879 1125 2906 adu.
1144 2878 1178 2906 ad
1195 2881 1264 2906 erat.
1280 2878 1359 2906 Joau.
1378 2878 1446 2905 Οιιι.
