1940 3087
173 169 229 202 ’1ῖῦ
752 165 884 197 ΡΗΟΤῙΙ
903 166 980 196 PATl

1031 164 1155 196 lRGHtE
1174 163 1229 194 ΕΡ.
1750 158 1805 191 ’716

214 226 243 253 2.
261 225 389 251 Attamen
406 222 515 257 ineptos
532 221 665 257 quosdam
679 221 713 249 de
729 221 780 248 hac
794 221 980 248 controversia
994 226 1134 247 sermones
1147 227 1162 245 a
1176 217 1256 245 vobis
1269 216 1385 253 scriptos
1401 216 1559 252 accepimus
1574 214 1632 250 (ιῦ)
1649 223 1657 247 ;
1672 214 1718 250 qui
1730 220 1805 242 certe

181 270 284 297 nullius
303 267 436 296 momenti
446 266 576 299 evadent,
587 266 713 301 nihilque
727 274 819 301 prava:
834 265 978 293 sententiae
998 264 1125 300 posthinc
1140 262 1286 298 supererit,
1303 270 1365 289 cum
1392 266 1518 296 quartum
1535 261 1644 288 demum
1657 259 1805 287 concilium

182 315 254 343 haud
279 322 358 342 secus
370 320 451 348 quam
467 312 610 347 superiora
634 312 727 340 debito
752 311 887 346 obsequio
907 307 1123 346 prosequemini.
1142 306 1266 341 Namque
1278 310 1306 333 et
1329 305 1490 341 principalis
1504 304 1589 332 Roma
1609 312 1686 339 teque
1703 312 1735 332 ac
1754 312 1806 331 nos

183 365 279 395 quarto
291 358 419 390 concilio,
437 363 468 385 ut
482 358 631 393 prioribus.
646 358 778 386 honorem
798 356 887 385 defert
899 365 906 383 :
919 355 957 383 sic
972 355 1037 381 item
1050 359 1147 397 magna
1163 350 1333 397 Alexandria:
1348 350 1439 381 sedes,
1452 356 1573 397 lnecno-n
1586 348 1631 375 illa
1651 348 1807 397 "hierosoly-

182 392 299 434 mnrnm,
313 403 372 430 sine
381 403 434 430 ulla
445 392 554 437 querela
569 411 576 429 :
593 402 711 437 denique
725 406 752 429 et
762 405 909 429 consecuta
918 404 1011 435 postea
1026 395 1140 424 concilia
1152 395 1289 430 quintum,
1318 399 1424 437 sextum
1444 400 1476 419 ac
1491 393 1647 428 septimum.
1661 392 1728 425 Quis
1743 400 1808 427 ergo

183 447 245 474 ﬁdei
268 451 325 474 toto
351 436 486 474 terrarum
497 446 563 474 orbe
575 436 682 473 dtﬂusae
693 446 821 473 resistere
831 444 930 472 audeat
940 444 953 469 ‘t
965 443 1004 470 De
1019 448 1071 476 qua
1086 439 1138 466 ﬁde
1150 438 1283 465 Dominus
1302 437 1389 465 dixit:
1405 436 1494 464 Porta:
1510 437 1589 470 inferi
1612 445 1663 463 non
1676 436 1808 471 prwvate-

183 492 244 517 bunt
262 490 386 517 adversus
399 498 469 516 eam.
481 489 583 517 Cavete
598 489 680 525 igitur
696 490 730 516 ab
746 489 853 516 illorum
873 487 1027 518 fraudibus,
1040 483 1086 519 qui
1101 483 1212 510 nomine
1222 487 1302 509 tenus
1317 481 1486 508 Antichristo
1497 480 1636 512 differunt.
1653 481 1700 515 qni
1715 480 1811 514 morti-_

181 535 270 562 ferum
288 533 432 561 animabus
445 541 582 561 venenum
598 534 756 569 propinant,
769 533 834 560 dum
848 540 894 559 eas
907 539 922 559 a
943 531 1029 558 sancti
1047 529 1167 564 Spiritus
1188 527 1310 555 doctrina
1323 527 1447 562 datisque
1459 526 1582 562 ejusdem
1598 525 1810 553 demonstratio-

172 577 263 604 ‘nibus
279 581 417 604 avertunt.

220 631 247 658 5.
267 630 374 665 Quippe
388 630 430 662 hi,
449 634 562 666 propter
577 638 633 658 suae
646 630 747 658 mentis
761 627 1141 661 imbecillitatem,Dominum
1161 631 1285 653 nostrum
1298 624 1392 653 Jesum
1403 624 1552 657 Christum,
1567 624 1653 652 Deum
1668 629 1696 652 et
1720 624 1811 652 homi-

184 681 246 701 nem
260 681 320 700 esse
335 681 390 700 non
401 677 566 708 agnoscunt,
583 673 609 699 id
626 678 668 700 est
681 673 771 700 divina
785 673 957 707 humanaque
982 676 1080 699 natura
1096 670 1240 706 praeditum
1255 679 1263 704 ;
1280 674 1361 704 atque
1380 670 1431 696 hac
1441 669 1551 696 vesania
1570 669 1687 704 correpti
1703 673 1809 696 utram-

184 725 237 752 que
260 721 387 744 naturam
403 721 512 751 negant.
529 716 633 751 Beapse
644 717 666 744 si
686 716 731 743 illa
744 716 823 744 unica
834 724 915 751 quam
930 717 1094 744 conﬁtentur
1105 722 1202 744 natura
1222 715 1336 751 simplex
1345 719 1397 747 est,
1417 714 1475 742 sine
1490 714 1574 742 dubio
1589 715 1701 741 alteram
1718 714 1811 741 exclu-

185 762 255 789 dunt
270 761 332 788 :sin
349 768 381 787 ex
394 760 501 787 duabus
515 760 688 795 simplicibus
698 765 740 788 est
754 761 915 796 composita,
941 761 1035 796 procul
1053 761 1137 788 dubio
1151 761 1247 787 harum
1268 764 1366 786 neutra
1384 759 1521 794 propriam
1546 758 1725 786 substantiam
1743 758 1811 785 reti-

186 810 244 839 net,
261 813 322 839 quae
346 805 374 832 in
387 808 504 839 utraque
519 805 609 839 potius
621 809 763 840 perempta
780 810 832 832 est.
852 805 908 840 Age
919 812 993 838 vero,
1010 812 1135 840 quaenam
1152 804 1266 832 istorum
1293 803 1430 831 sententia
1445 803 1510 830 est?
1533 802 1603 830 Num
1630 803 1811 838 compositam

187 848 260 875 illam
289 852 425 880 naturam,
444 855 459 874 a
473 847 562 875 Patris
575 852 603 874 et
617 848 738 883 Spiritus
758 848 845 876 sancti
863 854 960 876 natura
982 849 1139 876 distinctam
1154 847 1281 879 credunt,
1295 855 1330 874 an
1353 855 1433 875 secus
1447 847 1459 873 ἵ
1473 847 1501 874 Si
1526 847 1681 874 distinctam
1698 850 1810 882 negant.

184 891 356 927 blasphemia
372 899 420 918 sua
435 891 599 923 obruuntur,
616 892 679 927 quia
695 891 783 919 Patris
795 897 892 919 natura
904 893 1053 927 composita
1067 892 1206 920 evaderet.
1223 892 1271 919 Sin
1287 896 1382 919 contra
1398 891 1553 919 distinctam
1565 891 1651 924 aiunt,
1662 898 1696 918 en
1725 891 1811 918 Filius

187 939 300 970 paterna
315 939 414 962 natura
430 939 506 962 caret
521 943 528 961 :
546 935 617 970 quod
632 935 679 970 qui
690 935 836 968 aﬁirmant,
847 936 903 971 jam
915 939 1027 972 apparet
1039 943 1157 971 quonam
1172 944 1201 963 se
1214 936 1368 971 praecipites
1383 940 1524 970 proruant.
1533 934 1600 968 Quis
1619 942 1684 962 vero
1696 943 1729 962 ex
1742 934 1812 962 divi-

181 979 233 1006 'nis
248 979 325 1006 libris
336 979 586 1006 demonstrationes
601 979 683 1014 hujus
701 979 834 1015 dogmatis
847 987 942 1007 omnes
957 987 1118 1008 coacervare
1132 985 1226 1015 queat,
1242 988 1312 1015 quas
1321 980 1383 1015 jam
1403 984 1513 1007 sanctus
1531 979 1650 1015 Spiritus
1666 987 1713 1014 per
1727 987 1811 1015 quar-

185 1027 249 1050 ‘tum
266 1023 414 1050 concilium
429 1030 478 1050 ceu
494 1022 594 1050 invicta
605 1028 773 1059 argumenta,
789 1024 824 1052 ob
835 1024 994 1051 ﬁrmandam
1010 1023 1101 1056 ﬁdem,
1123 1023 1295 1051 adversarios
1310 1023 1503 1058 proﬁigandos,
1521 1027 1601 1058 atque
1617 1023 1714 1050 horum
1729 1022 1813 1050 dissi-

183 1066 277 1101 panda
292 1065 418 1095 consilia.
434 1066 585 1100 exposuit?
598 1065 698 1093 Frater
721 1074 802 1101 quam
819 1067 891 1102 quod
907 1068 928 1094 si
945 1067 978 1094 ad
991 1067 1128 1102 vulgarem
1143 1067 1283 1094 hominem
1294 1067 1365 1094 hanc
1375 1067 1520 1102 epistolam
1536 1066 1694 1099 scriberem,
1716 1067 1811 1094 multis

189 1110 332 1136 veritatem
360 1109 452 1136 verbis
473 1117 543 1144 opus
559 1114 632 1136 esset
654 1109 808 1144 explicare:
823 1115 920 1138 vestra:
937 1115 1027 1139 tamen
1048 1111 1221 1146 amplitudini
1246 1119 1277 1138 ac
1292 1110 1445 1146 sapientia,
1471 1114 1616 1145 vestroque
1633 1110 1757 1138 veritatis
1784 1115 1814 1138 et

188 1153 342 1181 concordia:
352 1153 455 1186 studio,
474 1161 534 1188 quze
549 1153 683 1181 hactenus
696 1154 751 1181 dixi
765 1154 903 1182 suﬁiciunt
919 1164 926 1183 :
940 1156 1094 1191 praesertim
1109 1155 1173 1190 quia
1188 1155 1221 1182 ad
1234 1163 1393 1191 supremum
1406 1162 1514 1190 quoque
1523 1154 1673 1182 antistitem
1690 1159 1812 1182 vestrum

184 1197 235 1225 diu
251 1204 303 1224 nec
318 1197 402 1224 semel
413 1197 463 1224 hac
478 1197 511 1224 de
527 1204 556 1224 re
572 1197 669 1232 scripsi
687 1197 754 1233 (44).

223 1253 250 1280 ι.
270 1251 395 1279 Vestram
417 1252 499 1288 igitur
514 1253 722 1289 amplitudinem
747 1254 932 1286 obsecramus.
951 1260 981 1282 ut
999 1256 1102 1284 sanctis
1116 1256 1240 1284 conciliis
1252 1256 1377 1288 ducibus,
1398 1263 1466 1290 pura
1479 1255 1507 1282 in
1526 1254 1579 1283 ﬁde
1592 1255 1689 1290 pedem
1714 1254 1813 1290 ﬁgatis,

187 1303 282 1332 neque
297 1305 311 1324 a
327 1297 515 1324 communiore
528 1297 570 1324 via
585 1297 728 1331 deerretis,
743 1299 791 1326 sed
804 1299 832 1326 in
848 1307 878 1326 ea
893 1304 969 1327 recto
986 1300 1095 1327 tramite
1107 1300 1263 1328 ambuletis.
1279 1299 1347 1327 Nam
1365 1300 1410 1335 qui
1424 1307 1508 1327 unam
1521 1299 1641 1334 proﬁteri
1657 1299 1685 1326 in
1701 1300 1815 1327 Christo

181 1341 254 1369 Jesu
271 1345 395 1368 naturam
413 1341 507 1372 audet,
526 1336 550 1368 is
567 1341 696 1377 Eutycltis
709 1342 736 1368 in
755 1350 785 1369 se
806 1343 1008 1371 damnationem
1024 1349 1166 1379 provocat,
1178 1349 1207 1371 et
1219 1344 1348 1379 opinione
1360 1344 1560 1371 Sassanitarum
1576 1343 1633 1379 (45)
1656 1348 1814 1378 corruptus,

190 1385 238 1412 uni
251 1385 331 1420 capiti
348 1385 460 1412 subesse
474 1392 603 1415 renuens.
622 1384 651 1412 ﬁt
671 1385 874 1421 polycephalus.
889 1392 917 1414 et
931 1388 1048 1417 Manetis
1061 1389 1143 1417 simul
1168 1389 1328 1424 discipulus.
1344 1389 1479 1416 Praaterea
1500 1389 1546 1423 qui
1566 1388 1635 1416 duas
1649 1388 1678 1415 in
1701 1387 1815 1416 Christo

191 1429 332 1456 distinctas
351 1433 462 1456 naturas
488 1436 543 1456 non
559 1429 669 1461 fatetur.
698 1429 745 1457 sed
767 1430 836 1457 duas
852 1432 943 1466 potius
966 1440 1099 1467 personas
1113 1433 1221 1466 astruit,
1238 1434 1261 1461 is
1274 1433 1302 1460 in
1323 1432 1441 1460 Nestorii
1463 1440 1571 1468 poenam
1590 1432 1695 1460 incidit.
1725 1432 1815 1464 Quam

188 1473 285 1500 obrem
303 1472 350 1499 Dei
368 1471 502 1502 Ecclesia.
519 1476 634 1507 utroque
643 1480 736 1500 errore
749 1473 876 1507 reiutato,
889 1475 1014 1503 haeresim
1030 1483 1045 1503 a
1057 1476 1113 1504 suis
1123 1477 1207 1511 septis
1219 1477 1326 1511 repulit.
1341 1481 1422 1511 atque
1437 1484 1518 1503 unam
1533 1475 1734 1503 Domininostri
1748 1474 1816 1502 Jesu

187 1516 293 1543 Christi
307 1523 451 1550 personam
465 1515 590 1543 confessa
605 1520 656 1550 est,
675 1516 798 1551 duasque
811 1522 924 1546 naturas
933 1519 1074 1548 distinctas
1084 1525 1112 1548 et
1122 1520 1280 1548 inconfusas
1295 1521 1371 1556 (46);
1395 1526 1478 1556 atque
1492 1520 1545 1548 illis
1558 1520 1701 1548 adversata
1711 1523 1754 1546 est
1767 1519 1815 1554 qui

186 1561 285 1589 deitati
296 1561 439 1596 passiones
451 1561 615 1589 attribuunt.

228 1617 254 1644 5.
278 1616 316 1643 Da
341 1624 406 1652 ergo
419 1624 542 1651 operam,
557 1624 655 1652 magne
666 1616 806 1653 Princeps,
824 1623 853 1646 ut
876 1618 940 1647 Jesu
956 1618 1057 1648 Christi
1070 1621 1200 1656 populum
1218 1621 1327 1655 doceas,
1343 1625 1425 1656 atque
1435 1620 1468 1648 ad
1482 1628 1555 1648 verae
1573 1619 1634 1648 ﬁdei
1662 1619 1816 1656 professio-

188 1669 255 1689 nem
281 1660 399 1688 adducas
412 1659 472 1695 (47)
490 1669 496 1687 :
512 1668 600 1695 neque
614 1662 688 1689 enim
700 1661 847 1697 quidquam
861 1663 918 1690 Deo
928 1663 1037 1691 cbarius
1047 1669 1098 1697 est,
1111 1673 1191 1700 quam
1207 1669 1238 1693 ut
1259 1665 1347 1700 ipsum
1362 1672 1424 1693 vera
1437 1672 1498 1692 cum
1517 1664 1614 1691 notitia
1625 1671 1817 1699 agnoscamus,

196 1704 366 1741 professione
384 1704 535 1732 orthodoxa
551 1705 744 1740 gloriﬁoemus,
758 1707 984 1742 magnanimoque
1000 1712 1028 1736 et
1041 1713 1184 1736 constante
1197 1716 1290 1736 amore
1311 1709 1339 1736 in
1359 1709 1401 1736 his
1420 1715 1639 1743 perseveremus.
1654 1707 1700 1735 Sic
1715 1708 1819 1743 quippe

192 1749 297 1784 majore
309 1755 421 1783 semper
434 1755 582 1783 progressu
596 1753 703 1781 auctus,
717 1755 745 1777 et
758 1743 857 1778 divina-
868 1751 962 1786 gratiae
977 1752 1061 1780 tutela
1082 1752 1214 1780 adversus
1236 1753 1329 1787 hosyes
1341 1752 1474 1784 munitus,
1488 1756 1515 1779 et
1529 1759 1544 1779 a
1556 1752 1684 1787 periculis
1696 1751 1821 1779 insidiis-

193 1800 248 1827 que
264 1796 349 1824 tutus,
363 1791 479 1819 aliorum
491 1791 580 1819 instar
593 1797 747 1821 sanctorum
764 1802 868 1830 regum,
886 1801 1028 1830 utramque
1047 1795 1204 1824 felicitatem
1219 1796 1406 1831 consequeris,
1422 1800 1586 1831 pratsentem
1611 1795 1716 1824 scilicet
1731 1801 1760 1823 et
1774 1796 1820 1823 fu-

192 1841 293 1868 turam,
310 1835 433 1871 Deiparaa
447 1835 549 1871 reginae
565 1836 671 1872 inclytae
689 1842 901 1874 sanctorumque
915 1841 1038 1868 omnium
1060 1841 1269 1869 intercessione.
1282 1842 1459 1870 Excellentia:
1475 1847 1503 1870 et
1528 1842 1747 1878 magnanimitati
1765 1846 1820 1870 tua:

191 1879 322 1916 spiritalis
337 1879 507 1907 monumenti
525 1880 623 1916 gratia,
639 1881 804 1910 venerabilis
818 1890 849 1909 ac
862 1882 987 1912 salutaris
1002 1885 1092 1913 crucis
1112 1886 1272 1921 particulam
1281 1887 1415 1914 mittimus
1429 1887 1496 1923 (48).

228 1968 283 2004 (45)
303 1969 435 1996 Acerbam
449 1968 594 2003 quamdam
620 1968 809 1997 Armeniorum
824 1970 857 1998 ad
872 1971 980 2000 Graecos

192 2004 400 2041 responsionem
415 2004 466 2030 sub
479 2004 574 2031 Asutio
589 2005 711 2041 principe
725 2005 788 2039 (hac
815 2011 905 2033 tamen
919 2006 980 2041 epi-

192 2039 469 2076 stola‘posteriorem)
485 2044 618 2076 memorat
636 2039 790 2074 Serposius.
808 2046 828 2068 t.
846 2041 879 2073 ll,
895 2049 922 2076 p.
933 2039 978 2069 Μ.

231 2073 286 2108 tu)
322 2073 391 2102 Hinc
408 2074 598 2108 cognoscimus
612 2082 666 2101 non
688 2073 777 2102 semel
798 2073 924 2104 Photiuin
946 2078 980 2105 ad

193 2108 396 2145 Armeniorum»
409 2109 590 2145 patriarcham
614 2109 754 2144 scripsisse
765 2130 772 2142 ,
795 2111 867 2145 quod
885 2119 979 2139 revera

193 2143 355 2181 dicitﬂetinm
381 2143 524 2181 Serposius
537 2143 690 2181 qtlormpend.
711 2145 772 2172 hist.
790 2143 812 2172 ιζ
836 2145 869 2177 ll,
889 2154 916 2181 p.
934 2147 978 2174 μ.

1030 1974 1100 2012 nari,
1113 1974 1271 2012 nobilissime
1281 1980 1306 2003 et
1318 1976 1468 2011 felicissime
1482 1985 1528 2003 rex
1537 1976 1755 2012 splendidissima
1765 1977 1819 2003 Ar-

1030 2009 1175 2046 meniorum
1187 2011 1291 2046 gentis;
1306 2009 1399 2039 deinde
1417 2016 1442 2038 et
1459 2009 1555 2038 omnes
1565 2012 1610 2039 tibi
1624 2012 1763 2046 subjectos.
1781 2012 1819 2039 Tu

1031 2051 1057 2070 es
1069 2045 1138 2071 enim
1149 2045 1254 2072 illorum
1267 2051 1346 2080 caput
1356 2054 1367 2079 ,'
1380 2047 1460 2081 capiti
1475 2045 1700 2082 autemrmemb’ra
1715 2047 1819 2082 reliqua

1028 2083 1055 2115 et
1077 2087 1172 2115 corpus
1191 2081 1367 2108 obsecundare
1381 2090 1482 2109 necesse
1496 2087 1544 2109 est.
1563 2081 1627 2108 lam
1645 2083 1668 2108 si
1678 2082 1705 2108 in
1730 2081 1819 2115 capite

1030 2114 1069 2152 uia
1091 2114 1253 2152 intelligendi
1280 2116 1433 2152 videndique
1460 2117 1563 2148 residet,
1587 2125 1693 2152 prorsus
1717 2114 1820 2151 oportet

1030 2149 1077 2187 hoc
1088 2149 1204 2187 primum
1219 2155 1317 2187 rectam
1327 2149 1479 2186 religionem
1490 2149 1637 2187 agnoscere,
1648 2149 1821 2186 veritatisque

229 2180 285 2213 (45)
318 2179 410 2216 lnnuit
435 2179 554 2216 Abdiscii
581 2179 641 2216 Syri
667 2179 910 2216 monophysiticam
938 2189 982 2209 se-

194 2218 276 2247 ctam,
295 2221 377 2249 quem
394 2214 427 2241 dc
451 2214 566 2241 Sassane
591 2215 618 2241 in
631 2214 796 2242 Armeniam'
811 2217 920 2244 venisse
942 2217 982 2245 ait

194 2249 309 2276 l’hotius
320 2249 351 2284 in
370 2249 541 2284 praecedente
557 2250 670 2283 epistola
685 2258 714 2277 n.
724 2250 752 2277 Ξ.

230 2284 286 2319 (Mi)
319 2283 513 2320 Permanentes
527 2284 641 2317 scilicet,
656 2290 737 2320 atque
751 2286 786 2312 ita
801 2286 981 2314 nominandas

194 2320 277 2347 etiam
294 2320 320 2346 in
337 2319 505 2353 hypostatica
518 2320 632 2346 uniOne.
649 2319 743 2354 Neque
762 2321 834 2347 enim
860 2321 925 2348 unio
941 2322 982 2355 ju-

195 2360 264 2391 stam
278 2361 389 2391 causam
402 2355 506 2389 praebet
520 2355 702 2391 heterodoxis,
712 2359 742 2382 ut
755 2363 835 2382 unam
848 2364 898 2391 pro
912 2357 980 2383 dua-

195 2390 247 2417 bus
261 2390 354 2425 tlicant
370 2388 504 2425 naturam.
521 2388 570 2416 Hic
584 2398 675 2425 porro,
690 2395 719 2418 ut
729 2388 857 2423 arbitror;
869 2396 980 2418 contro-

194 2424 292 2453 versiae
307 2424 415 2451 demum
429 2424 511 2451 cardo
525 2424 660 2457 vertitur;
680 2425 734 2452 huc
746 2425 835 2452 omnis
852 2426 981 2453 adversa-

195 2461 299 2487 riorum
316 2459 450 2486 subtilitas
468 2463 495 2486 et
517 2460 702 2494 tergiversatio
719 2460 816 2494 quaerit
833 2460 980 2495 eﬁ‘ugium;

196 2500 227 2522 ut
238 2495 282 2521 tibi
299 2502 349 2521 nos
362 2495 476 2522 dicimus
490 2501 573 2521 unum
589 2495 739 2527 Christum,
756 2495 807 2529 ipsi
818 2503 898 2522 unam
910 2496 982 2523 ailir-

196 2534 272 2557 ment
282 2534 416 2556 naturam.

233 2564 289 2599 (i7)
322 2563 555 2597 Quemadmodum
571 2564 615 2592 hic
624 2563 737 2592 Photius
750 2564 783 2591 ad
794 2565 980 2593 orthodoxiam

196 2598 322 2628 hortatur
337 2599 460 2635 Asutium
477 2598 636 2635 principem,
646 2600 682 2626 ita
691 2603 751 2635 post
764 2600 979 2635 quadringentos

196 2637 282 2663 ferme
293 2641 380 2661 annos
390 2633 584 2661 adhortabatur
595 2634 719 2661 similiter
730 2633 869 2662 Haitonem
882 2633 978 2663 ﬁrme-

195 2671 304 2698 niorum
325 2676 414 2704 regem
441 2668 548 2696 Manuel
570 2669 603 2702 ll,
630 2669 784 2704 patriarcha
800 2669 910 2697 Graecus
924 2691 931 2703 ,
954 2671 983 2698 in

196 2705 310 2740 epistola
327 2705 361 2732 de
379 2711 431 2739 qua
448 2711 498 2740 n_os
517 2711 609 2740 supra,
621 2712 662 2740 7p?
685 2704 743 2737 ιη,
759 2705 840 2740 verba
858 2706 982 2738 iecimus,

197 2738 275 2774 cujus
288 2738 447 2774 particulam
464 2738 560 2775 Latine
573 2739 755 2775 recitabimus.
769 2739 824 2775 Ego
834 2740 914 2775 igitur
927 2741 984 2767 Mo-

198 2775 258 2801 nuel
274 2775 446 2801 acumem'cus
460 2774 624 2809 patriarcha.
641 2779 665 2800 et
679 2775 724 2809 qui
739 2774 839 2801 mecum
849 2779 909 2801 sunt
924 2784 982 2801 nta-

199 2817 256 2842 gna:
267 2814 417 2844 sancta'que
432 2809 706 2843 synoditacraticqimi
717 2809 857 2841 antistites,
880 2809 983 2836 dilecti-

198 2850 247 2878 quc
257 2844 360 2878 Christo
372 2845 528 2874 sacerdotes,
541 2844 637 2878 fratres
649 2844 699 2870 mei
707 2844 734 2870 in
748 2844 858 2870 Domino
868 2849 892 2870 et
903 2845 984 2872 simul

200 2876 324 2910 ministri,
333 2877 417 2904 Deum
431 2876 685 2912 orantet‘optamus,
696 2883 720 2905 te
736 2879 762 2904 in
778 2879 869 2912 primi:
883 2879 982 2907 illumi-

1032 2183 1258 2222 lumen_recipere.
1276 2183 1454 2222 Veritas'enim
1469 2183 1588 2215 Chiistus
1604 2183 1652 2219 cst,
1662 2188 1735 2222 isque
1745 2183 1821 2213 vero:

1031 2219 1072 2245 sui
1093 2220 1258 2252 adoratores,
1275 2221 1319 2255 qui
1330 2222 1414 2256 ipsum
1433 2223 1461 2248 in
1485 2222 1586 2248 duabus
1606 2219 1710 2248 naturis
1733 2223 1822 2249 subsi-

1028 2259 1149 2291 stentem,
1161 2256 1317 2291 totidemque
1325 2257 1557 2290 operationibuajac
1564 2257 1740 2284 voluntatibus
1752 2266 1824 2291 pra:-

1031 2289 1125 2326 ditum,
1138 2290 1252 2326 inrunica
1263 2289 1383 2325 persona.
1397 2293 1553 2326 prazdicant,
1564 2297 1654 2319 sancto
1671 2289 1773 2326 Spiritu
1788 2301 1822 2319 ac

1031 2325 1295 2362 qeritqteilluminut,
1311 2325 1402 2361 suique
1414 2327 1521 2354 caelestis
1532 2328 1604 2361 regni
1615 2328 1678 2362 facit
1692 2325 1821 2354 heredes.

1032 2357 1145 2397 Quod_si
1159 2361 1219 2397 illo,
1229 2357 1324 2397 qua/in
1339 2357 1423 2394 capite
1438 2367 1481 2388 tuo
1498 2367 1546 2392 eu,
1560 2357 1689 2389 "cernendi
1703 2367 1726 2389 et
1749 2361 1822 2397 olfa-

1032 2394 1117 2421 cieadi
1131 2394 1255 2430 facultas.
1272 2395 1356 2423 altera
1372 2397 1619 2431 quidemveritatem
1634 2394 1825 2431 dispiciat,'al-

1033 2433 1089 2455 tera
1102 2435 1191 2457 autem
1208 2431 1320 2458 duarum
1338 2432 1367 2457 in
1381 2431 1482 2459 Christo
1494 2438 1653 2458 naturarum
1668 2432 1748 2459 veluti
1760 2440 1822 2458 un-

1031 2472 1090 2490 sum
1104 2465 1231 2500 percipiat
1239 2473 1248 2497 ;
1262 2466 1350 2492 elateri
1359 2471 1566 2502 consequenter,
1583 2468 1627 2502 qui
1642 2467 1688 2493 tibi
1712 2467 1823 2493 auscul-

1033 2475 1090 2490 aum
1104 2475 1248 2500 perupmt;
1262 2475 1349 2492 caueri
1372 2475 1566 2502 consequenter,
1601 2475 1626 2493 ut
1642 2475 1688 2493 um
1712 2475 1822 2493 auscul-

1033 2503 1105 2537 tant,
1117 2504 1272 2537 tuorumque
1286 2500 1467 2535 beneﬁciorum
1481 2507 1559 2536 gustu
1576 2475 1713 2537 fluuntur,
1724 2501 1822 2535 hujus—

1034 2534 1105 2571 modi
1123 2534 1238 2562 aemilius
1250 2536 1332 2565 ducti.
1347 2542 1444 2563 rectum
1461 2534 1557 2571 dogma
1576 2534 1727 2567 admittant,
1741 2534 1823 2570 atque

1035 2569 1070 2594 ad
1091 2574 1209 2597 nostram
1234 2571 1442 2598 communionem
1457 2569 1590 2603 accedent,
1613 2575 1667 2599 etc.
1690 2569 1822 2598 Dominus

1034 2603 1104 2641 Deus
1116 2610 1217 2641 noster,
1235 2606 1281 2640 qui
1300 2606 1372 2632 adest
1394 2607 1492 2633 cunctis
1518 2607 1698 2633 invocantibus
1712 2615 1749 2638 se,
1774 2607 1822 2641 qui

1033 2639 1217 2675 misericordia:
1227 2639 1282 2667 sua!
1289 2641 1418 2667 miracula
1429 2642 1550 2674 ostendit,
1565 2646 1589 2668 et
1603 2642 1721 2675 dispersa
1731 2639 1824 2668 omnia

1032 2674 1068 2698 ad
1086 2675 1215 2702 unitatem
1239 2675 1362 2708 deducit;
1384 2676 1405 2703 is
1416 2677 1520 2703 utinam
1542 2681 1616 2703 tuam
1630 2677 1825 2710 nobilissimam

1032 2714 1212 2745 potentemque
1239 2711 1340 2744 regiam
1361 2719 1499 2745 personant
1524 2719 1582 2737 cum
1599 2712 1705 2738 ecclesia
1731 2716 1825 2738 nostra

1033 2744 1194 2781 conjungat!
1210 2753 1310 2781 eosque
1319 2744 1405 2772 omnes
1420 2747 1464 2781 qui
1487 2747 1515 2773 in
1531 2746 1591 2780 ﬁdei
1606 2747 1736 2772 unitatem
1759 2754 1825 2773 con-

1031 2777 1168 2815 ﬂuaerint,
1187 2780 1232 2806 abs
1247 2777 1362 2815 qualibet
1377 2777 1536 2808 aduersitaté
1551 2781 1677 2808 tueatur!
1697 2787 1750 2808 etc.

1031 2814 1129 2885 mgis;
1155 2814 1412 2843 Animadvertamus
1424 2824 1525 2844 morem
1539 2816 1658 2844 donandi
1671 2823 1829 2844 sacrasm

1089 2858 1113 2876 la
1131 2869 1139 2877 υ
