1940 3087
151 153 204 186 71'!

732 153 1000 185 EPISTOLARUM
1021 152 1134 183 LIBER
1153 154 1178 184 Ι.

1728 151 1780 183 718

186 207 328 243 Reliquum
348 214 397 240 est,
412 213 441 236 ut
454 216 503 243 pro
518 209 564 236 hac
580 208 680 244 duplici
703 208 791 236 Photii
807 209 905 243 scripto
919 208 1014 244 gratiae
1032 213 1148 243 agantur
1163 207 1219 235 RR.
1236 207 1361 234 Patrilms
1381 208 1535 235 monasterii
1549 207 1637 235 Veneti
1652 207 1780 235 Mechita-

150 253 238 286 ristis.
265 254 310 289 qui
321 253 459 287 splendida
475 262 580 281 morum
593 254 739 285 honestate,
756 253 882 281 bonorum
902 253 1046 288 ciliciorum
1071 254 1251 286 multitudine,
1266 253 1385 288 plurima
1401 254 1550 281 litterarum
1565 254 1686 284 scientia,
1704 254 1781 280 editis

150 301 188 324 tot
204 296 289 324 civilis
305 305 440 333 sacraque
455 297 582 324 doctrina:
598 297 684 329 libris,
698 297 853 332 quotidiana
874 297 984 333 denique
1002 297 1165 332 amplianda
1184 297 1352 325 orthodoziaa
1370 298 1471 331 studio,
1489 298 1586 331 optime
1597 297 1629 324 de
1639 302 1714 332 gente
1731 305 1782 324 sua

150 346 174 368 et
189 344 220 368 de
232 341 362 368 catholica
381 340 497 369 Ecclesia
513 341 599 368 meriti
613 346 684 368 sunt.

450 408 564 435 ΕΠΙΣΤ.
582 408 632 435 ΙΛ¹.

291 460 416 496 Μιχαὴλ
436 460 476 494 τῷ
487 461 639 495 θεοσέπτφ
660 460 796 493 βασιλεῖ.

1300 407 1410 436 EPIST.
1429 408 1475 436 XI.

1135 461 1256 488 Micltaeli
1269 461 1425 496 imperatori
1438 469 1454 487 ιι
1467 460 1522 487 Deo
1529 464 1664 487 coronato.

597 547 602 550 Ι
720 517 792 543 Edita
803 525 817 542 a
834 517 984 543 Montaeutio
997 517 1050 550 (ep.
1063 517 1103 548 18,
1124 524 1148 549 p.
1162 517 1213 550 78).

187 572 243 607 Τῆς
254 570 390 607 ὑμετέρας
408 569 572 605 θεοστεφοῦς
585 570 736 605 βασιλείας,
761 571 809 597 καὶ
819 571 857 603 ὡς
873 571 941 606 ἅλη-

1029 570 1112 598 Lecta
1126 578 1208 606 quam
1217 570 1375 604 accepimus
1391 569 1425 597 ab
1443 568 1618 604 imperatoria
1630 576 1694 596 vere
1707 573 1781 603 pote-

151 618 206 650 θῶς
221 618 433 653 αὐτοκράτορος,
444 617 638 653 ἀναλεγόμενοι
648 618 698 652 τὴν
721 617 875 653 ἐπιστολὴν,
891 626 943 653 χα-

153 666 204 701 ρᾶς
214 665 273 699 ἅμα
287 665 334 691 καὶ
350 663 473 699 θάμϐους
487 663 686 699 ἐπληρώθημεν
696 671 704 679 ’
719 663 806 698 χαρᾶς
821 663 881 698 μὲν,
900 663 942 690 ὅτι

151 712 202 746 τὴν
216 710 353 746 ὑμετέραν
382 709 416 736 δι’
431 709 515 744 αὐτῆς
530 708 764 744 εὐηηελιζὸμεθα
792 708 942 743 βασιλείαν,

153 755 244 791 πάσης
260 754 311 788 μὲν
321 753 469 789 ὲπιὸυυλῆς
479 753 530 779 ὐπὸ
539 752 607 779 Θεοῦ
623 752 828 788 φυλαττομένην
843 751 942 779 ἀνωτέ-

154 810 215 838 ραν,
235 802 326 836 πάσης
354 800 382 827 δὲ
400 799 517 835 κρείττω
542 798 763 830 ἐπαναστάσεως,
788 797 894 834 ἐχθρῶν
911 807 942 825 τε

153 848 263 875 πάντων
279 846 458 882 ὑψηλωτέραν
476 845 679 881 βουλευμάτων,
687 845 734 871 καὶ¹
745 844 845 876 παντὸς
856 844 944 880 ἀπηλ-

152 893 291 928 λαγμένην
305 891 400 927 ἐτέρου
417 890 620 926 συμπτώματός
645 899 675 917 τε
696 890 743 917 xa‘t
755 890 943 926 ἀρρωστήμα-

151 948 210 971 τος.
222 938 315 965 Ταῦτα
332 938 419 974 χαρᾶς
433 938 508 973 ἡμᾶς
526 936 711 973 ἀνεκλαλήτου
740 938 787 964 καὶ
812 936 944 971 ἀγαλλιά-

153 995 222 1018 σεως
237 984 393 1020 ἐπλήρωσε·
411 983 510 1019 θάμϐει
524 983 554 1010 δὲ
576 983 792 1018 κατεσχέθημεν,
815 983 862 1010 καὶ¹
876 983 945 1019 πρὸς

152 1032 260 1068 δάκρυα
275 1031 492 1066 κατενέχθημεν,
509 1029 559 1064 τὴν
582 1029 757 1065 ἀνθρωπίνην
775 1029 945 1064 ἀπολοφυρό-

155 1087 232 1115 μενοι
254 1077 425 1112 ματαιότητα
435 1084 443 1092 ο
469 1076 516 1102 καὶ¹
530 1076 605 1107 ὅπως
621 1074 692 1107 τινὲς
714 1075 769 1101 τῶν
781 1074 944 1110 ἀνθρώπων,

154 1124 262 1152 πολλῶν
290 1124 340 1159 μὲν
366 1123 496 1158 χαρίτων,
520 1121 622 1156 πολλῆς
636 1121 665 1148 δὲ
681 1120 760 1156 δόξης
777 1114 944 1155 ἀξιούμενοι,

155 1170 246 1206 κύριοι
261 1170 290 1196 δὲ
317 1168 416 1195 πολλοῦ
433 1168 572 1203 γινόμενοι
594 1166 728 1194 πλούτου·
754 1166 801 1194 καὶ
821 1166 880 1193 δέον
896 1166 946 1201 μὲν

155 1217 279 1248 τούτους,
291 1215 331 1247 οἷς
345 1215 538 1245 ἀπολαύουσιν.
550 1216 673 1250 ἀγαπᾷν⁹
687 1214 734 1241 καὶ
746 1215 780 1241 τὰ
795 1215 882 1241 οἰκεῖα
898 1213 946 1249 μέ-

155 1271 210 1299 τρα
227 1262 450 1293 συνεπίστασθαι,
467 1261 514 1288 καὶ
527 1261 574 1288 τὸν
588 1260 736 1296 εὐεργέτην
760 1259 837 1294 ἄγειν
852 1260 886 1286 δι’
903 1259 947 1286 εὐ·
959 1252 984 1282 Β

157 1309 263 1345 φημίας
278 1309 387 1343 ἀπάσης
405 1307 452 1335 καὶ
466 1307 698 1342 σεδασμιότητος·
710 1307 734 1334 οἱ
747 1305 776 1333 δὲ
788 1306 838 1342 τὴν
848 1305 945 1333 ἐπιθυ-

159 1356 224 1391 μίαν
245 1355 393 1391 ἀκόρεστον
411 1353 620 1389 ἐνδεικνύμενοι,
637 1353 685 1380 καὶ
705 1353 776 1388 πρὸς
788 1353 877 1380 πάντα
890 1352 948 1379 δια-

157 1401 298 1436 πλωθῆναι
318 1401 566 1436 φιλονεικήσαντες,
595 1400 647 1434 τῆς
674 1408 705 1426 τε
734 1400 803 1431 ἰδίας
825 1399 948 1434 κεφαλῆς

158 1448 205 1476 καὶ
222 1447 390 1483 εὐεργέτιδος
402 1446 522 1482 τολμῶσι
542 1445 809 1482 καταφρυάττεσθαι,
831 1446 878 1473 καὶ
902 1446 949 1473 τὸν

158 1495 206 1522 τοῦ
224 1494 384 1529 Σαλμονέως
398 1493 481 1529 μῦθον
494 1493 535 1524 είς
549 1492 629 1529 ἔργον
644 1493 821 1528 προάγουσιν.
845 1491 891 1525 Ἐξ
902 1489 948 1519 ,ὧν

158 1541 189 1568 οὐ
207 1541 287 1575 μόνον
300 1539 354 1566 τῶν
368 1539 493 1572 ἐλπίδων,
505 1539 539 1571 ἃς
557 1538 770 1574 ὀνειροπολοῦσι,
783 1539 830 1565 καὶ
848 1538 891 1573 ἐφ’
905 1534 949 1570 αἷς

158 1586 288 1622 ὠχοῦντο,
303 1585 493 1613 διεκπίπτουσιν
502 1594 510 1602 ο
525 1585 593 1611 ἀλλὰ.
605 1585 652 1611 καὶ
671 1584 760 1611 αὐτῶν
773 1584 887 1616 τούτων,
911 1581 949 1611 ὧν

159 1632 252 1669 δικαίᾳ
273 1631 382 1668 ἐξουσίᾳ
400 1632 448 1659 καὶ
461 1631 591 1668 δεδομένῃ
606 1631 833 1666 καθειστήκεισαν
847 1631 948 1667 κύριοι,

159 1680 273 1711 ιαυτούς
284 1679 408 1714 ἀφρόνως
423 1678 621 1706 ἀπελαύνουσιν
633 1685 640 1693 ·
663 1677 719 1705 οἷον
737 1678 769 1713 δή
793 1687 821 1704 τι
834 1677 878 1705 διά
895 1677 950 1703 τῶν

160 1726 332 1762 γραμμάτων
344 1725 393 1760 (ὡς
408 1725 465 1752 εἴθε
483 1725 521 1760 μὴ
531 1724 639 1759 ὄφελον)
649 1743 657 1756 ,
673 1724 882 1759 κατεμάθομεν,
903 1723 950 1750 καὶ

161 1773 226 1807 περὶ
241 1772 287 1798 τον
302 1771 429 1797 ταπεινὸν
447 1770 591 1806 ἄνθρωπον
605 1771 710 1797 ἐκεῐνον
739 1770 800 1805 (οὐκ
823 1768 881 1797 οἶδα
895 1769 950 1806 γὰρ

161 1818 236 1849 ὅπως
250 1818 352 1854 ἑτέρως
370 1817 457 1848 εῐπω,
473 1817 522 1852 τῆς
536 1816 711 1852 ἀνθρωπίνης
730 1816 950 1852 μιμνησκόμενος

160 1863 330 1897 ἀθλιότητος)
345 1863 403 1894 πῶς
414 1863 467 1889 ὑπὸ
482 1862 531 1898 τῆς
548 1862 626 1897 ὑμῶν
637 1863 785 1898 φιλοδὼρου
801 1862 849 1889 καὶ
864 1871 950 1898 μεγα-

993 619 1073 648 state,
1094 619 1121 643 et
1140 616 1196 643 Deo
1212 619 1342 643 coronato
1356 615 1521 650 principatu,
1536 613 1664 649 epistola,
1683 613 1783 649 gaudio

994 661 1074 689 simul
1086 661 1182 697 repleti
1192 669 1287 689 sumus
1298 666 1325 688 et
1337 660 1527 689 admiratione.
1539 660 1644 688 Gaudio
1654 664 1739 692 certe,
1751 667 1785 687 eo

993 708 1067 742 quod
1085 708 1176 735 laetum
1197 715 1247 743 per
1263 707 1389 735 eamdem
1409 707 1564 742 accepimus
1578 707 1716 739 nuntium,
1732 707 1784 733 im-

993 754 1098 788 perium
1115 759 1237 782 vestrum
1252 758 1329 781 extra
1345 761 1454 780 omnem
1471 752 1682 788 conspirationis
1698 753 1785 780 aleam

993 809 1008 828 a
1023 801 1079 828 Deo
1093 800 1213 836 positum
1227 805 1255 828 et
1269 799 1447 832 custoditum,
1467 806 1549 834 supra
1573 806 1668 827 omnes
1693 799 1785 827 insur-

993 849 1113 884 gentium
1144 848 1364 876 machinationes
1388 846 1581 876 constitutum.
1612 845 1728 872 liberum
1759 849 1787 872 et

993 895 1115 930 quietum
1135 895 1169 922 ab
1189 894 1263 922 omni
1282 894 1337 922 alio
1354 901 1419 921 casu
1434 898 1461 920 et
1480 891 1648 919 inﬁrmitate.
1671 889 1705 917 Et
1728 890 1786 918 hate

993 946 1081 974 erant,
1106 949 1167 977 quae
1180 949 1233 969 nos
1249 941 1350 977 gaudio
1365 939 1549 975 inexplicabili
1566 943 1593 966 et
1605 937 1786 965 exsultatione

993 987 1185 1023 repleverunt:
1199 987 1379 1015 admiratione
1394 993 1476 1021 porro
1494 985 1565 1020 capti
1583 992 1689 1017 sumus,
1710 988 1737 1011 ct
1752 984 1787 1011 ad

994 1034 1127 1069 lacrymas
1143 1033 1232 1061 adacti
1247 1032 1437 1065 effundendus,
1453 1032 1516 1060 dum
1529 1031 1677 1059 humanam
1692 1031 1788 1065 deplo-

994 1088 1087 1108 ramus
1102 1079 1250 1107 vanitatem
1263 1087 1270 1111 ;
1287 1079 1416 1107 nimirum
1433 1086 1494 1105 cum
1508 1085 1562 1104 non
1579 1077 1658 1112 pauci
1672 1077 1727 1104 sint
1739 1076 1786 1112 qui

996 1134 1093 1162 magna
1113 1127 1210 1162 gratia,
1230 1126 1314 1162 gloria
1336 1124 1480 1160 multiplici
1500 1123 1627 1155 ﬂoreant,
1653 1123 1698 1158 qui
1724 1131 1786 1150 cum

995 1172 1153 1209 possideant
1174 1172 1298 1207 ingentes
1316 1178 1394 1207 opes,
1414 1171 1451 1198 ita
1469 1175 1499 1197 ut
1518 1169 1639 1197 contenti
1655 1170 1788 1197 deberent

997 1226 1058 1248 esse
1072 1226 1135 1246 cum
1148 1218 1292 1254 possessis,
1311 1222 1340 1245 et
1355 1217 1495 1252 proprium
1511 1216 1631 1251 ipsorum
1646 1215 1786 1242 modulum

998 1271 1145 1300 agnoscere
1159 1285 1168 1297 ,
1183 1263 1389 1291 benefactorum
1407 1270 1472 1290 vero
1486 1262 1560 1290 omni
1577 1261 1665 1290 laudis
1681 1269 1787 1297 praeco-

997 1311 1057 1343 nio,
1077 1314 1105 1338 et
1125 1310 1303 1338 veneratione
1318 1310 1448 1346 prosequi
1464 1313 1626 1342 teneantur;
1640 1309 1678 1336 illi
1695 1313 1787 1336 tamen

998 1357 1189 1392 inexplebilem
1205 1364 1261 1392 prie
1273 1364 1304 1384 se
1316 1356 1408 1384 lerunt
1428 1356 1616 1391 cupiditatem.
1633 1355 1708 1383 omni
1728 1360 1788 1383 stu—

998 1403 1044 1431 dio
1052 1407 1081 1430 et
1094 1403 1269 1430 contentione
1283 1410 1313 1430 se
1332 1402 1487 1429 immiscent
1505 1397 1643 1434 omnibus,
1662 1401 1691 1428 in
1716 1401 1789 1435 ipso-

998 1457 1059 1477 rum
1073 1453 1156 1485 caput
1174 1449 1285 1484 quidem
1303 1449 1503 1476 benemeritum
1517 1448 1619 1476 audent
1634 1447 1786 1475 tumultuo-

999 1496 1056 1523 sius
1072 1495 1247 1528 insolescere,
1263 1495 1300 1523 ita
1314 1499 1345 1522 ut
1360 1495 1394 1522 de
1410 1494 1555 1523 Salmonea
1572 1493 1689 1521 fabulam
1706 1500 1788 1527 opere

999 1542 1059 1577 ipso
1073 1542 1217 1570 exhibeant
1231 1541 1395 1577 completam
1414 1550 1421 1568 :
1436 1541 1509 1568 unde
1525 1540 1668 1576 contingit,
1685 1544 1716 1567 ut
1733 1548 1789 1568 non

1000 1588 1081 1615 modo
1093 1588 1127 1615 de
1140 1595 1200 1623 spe,
1215 1595 1296 1623 quam
1314 1587 1367 1614 sibi
1382 1595 1432 1622 per
1444 1594 1570 1614 somnum
1584 1585 1788 1619 conﬁnxerant.

999 1638 1028 1661 et
1047 1642 1099 1669 qua
1114 1634 1281 1667 evehuntur,
1296 1633 1437 1666 excidant;
1455 1640 1550 1660 verum
1565 1632 1646 1659 etiam
1661 1639 1711 1667 per
1722 1631 1790 1659 insi-

1000 1682 1130 1717 pientiam
1149 1682 1184 1709 ab
1198 1681 1232 1709 iis
1247 1681 1313 1717 ipsis
1328 1688 1358 1708 se
1372 1680 1566 1712 exterminent,
1587 1687 1703 1714 quorum
1716 1679 1790 1714 justa

1003 1732 1152 1763 potestate,
1164 1728 1287 1755 dominio
1294 1727 1507 1755 etconcessione
1516 1726 1688 1754 fruebantur.
1702 1726 1791 1754 lllius—

1001 1775 1075 1802 modi
1101 1774 1174 1802 istud
1191 1779 1234 1802 est
1249 1773 1321 1809 quod
1337 1773 1458 1808 (utinam
1478 1780 1533 1800 non
1550 1772 1586 1799 ita
1596 1772 1790 1808 contigisset!)

1001 1829 1050 1858 per
1063 1821 1169 1849 litteras
1183 1821 1248 1848 facti
1264 1820 1395 1847 certiores
1407 1818 1602 1852 intelleximus,
1615 1818 1641 1845 in
1656 1818 1703 1846 illo
1716 1818 1792 1852 abje—

1000 1871 1046 1895 cto
1063 1871 1090 1894 et
1110 1866 1251 1894 humiliato
1271 1865 1381 1892 homine
1400 1869 1585 1900 perpetratum
1606 1865 1707 1899 (neque
1717 1864 1791 1892 enim

161 1909 280 1945 λοδώρου
294 1909 384 1942 δεξιᾶς
400 1909 441 1941 είς
454 1909 525 1936 αὐτά
539 1917 591 1935 που
607 1908 642 1935 τά
666 1909 792 1943 σκῆπτρα
809 1908 858 1943 τῆς
871 1909 948 1943 βασι-

1001 1921 1055 1948 quo
1070 1913 1124 1940 alio
1142 1919 1204 1939 eum
1233 1911 1346 1938 nomine
1374 1915 1467 1938 notem
1494 1910 1561 1938 satis
1585 1909 1725 1945 intelligo,
1743 1910 1791 1944 qui

161 1955 236 1987 λείας
250 1955 412 1989 ἀνυψωθεὶς,
429 1954 477 1981 καὶ
490 1954 539 1990 τὴν
554 1954 703 1989 βασίλειαν,
725 1955 750 1980 εί
774 1955 822 1980 καὶ
838 1955 876 1990 μὴ
899 1955 950 1990 τὴν

162 2002 268 2037 κλῆσιν,
297 2001 365 2028 ἀλλὰ
391 2001 441 2036 τὴν
466 2000 591 2033 ἐξουσίαν
620 2000 874 2036 συμμερισάμενος,
895 2001 946 2027 οὐκ

162 2048 288 2084 ἠνεγκεν,
315 2047 354 2079 ὠς
367 2047 445 2082 φασὶ,
460 2047 512 2082 τῆς
534 2047 694 2082 εὐεργεσίας
707 2046 737 2073 τὸ
756 2046 881 2081 μέγεθος,
896 2046 950 2073 οὐδ’

162 2094 287 2130 ἔστερξεν
301 2091 341 2125 οἷς
355 2094 478 2129 ἠξίωται,
498 2093 552 2119 οὐδ’
563 2093 761 2129 εὐχαρίστησεν
772 2091 812 2124 οἷς
827 2093 951 2129 ἀπήλαυ-

165 2149 226 2167 σεν·
243 2140 301 2167 ἀλλ’
332 2140 478 2176 ὑπερόριον
505 2140 550 2166 τὸν
578 2140 646 2167 πόδα
672 2139 766 2173 κινῶν,
797 2139 844 2167 καὶ
858 2141 951 2175 χεῖρας

164 2186 269 2221 ὓὸρεως
279 2185 350 2212 κατὰ
359 2187 408 2220 τῆς
417 2186 586 2221 εὐεργέτιδος
596 2186 805 2221 ἀνατεινάμενος
819 2185 951 2221 κεφαλῆς,

164 2232 231 2258 αὐτό
246 2240 276 2258 τε
291 2231 321 2258 τὺ
335 2231 395 2267 ζῇν,
412 2232 520 2263 καὶτὰς
543 2232 738 2267 ὑπερηφάνους
765 2232 886 2265 ἐλπίδας,
904 2233 952 2259 καὶ

163 2279 199 2306 τὰ
223 2278 326 2314 μάταια
350 2278 507 2313 φυσήματα,
527 2278 642 2314 οἰκτρῶς
660 2278 733 2312 οἴμοι
760 2279 807 2306 καὶ
829 2279 953 2311 ἐλεεινῶς

165 2323 255 2359 ᾣχητο
283 2323 403 2350 λειπών·
430 2323 537 2358 ήλγησα
556 2323 608 2361 μὲν
631 2321 664 2358 (ὧ
678 2324 869 2359 φιλάνθρωπον
890 2325 953 2357 ἐμοὶ

166 2370 213 2396 καὶ
227 2370 387 2404 πανήμερον
401 2369 513 2404 κράτος)
533 2369 616 2404 ἀώρῳ
643 2368 751 2404 θανάτῳ
765 2370 953 2405 παραδοθέντα

165 2415 211 2442 τὸν
223 2416 365 2450 ἄνθρωπον
392 2414 500 2450 μαθών·
514 2415 557 2449 ἐφ’
580 2412 603 2448 ᾧ
613 2415 642 2442 δὲ
654 2415 771 2450 μάλιστα
783 2416 825 2443 ὅτι
844 2418 891 2443 καὶ
904 2425 954 2443 τυ-

167 2461 288 2496 ραννίδος
314 2460 400 2492 διδοὺς
423 2459 519 2495 δίκην,
550 2461 717 2496 είσεπράχθη
748 2460 793 2487 τὸν
829 2460 952 2489 θάνατον.

167 2507 333 2540 Πλάττεσθαι
348 2508 402 2543 γὰρ
415 2507 446 2533 τὺ
460 2507 588 2542 γράμμα,
611 2507 659 2533 καὶ
673 2506 760 2538 ἄλλως
784 2506 853 2539 πῶς,
880 2507 898 2542 ἢ
916 2506 953 2539 ὡς

167 2554 274 2589 ἐδήλου,
288 2554 322 2580 τὰ
340 2553 405 2588 περὶ
420 2554 501 2580 αὐτὸν
513 2552 713 2587 συνενεχθῆναι,
729 2552 762 2578 δι’
788 2549 826 2579 ὧν
850 2553 955 2585 ἐκεῖνος

169 2602 218 2637 μὲν
233 2600 370 2634 στέφεται,
380 2600 454 2627 ἄλλοι
464 2599 494 2626 δὲ
512 2599 653 2634 κόψονται,
672 2600 688 2635 ἡ
709 2598 757 2626 τοῦ
773 2607 821 2626 σου
835 2599 953 2635 κράτους
971 2601 992 2629 D

166 2648 251 2684 ἀρετὴ
261 2648 309 2674 καὶ
320 2647 454 2673 ἐπιείκεια
464 2647 586 2673 ὑπονοεῖν
596 2646 646 2672 οὐκ
657 2646 803 2673 ἐνδίδωσιν.
816 2646 866 2672 Διά
875 2645 954 2672 τοῦτο

168 2693 289 2728 μάλιστα
305 2692 417 2728 καιρίαν
432 2693 536 2728 ἧνεγκα
547 2693 597 2728 τὴν
608 2693 662 2719 ἀπὸ
671 2693 720 2729 τῆς
731 2692 819 2728 λύπης
835 2692 953 2728 πληγήν·

166 2741 200 2768 τά
215 2748 244 2767 τε
258 2740 325 2767 ἀλλα
335 2739 382 2766 ἐπὶ
397 2739 459 2766 νοῦν
478 2739 687 2775 ἀναλαμϐάνων,
698 2740 746 2767 καὶ
762 2740 802 2766 ὃτι
812 2739 956 2776 ἄνθρωπος

168 2787 196 2813 ἐν
210 2785 336 2821 αὐτῷτῷ
359 2787 522 2821 κακουργεῖν
551 2786 724 2822 ἀνάρπαστος
750 2787 883 2822 γεγονὼς,
907 2790 956 2816 καὶ

170 2835 240 2868 μήτε
249 2834 282 2860 τὰ
296 2834 349 2861 ἀπὸ
360 2833 407 2860 τοῦ
423 2833 481 2869 βίου
499 2834 660 2870 μολύσματά
672 2844 701 2862 τε
715 2835 761 2862 καὶ
774 2836 952 2871 ῥυπάσματα,

168 2879 187 2907 ἃ
202 2881 235 2916 τῇ
245 2880 324 2916 ἀθλία
339 2880 425 2917 ταύτῃ
440 2880 519 2916 φύσει
533 2881 605 2916 φιλεῖ
617 2882 816 2918 ἐπιτρίῦεσθαι,
835 2884 890 2915 τοῖς
904 2883 952 2911 δά-

1002 1966 1108 1986 memor
1123 1957 1175 1986 sim
1190 1957 1317 1984 humanae
1336 1956 1470 1991 miseriae)
1490 1956 1535 1983 ille
1559 1960 1665 1983 tantum
1686 1963 1740 1983 non
1758 1956 1793 1983 ad

1003 2004 1079 2040 regni
1091 2009 1198 2039 sceptra
1212 2011 1261 2038 per
1273 2003 1396 2030 dextram
1410 2006 1529 2029 vestram
1549 2002 1707 2029 munificam
1718 2002 1792 2029 exal-

1004 2055 1086 2084 tatus,
1105 2051 1142 2078 ita
1161 2055 1190 2078 ut
1210 2049 1275 2077 licet
1292 2048 1411 2076 nominis
1425 2048 1593 2083 imperatorii
1607 2053 1635 2076 et
1650 2048 1721 2075 tituli
1735 2055 1791 2076 non

1003 2101 1075 2125 esset
1085 2097 1238 2132 particeps,
1253 2100 1416 2131 potestatem
1430 2100 1519 2122 tamen
1535 2099 1625 2122 tecum
1643 2094 1792 2127 dividebat,

1002 2144 1217 2180 magnitudinem
1240 2143 1367 2171 beneﬁcii
1393 2142 1466 2169 ferre
1491 2141 1629 2175 nequivit;
1655 2148 1709 2167 non
1735 2146 1794 2168 erat

1004 2194 1151 2218 contentus
1167 2190 1201 2217 iis
1222 2189 1322 2225 quibus
1339 2188 1390 2215 fuit
1404 2187 1540 2222 dignatus.
1559 2194 1610 2213 nec
1625 2186 1725 2221 gratias
1743 2187 1794 2213 ha-

1005 2236 1087 2264 bebat
1097 2243 1148 2272 pro
1163 2235 1294 2263 t'ruitione
1307 2234 1407 2262 habitis
1419 2253 1427 2265 .
1443 2233 1489 2260 sed
1504 2237 1581 2260 extra
1597 2232 1682 2259 lineas
1696 2232 1792 2266 pedem

1004 2290 1179 2318 promovens,
1195 2286 1223 2309 et
1240 2288 1338 2309 manus
1360 2280 1388 2307 in
1414 2278 1589 2314 opprobrium
1612 2278 1795 2305 benefactoris

1005 2329 1169 2361 rctendens,
1185 2328 1322 2363 capitique
1340 2327 1400 2361 ejus
1423 2325 1579 2356 insidiatus,
1598 2323 1682 2351 vitam
1708 2324 1794 2359 ipsam

1005 2377 1132 2410 tandem,
1149 2376 1342 2404 insolentiores
1358 2381 1421 2409 spes
1446 2381 1526 2405 suas,
1550 2372 1645 2400 inanes
1670 2373 1794 2408 spiritus,

1005 2423 1136 2450 miserum
1153 2423 1207 2450 heu
1221 2427 1250 2450 et
1262 2421 1446 2449 miserandum
1463 2420 1490 2447 in
1506 2419 1628 2452 modum,
1648 2419 1715 2447 abiit
1731 2419 1795 2447 hinc

1007 2469 1174 2504 relinquens.
1195 2467 1299 2496 lndolui
1318 2467 1428 2502 quidem
1446 2465 1474 2502 (0
1493 2466 1649 2494 misericors
1661 2471 1689 2493 et
1708 2465 1796 2493 mitis-

1006 2518 1074 2543 sima
1087 2516 1223 2551 potestas)
1236 2522 1297 2542 cum
1307 2513 1403 2541 rescivi
1415 2513 1567 2540 immatura:
1580 2513 1640 2540 neci
1656 2513 1796 2540 hominem

1006 2562 1119 2595 datum;
1140 2561 1235 2597 magis,
1257 2560 1329 2596 quod
1351 2560 1483 2587 atl'ectata:
1502 2559 1654 2595 tyrannidis
1674 2567 1794 2594 pcenam,

1006 2608 1122 2644 oppetiit
1136 2611 1264 2635 mortem.
1279 2607 1370 2639 Certe,
1386 2613 1439 2634 non
1452 2606 1554 2642 patitur
1569 2606 1661 2634 subire
1675 2607 1797 2633 animum

1004 2662 1096 2681 meum
1110 2653 1295 2688 suspicionem
1313 2657 1412 2680 vestrae
1430 2653 1573 2688 potestatis
1592 2652 1678 2679 virtus
1694 2656 1721 2679 et
1740 2652 1797 2679 ele-

1004 2698 1117 2730 mentis,
1144 2697 1346 2725 commentitias
1372 2697 1480 2724 venisse
1504 2697 1538 2724 ad
1558 2704 1603 2724 me
1617 2697 1731 2728 litteras,
1755 2696 1798 2723 vel

1005 2745 1058 2773 alio
1083 2744 1164 2772 modo
1187 2751 1269 2779 quam
1288 2752 1343 2778 quo
1356 2744 1384 2770 in
1410 2743 1463 2771 illis
1482 2747 1621 2774 narratur,
1641 2749 1702 2776 quae
1721 2741 1798 2769 illum

1007 2790 1210 2819 concemebant
1225 2790 1383 2825 contigisse,
1398 2790 1471 2817 unde
1483 2789 1529 2816 ﬁet
1541 2793 1571 2816 ut
1583 2793 1730 2816 coronetur
1742 2788 1798 2820 ille,

1008 2836 1154 2872 ringantur
1171 2835 1228 2863 alii.
1248 2836 1339 2870 Atque
1357 2835 1422 2863 hinc
1445 2834 1571 2862 lethalem
1596 2842 1612 2861 a
1632 2835 1725 2862 dolore
1742 2842 1799 2862 ac-

1007 2883 1067 2919 cepi
1094 2883 1226 2911 inﬂiclam
1251 2882 1377 2919 plagam,
1400 2882 1464 2909 dum
1496 2881 1627 2910 memoria
1652 2882 1722 2910 inter
1746 2881 1796 2909 alia
