1940 3087
154 163 207 196 ‘119

723 161 855 193 ΡΗΟΤΙΪ
875 162 1128 192 PATRlARCH/E
1147 163 1201 194 ΟΡ.

1728 167 1780 200 ’120

154 218 332 254 reculo.quod
348 218 374 244 in
387 217 448 251 ipso
466 215 648 251 improbitatis
660 221 722 243 actu
739 216 803 243 hinc
820 216 935 251 abripie-

991 225 1088 252 κρυσιν
1100 218 1335 254 ἀπολουσάμενος·
1348 220 1416 256 μήτε
1427 215 1465 247 ὧν
1477 219 1588 256 ἑτέρους
1598 220 1698 254 ᾶδίκως
1713 222 1780 254 ἴσως

153 267 233 294 batur
245 285 253 298 ,
278 265 313 293 ita
334 269 365 291 ut
386 271 475 298 neqtte
496 263 620 298 lacrymis
635 262 752 290 abluerit
771 263 867 290 sordes
880 263 942 290 vita:

153 318 181 341 et
194 313 408 348 inquinamenta,
424 318 484 345 quae
494 310 603 337 miserae
620 314 723 337 naturae
745 313 847 338 nostra;
860 310 942 337 astri-

153 364 195 387 cta
211 359 299 386 solent
308 357 442 384 inhaerere
453 364 460 388 ;
473 364 522 383 nec
538 356 573 382 ob
588 355 710 390 injurias,
725 355 824 390 quibus
842 356 940 383 fortas-

155 404 193 431 sis
208 403 275 430 alios
290 402 428 433 affecerat,
452 401 534 428 ullam
558 400 709 427 declararat
733 401 938 435 paenitentiam;

154 458 205 477 nec
219 451 274 477 ullo
290 450 343 477 alio
358 450 438 478 modo
455 448 579 476 Judirem
599 448 628 475 in
643 448 728 476 altera
743 449 799 475 vita
818 447 939 474 futurum

153 497 329 525 conciliatum
348 497 413 524 dare
428 497 586 528 studuerat;
603 495 693 530 itaque
707 495 813 522 delictis
825 499 940 522 onustus

151 543 186 571 ad
205 544 327 579 ejusdem
353 543 470 570 tribunal
493 542 670 570 transmissus
689 546 732 569 est
751 549 758 568 :
785 541 832 568 sed
858 544 940 576 prout

152 593 257 616 secreto
277 590 324 617 Dei
340 589 443 623 judicio
465 589 603 616 decretum
621 588 719 621 fuerat,
737 587 775 615 ita
793 587 840 614 ille
857 587 939 614 finem

152 636 214 662 vitze
239 634 456 669 consequebatur
477 642 484 660 :
503 633 596 660 multis
617 632 727 667 quidem
748 636 853 666 stupor,
880 638 936 657 non

152 682 247 717 paucis
265 681 425 713 admonitio,
449 679 610 714 quibusdam
634 677 847 709 commiseratio,
876 677 939 712 plu-

153 728 229 755 ribus
248 727 381 754 lmsitatio
398 726 489 754 ﬁebat.
505 725 545 752 Tu
565 730 667 755 autem,
682 731 809 759 rogamus
825 723 932 759 (regum

152 775 236 802 decus
259 777 287 800 et
310 775 510 802 ornamentum,
539 770 633 805 patria:
657 769 797 801 exaltatio,
827 767 937 803 imperii

152 819 378 850 stabilimentum,
397 822 425 845 et
439 816 657 844 Christianorum
677 815 811 847 omnium,
825 815 871 850 qui
887 822 936 842 vo-

151 871 248 893 cantur
260 872 346 897 amor,
359 863 463 893 delicia!
477 863 658 898 etgloriatio),
667 861 828 897 quantocius
842 861 876 888 ad
888 868 937 888 nos

151 913 295 945 festinato;
316 911 400 939 redde
422 910 584 937 desiderium
601 907 835 940 desiderantibus;
851 906 937 934 libera

151 966 201 985 nos
218 957 336 992 primum
352 964 367 983 a
387 955 555 990 captivitate,
573 962 639 989 qua,
664 953 729 981 dum
754 958 800 980 tua
815 960 938 980 caremus

151 1003 307 1040 pnesentia,
334 1002 509 1034 detinemur;
534 1000 615 1028 retice
640 1006 691 1026 nos
706 1003 734 1026 et
753 998 883 1034 refrigerat
904 999 938 1027 ab

150 1049 195 1076 illa
215 1048 336 1079 miseria,
352 1055 405 1082 qua
424 1046 589 1076 detinemur.
610 1046 675 1073 dum
687 1049 774 1073 vestra
791 1052 847 1072 non
861 1045 939 1072 adest

151 1102 270 1130 praesens
281 1093 456 1127 refocillatio;
469 1092 582 1128 gratiam
595 1093 665 1119 hanc
673 1092 787 1127 primam
800 1095 830 1119 et
840 1090 937 1126 praeci-

150 1149 232 1178 puam
258 1140 319 1168 urbi
345 1144 398 1167 tua:
411 1144 439 1167 et
464 1139 570 1166 civibus
595 1137 745 1173 impertito,
773 1141 804 1164 ut
831 1136 938 1172 possint

151 1187 275 1215 manibus
301 1191 329 1213 et
352 1186 455 1221 linguis
468 1192 530 1212 cum
554 1184 679 1212 libertate
705 1191 812 1211 summa
831 1183 938 1210 debitas

151 1234 199 1261 tibi
215 1232 436 1264 acclamationes,
452 1236 490 1263 et,
506 1238 523 1257 o
539 1230 698 1265 imperator,
713 1236 805 1257 coram
820 1228 937 1260 eﬂ'erre;

150 1284 242 1316 tangat
257 1284 283 1306 te
297 1279 411 1306 canities
435 1277 504 1305 sacri
520 1281 548 1304 et
563 1275 711 1303 venerandi
738 1280 865 1308 senatus;
891 1274 940 1302 ﬂe-

151 1330 225 1353 ctere
241 1324 274 1352 ad
290 1331 386 1359 preces
400 1323 588 1357 cujuscunque
599 1321 696 1352 relatis,
708 1319 840 1351 virorum,
858 1319 938 1346 femi-

149 1379 258 1403 narum,
274 1370 443 1405 puellorum:
457 1372 530 1396 certe
545 1367 618 1394 enim
636 1373 733 1394 omnes
758 1373 814 1393 uno
835 1365 936 1398 animo,

150 1426 216 1446 voce
231 1425 295 1447 una.
313 1415 508 1443 dominationis
520 1418 617 1441 vestrm
642 1412 814 1447 praesentiam
835 1411 937 1446 elilagi-

150 1469 216 1492 tant.
228 1462 306 1496 Quod
316 1462 338 1489 si
352 1461 423 1496 apud
436 1465 462 1487 te
472 1460 561 1487 locum
573 1459 671 1486 habeat
680 1466 747 1486 cura
759 1463 786 1484 et
798 1462 938 1493 respectus

149 1508 232 1543 (quod
254 1507 312 1534 scio
332 1506 372 1533 sic
398 1504 516 1539 habere)
541 1503 742 1538 archiprazsulis
767 1503 817 1535 tui,
847 1503 936 1537 ipsum

993 263 1145 296 ἐκάκωσεν,
1174 264 1244 300 ὑπὲρ
1270 261 1373 292 τούτων
1406 261 1551 301 μετάνοιάν
1574 266 1778 303 ἐνδειξάμενος·

992 309 1056 344 μήθ’
1070 310 1171 345 ἑτέρως
1182 319 1240 342 πως
1253 310 1298 338 τὸν
1310 311 1413 338 ἐκεῖθεν
1431 312 1534 348 Κριτὴν
1550 312 1656 347 φθάσας
1671 313 1782 346 ὲξιλεώ-

993 353 1217 388 σασθαι·οὖτως,
1245 356 1337 388 αὐτοῖς
1361 357 1490 392 φορτίοις,
1522 358 1591 392 πρὸς
1619 358 1654 385 τὰ
1675 359 1780 386 ἐκεῖθεν

990 400 1177 436 παρεπέμφθη
1191 401 1386 437 δικαιωτήρια·
1406 403 1465 429 ἀλλ’
1481 404 1585 436 ἐκεῖνος
1602 405 1651 439 μὲν
1673 405 1711 437 ὡς
1726 406 1780 432 τῶν

990 445 1037 472 τοῦ
1047 446 1114 473 Θεοῦ
1129 448 1273 482 κριμάτων
1289 447 1397 475 ἐδίκασε
1409 449 1440 475 τὺ
1460 450 1625 486 ἀπόρρητον,
1644 450 1716 478 οὓτω
1732 451 1780 477 καὶ

990 492 1035 518 τὸν
1049 492 1106 527 βίον
1126 494 1342 529 κατεστρέψατο-
1356 494 1465 526 πολλοῖς
1474 496 1535 531 .μὲν
1557 496 1698 532 ἔκπληξις,
1714 497 1780 523 πολ-

990 537 1045 570 λοῖς
1055 538 1083 565 δὲ
1095 540 1294 575 σωφρονισμδς,
1310 541 1416 572 πολλοῖς
1429 541 1451 568 δ’
1466 541 1549 574 ἕλεος,
1562 542 1666 569 πλείοσι
1676 543 1698 569 δ’
1710 543 1780 570 ἀπο-

992 584 1037 619 ρία
1051 584 1181 619 γεγονώς.
1198 586 1284 618 Αὐτὸς
1296 587 1324 613 δὲ
1338 584 1371 622 (ὧ
1384 587 1515 623 βασιλέων
1529 587 1722 623 καλλώπισμα,
1731 589 1779 616 καὶ

990 630 1040 666 τῆς
1054 631 1182 666 πατρίδος
1196 632 1342 668 άνύψωμα,
1361 634 1408 661 καὶ
1420 634 1472 669 τῆς
1485 635 1622 666 πολιτείας
1634 635 1777 671 ὀχύρωμα,

989 677 1038 702 καὶ
1054 677 1162 704 πάντων
1176 675 1217 709 οἷς
1237 678 1267 704 τὸ
1289 677 1337 705 τοῦ
1354 678 1474 715 Χριστοῦ
1489 680 1669 715 ἐπικέκληται
1681 680 1777 716 ὄνομα,

990 722 1174 758 πολυέραστον
1185 724 1388 761 σεμνολόγημα)
1401 723 1452 762 ἧκε
1464 726 1533 762 πρὸς
1543 727 1617 762 ἡμᾶς
1641 725 1690 762 τὴν
1701 727 1779 762 ταχί-

989 777 1066 804 στηψ
1091 769 1191 802 ἀπόδος
1213 771 1269 803 τοῖς
1286 770 1398 798 ποθοῦσι
1419 772 1465 799 τὸν
1497 772 1682 808 ποθούμενον·
1697 773 1778 808 ῥῦσαι

989 815 1097 849 πρῶτον
1110 815 1160 851 τῆς
1186 816 1376 852 αἰχμαλωσίας
1392 818 1476 853 ἡμᾶς,
1502 818 1537 854 ἢν
1556 819 1714 854 ὑπέστημεν
1729 819 1777 846 σοῦ

990 860 1181 896 στερηθέντες”
1194 861 1330 896 ἀνάψυξον
1346 863 1420 899 ἡμᾶς
1441 863 1490 899 τῆς
1512 864 1710 900 ταλαιπωρίας,
1729 865 1780 900 ὑφ’

988 903 1022 942 ἧς
1036 907 1219 942 κατεχόμεθα,
1233 909 1283 944 τῆς
1301 909 1438 945 ὑμετέρας
1449 911 1616 946 παραψυχῆς
1632 911 1661 938 οὺ
1675 912 1779 947 παρού-

990 961 1039 989 σης
1050 961 1058 969 ·
1077 953 1121 985 δὸς
1134 954 1215 990 χάριν
1231 955 1344 992 ταύτην,
1357 957 1403 983 καὶ
1425 957 1537 993 πρώτην
1560 958 1609 985 καὶ
1633 958 1776 994 μεγίστην,

987 1001 1021 1035 τῇ
1038 1001 1070 1035 σῇ
1088 1000 1174 1033 πόλει,
1187 1001 1235 1028 καὶ
1250 1002 1308 1034 τοῖς
1323 1003 1379 1034 σοῐς
1390 1003 1525 1037 πολίταις,
1539 1003 1570 1030 τὸ
1585 1005 1777 1039 πεπαρῤησια-

989 1044 1102 1080 σμέναις
1116 1045 1163 1072 καὶ
1178 1045 1257 1081 χερσὶ
1267 1047 1314 1073 καὶ
1326 1046 1474 1081 γλώσσαις,
1499 1048 1548 1084 τὴν
1561 1050 1775 1084 κεχρεωστημέ-

988 1097 1037 1123 νην
1055 1089 1205 1125 εὐφημίαν,
1222 1091 1307 1118 καὶτὸ
1325 1092 1514 1129 αὐτοκράτορα
1530 1093 1572 1120 σοὶ
1586 1094 1778 1129 προσφθέγξα-

989 1135 1068 1161 σθαι·
1096 1134 1274 1171 δυσωπήθητι
1298 1136 1348 1171 τὴν
1371 1136 1468 1163 πολιὰν
1480 1137 1530 1172 τῆς
1562 1137 1703 1173 αἰδεσίμου
1728 1137 1777 1164 καὶ

990 1181 1065 1216 ἱερᾶς
1089 1181 1258 1216 συγκλήτου·
1286 1182 1463 1217 δυσωπήθητι
1490 1182 1580 1217 πάσης
1602 1183 1711 1218 ἡλικίας
1727 1183 1777 1218 τὴν

988 1227 1136 1262 ὲξαὶτησιν,
1156 1227 1261 1263 ἀνδρῶν
1273 1248 1281 1260 ,
1297 1228 1447 1263 γυναικῶν,
1465 1229 1584 1264 παίδωνρ
1604 1228 1706 1261 πάντες
1721 1231 1778 1265 γὰρ

990 1274 1040 1308 μιᾷ
1049 1271 1156 1308 γνώμῃ,
1170 1274 1217 1300 καὶ
1230 1274 1280 1309 μιᾷ
1293 1275 1381 1309 φωνῇ,
1393 1274 1442 1309 τὴν
1454 1274 1502 1301 τοῦ
1513 1274 1645 1309 ὑμετέρου
1658 1274 1778 1309 κράτους

987 1318 1331 1356 ἑξαιτοῦνταιπαρουσίαν.
1347 1320 1378 1347 Εἰ
1392 1320 1420 1346 δὲ
1437 1320 1479 1346 σοί
1497 1328 1561 1347 ποτε
1576 1320 1623 1347 καὶ
1648 1321 1662 1348 ὁ
1681 1321 1778 1356 ἀρχιε-

989 1365 1052 1400 ρεὺς
1068 1366 1097 1392 ὲν
1112 1365 1184 1400 λόγῳ
1212 1365 1260 1392 καὶ
1275 1366 1395 1400 φροντίδι
1407 1366 1564 1401 νενόμισται
1585 1364 1655 1402 (οἰδα
1679 1365 1708 1393 δὲ
1733 1367 1776 1392 ὃτι

987 1411 1154 1446 νενόμισται)
1170 1411 1250 1438 αὐτὸν
1265 1411 1308 1438 σοὶ
1324 1413 1453 1448 παρεῖναι
1464 1412 1569 1448 νόμιζε,
1585 1414 1631 1440 καὶ
1653 1415 1686 1449 τῇ
1702 1415 1777 1449 χειρὶ

986 1457 1036 1492 τὴν
1051 1458 1132 1493 χεῖρα
1146 1457 1294 1493 λαὸόμενον
1306 1458 1395 1485 ἕλκειν
1406 1460 1475 1495 πρὸς
1485 1460 1535 1495 τὴν
1552 1460 1602 1495 σὴν
1621 1460 1711 1493 πόλιν,
1727 1461 1776 1487 καὶ

987 1503 1032 1529 τὸν
1045 1502 1092 1530 τοῦ
1103 1503 1170 1530 Θεοῦ
1190 1504 1262 1537 ναὸν,
1291 1505 1334 1539 ἐφ’
1345 1501 1367 1539 ᾧ
1393 1505 1443 1537 τὰς
1470 1506 1580 1538 ἐλπίδας
1591 1507 1709 1542 ἀνέχεις,
1727 1508 1776 1535 καὶ

149 1554 196 1582 tibi
217 1553 289 1588 (lnge
303 1559 394 1579 coram
415 1551 520 1582 adesse,
540 1553 567 1577 et
590 1557 674 1577 manu
704 1556 814 1575 martum
836 1555 935 1583 appre-

988 1549 1055 1585 πρὸς
1070 1552 1105 1576 τὰ
1118 1550 1166 1585 τῆς
1192 1549 1331 1585 βασιλείας
1350 1551 1499 1587 ἀνάκτορα.
1523 1552 1578 1579 Ναὶ
1609 1554 1709 1586 πάντες
1725 1554 1775 1580 σοῦ

148 1599 262 1626 lieusam
281 1598 315 1625 ad
335 1597 470 1632 propriam
494 1595 652 1630 pertrahere
670 1594 817 1626 civitatem,
833 1594 867 1620 ad
889 1593 936 1620 Dei

149 1645 292 1680 templum,
312 1643 385 1678 apud
405 1649 486 1677 quem
510 1649 572 1676 spes
586 1641 720 1675 repositas
735 1640 829 1671 habes,
844 1639 877 1666 ad
892 1639 936 1674 ip-

148 1691 206 1718 sius
214 1689 320 1724 imperii
329 1687 456 1715 sacraria.
465 1687 555 1718 Certe,
568 1686 615 1713 tibi
626 1685 811 1720 supplicamus
822 1692 933 1717 omnes;

147 1744 212 1772 spes
233 1742 342 1763 nostras
364 1734 430 1766 noli,
449 1740 552 1768 quaeso,
578 1731 751 1766 pudefacere,
766 1735 814 1758 aut
839 1738 935 1765 preces

147 1784 272 1818 rejicere.
295 1782 442 1816 Speramus
457 1779 531 1807 enim
556 1779 584 1806 in
593 1778 649 1806 Deo
670 1786 735 1805 vero
760 1783 854 1805 nostro
870 1777 935 1805 .lcsu

146 1829 255 1857 Christo
268 1828 389 1855 futurum
413 1834 484 1858 esse,
511 1831 542 1853 ut
555 1833 617 1853 cum
633 1825 666 1852 ad
682 1825 782 1860 regiam
801 1824 872 1851 hanc
891 1832 936 1851 ur-

146 1875 206 1902 bem
225 1879 316 1902 vestra
332 1873 452 1908 potentia
476 1876 637 1904 revertetur,
660 1871 786 1898 maeroris
809 1870 935 1898 tenebras

145 1929 160 1947 a
177 1920 315 1955 republica
335 1919 465 1954 depelles.
486 1918 606 1946 hostium
622 1921 650 1944 et
665 1917 838 1944 inimicorum
858 1916 934 1944 inso-

145 1966 242 1993 lentias
262 1965 347 2000 magis
369 1966 458 1992 adhuc
472 1965 611 2000 magisque
625 1963 789 1995 contundcs,
808 1962 932 1994 consilio,

145 2012 302 2047 prudentia,
321 2010 429 2038 militari
453 2011 608 2045 disciplina,
632 2010 757 2044 superior
780 2008 930 2041 deviceris;

144 2059 225 2093 idque
245 2065 292 2092 per
311 2057 537 2084 intercessionem
554 2057 732 2084 sanctissime
753 2055 798 2082 Dei
818 2055 933 2090 genitri-

143 2105 194 2136 cis,
209 2109 237 2132 et
248 2103 371 2131 omnium
384 2108 550 2130 sanctorum.
569 2103 668 2129 Amen.

445 2156 556 2185 EPIST.
572 2156 632 2184 ΧΠ.

488 2216 591 2243 Eidem.

986 1594 1113 1629 δεόμεθα,
1131 1595 1169 1631 μὴ
1186 1595 1368 1632 καταισχύνῃς
1385 1596 1463 1632 ήμῶν
1477 1597 1527 1628 τὰς
1538 1598 1648 1630 ἐλπίδας
1662 1600 1708 1625 καὶ
1726 1599 1776 1634 τὴν

987 1640 1104 1674 αῐτησιν.
1125 1639 1293 1674 Πιστεύομεν
1306 1641 1360 1676 γὰρ
1372 1642 1400 1668 ὲν
1415 1642 1525 1677 Χριστῷ
1546 1643 1646 1678 Ἰησοῦ,
1655 1644 1694 1679 τῷ
1705 1644 1776 1679 ἁλη-

988 1683 1052 1720 θινῷ
1064 1684 1124 1720 Θεῷ
1139 1685 1229 1720 ἡμῶν,
1242 1685 1281 1717 ὡς
1306 1686 1375 1721 πρὸς
1398 1687 1448 1722 τὴν
1464 1687 1587 1722 βασιλίδα
1613 1688 1699 1720 πόλιν,
1725 1691 1775 1716 τοῦ

987 1729 1122 1764 ὑμετέρου
1129 1729 1247 1764 κράτους
1262 1731 1500 1764 ἐπανατέλλοντος,
1512 1733 1616 1760 καὶτοῦ
1628 1733 1713 1768 ζόφου
1724 1735 1776 1770 τῆς

986 1774 1105 1809 ἀθυμίας
1121 1775 1171 1811 τὴν
1186 1776 1323 1803 πολιτείαν
1338 1777 1430 1809 λύσεις
1441 1798 1448 1810 ,
1464 1779 1512 1805 καὶ
1532 1778 1586 1805 τῶν
1610 1780 1716 1815 ἐχθρῶν
1733 1780 1774 1808 ἔτι

986 1820 1086 1855 μᾶλλον
1099 1821 1147 1847 καὶ
1160 1821 1296 1857 πολεμίων
1306 1821 1337 1848 τὸ
1351 1823 1479 1859 φρόνημα
1493 1825 1682 1858 ταπεινώσεις,
1690 1825 1774 1862 βουλῇ

985 1867 1033 1893 καὶ
1047 1866 1154 1893 συνέσει
1171 1867 1218 1893 καὶ
1229 1869 1289 1899 ταῖς
1303 1871 1500 1904 στρατηγικαῖς
1517 1870 1654 1905 μελέταις,
1668 1871 1699 1898 τὸ
1709 1873 1773 1898 κατ’

979 1912 1072 1939 αὐτῶν
1086 1914 1186 1948 κράτος
1213 1914 1419 1950 ἀναδεχόμενος·
1435 1915 1591 1951 πρεσϐείαις
1611 1917 1660 1952 τῆς
1683 1918 1772 1954 ὑπερ-

983 1959 1063 1994 αγίας
1081 1959 1222 1994 Θεοτόκου,
1239 1961 1286 1987 καὶ
1295 1961 1404 1988 πάντων
1420 1961 1473 1989 ’τῶν
1488 1963 1586 1997 ἁγίων.
1604 1963 1701 1999 Ἀμήν.

1288 2167 1398 2195 ΕΠΙΣΤ.
1413 2168 1465 2198 IB'.

1302 2223 1344 2256 Τῷ
1358 2225 1447 2257 αὐτῷ.

715 2273 787 2300 Edita
799 2282 814 2300 a
825 2275 974 2303 Montacutio
984 2278 1036 2310 (ep.
1048 2277 1086 2309 19,
1100 2284 1126 2310 p.
1140 2278 1190 2310 80).

180 2321 325 2350 Recessisti
340 2329 355 2348 a
370 2321 459 2352 nobis,
471 2325 499 2348 et
511 2328 561 2347 nos
573 2327 589 2347 a
603 2320 823 2356 nobismetipsis;
833 2321 929 2349 viven-

144 2375 185 2397 tes
211 2377 264 2396 non
289 2368 415 2400 vivimus,
429 2375 480 2395 nec
496 2374 639 2394 movemur
655 2367 732 2395 moti.
749 2367 827 2400 Quod
841 2368 863 2396 si
876 2369 928 2396 Do-

142 2415 208 2442 mini
224 2414 388 2449 promissum
400 2413 560 2448 dignaretur
575 2417 674 2440 nostra:
689 2413 852 2441 humilitatis
862 2421 926 2448 pre-

142 2461 220 2488 cibus
235 2468 358 2487 annuere
370 2480 378 2492 ,
402 2459 443 2486 vel
458 2458 566 2486 Cretam
587 2459 746 2495 Byzantium
766 2459 929 2487 transferre-

141 2513 214 2539 mus,
224 2506 267 2534 vel
277 2505 436 2542 Byzantium
449 2513 511 2533 cum
522 2505 670 2541 nobisipsis
680 2505 768 2533 Cretae
783 2505 928 2541 copulare-

141 2560 217 2580 mus:
231 2552 278 2579 sed
290 2552 410 2579 moriens
424 2552 497 2579 unde
512 2551 541 2579 lit
552 2557 582 2579 ut
592 2552 717 2584 scribam,
731 2555 778 2578 aut
789 2556 819 2579 ut
834 2557 928 2579 mutus

141 2598 249 2633 loquar?
265 2598 374 2625 unicum
391 2598 414 2625 si
428 2597 533 2631 dixero,
547 2598 686 2626 silentium
702 2601 793 2624 teneo.
806 2597 927 2631 Festina,

140 2651 157 2670 ο
172 2651 266 2679 regum
278 2647 306 2670 et
317 2643 433 2670 ﬁliorum
448 2643 548 2670 decus!
566 2648 594 2670 et
605 2643 647 2670 vel
660 2650 711 2670 nos
726 2643 848 2678 captivos
860 2643 930 2671 Crev-

142 2695 197 2716 tam
220 2689 322 2721 ducito,
348 2689 391 2717 vel
409 2688 574 2724 Byzantinos
599 2689 633 2717 de
651 2689 809 2724 captivitate
830 2689 925 2721 libera,

141 2735 189 2769 qui
207 2736 330 2770 captivos
350 2743 366 2763 a
390 2739 537 2770 conspectu
565 2740 612 2763 tuo
635 2735 752 2764 detineri
776 2739 832 2763 tam
858 2735 928 2763 male

145 2780 242 2808 terunt.

1024 2323 1159 2358 Ἀπῆλθες
1180 2323 1228 2358 ἀφ’
1251 2324 1340 2359 ἡμῶν,
1356 2327 1404 2352 καὶ
1417 2326 1498 2360 mni;
1518 2327 1565 2362 ἀφ’
1584 2328 1703 2356 ἑαυτῶν·
1720 2332 1772 2359 καὶ

983 2369 1075 2405 ζῶμεν
1085 2369 1115 2396 οὐ
1133 2369 1244 2403 ζῶντες,
1254 2370 1302 2397 καὶ
1316 2371 1467 2406 κινούμεθα
1486 2372 1523 2408 μὴ
1545 2373 1710 2409 κινούμενοι.
1738 2377 1772 2403 Εἰ

982 2415 1010 2442 δὲ
1023 2415 1053 2442 τὸ
1064 2416 1202 2450 Κυριακὺν
1219 2416 1381 2452 ἐπάγγελμα
1394 2419 1535 2453 προσεῖναι
1556 2419 1633 2454 ἠξίου
1650 2423 1681 2457 τῇ
1699 2423 1772 2457 ἠμε-

982 2462 1049 2497 τέρᾳ
1065 2462 1291 2499 τεταπεινωμένῃ
1309 2463 1387 2498 εὐχῇ,
1414 2464 1432 2499 ἢ
1448 2464 1497 2498 τὴν
1512 2465 1627 2502 Κρήτην
1652 2467 1691 2502 τῷ
1715 2468 1770 2494 Βυ-

982 2506 1083 2542 ζαντίῳ
1096 2508 1315 2543 μετεστήσαμεν,
1329 2508 1346 2544 ἢ
1364 2509 1395 2535 τὺ
1409 2509 1565 2542 Βυζάντιον,
1592 2511 1652 2546 μεθ’
1676 2513 1771 2548 ἡμῶν,

981 2554 1014 2589 τῇ
1029 2554 1128 2590 Κρήτῃ
1143 2554 1314 2589 συνήψαμεν.
1332 2554 1413 2581 Ἀλλὰ
1428 2556 1487 2587 πῶς
1499 2557 1599 2591 γράφω
1606 2557 1705 2590 θανὼν,
1721 2559 1772 2586 καὶ

983 2599 1065 2633 σιγῶν
1080 2599 1159 2630 λάλος
1172 2600 1299 2635 γίνομαι;
1314 2600 1342 2626 ἓν
1353 2600 1438 2628 είς-»ὼν
1449 2603 1638 2638 σιωπήσομαι·
1654 2604 1773 2639 τάχυνον

983 2641 1017 2680 (ὧ
1034 2645 1165 2680 βασιλέων
1194 2645 1255 2680 ἐμοὶ
1280 2645 1328 2673 καὶ
1351 2646 1484 2681 τέχνωνει
1509 2647 1735 2685 ὲγκαλλώπισμα)
1752 2651 1773 2685 ἢ

982 2689 1031 2725 τὴν
1045 2690 1159 2726 Κρήτην
1168 2689 1357 2726 αἰχμαλώτους
1379 2692 1462 2726 ἄγων,
1479 2692 1496 2728 ἦ
1522 2693 1585 2725 τοὺς
1606 2694 1771 2728 Βυζαντίους

983 2737 1045 2772 (τῆς
1064 2738 1113 2772 σῆς
1129 2738 1184 2773 γάρ
1198 2738 1373 2773 δυστυχοῦσιν
1387 2739 1475 2774 ὅψεως
1491 2739 1540 2776 τὴν
1568 2741 1771 2777 αἰχμαλωσίαν)

983 2782 1031 2818 τῆς
1045 2783 1232 2818 αἰχμαλωσίας
1243 2783 1403 2820 ἐλευθερῶν.

780 2838 895 2866 VARle
912 2838 1105 2868 LECTIONES
1111 2861 1118 2869 .

175 2897 191 2916 «ι
205 2891 249 2920 to.
