1940 3087
147 132 195 167 721

445 190 558 217 ΕΠΙΣΤ.
574 190 624 216 1Γ’.

153 248 332 283 Ἐγκύκλιος
342 247 489 280 ἐπιστολὴ
501 247 577 282 πρὸς
601 247 673 280 τοὺς
695 247 752 280 τῆς
769 247 930 281 Ἀνατολῆς

181 282 408 317 ἀρχιερατικοὺς
433 285 572 316 θρόνους,
605 282 829 316 Ἀλεξανδρείας
845 283 932 317 φημί,

182 316 235 355 aut
258 318 317 344 τῶν
347 318 472 351 λοιπῶν,
484 318 519 355 ἐν
532 316 552 355 ᾖ
567 318 633 352 περὶ
649 319 818 355 κεφαλαίων
844 316 934 355 τινῶν

182 352 325 380 διάλυσιν
341 352 593 388 πρατιιατεύεῖαι·
615 353 664 379 καὶ
684 353 724 386 ὡς
743 355 780 380 οὐ
803 353 861 388 χρὴ
881 353 934 380 λέ-

182 397 255 424 γειν,
274 389 308 414 ἐκ
325 389 378 416 τοῦ
411 388 535 424 Πατρὸς,
547 388 596 416 καὶ
609 388 663 415 τοῦ
678 388 756 424 Υιοῦ,
767 388 800 415 τὸ
812 389 934 424 Πνεῦμα

181 423 390 458 προέρχεσθαι,
400 423 470 450 ἀλλ’
484 424 519 450 ἐκ
531 425 585 452 τοῦ
599 423 715 458 Πατρός
725 424 832 458 μόνον.

719 134 989 167 EPISTOLARUM
1009 135 1125 166 LIBER
1145 136 1169 166 ῐ.
1718 136 1770 168 729

1275 189 1384 218 EPIST.
1406 189 1478 217 XIII.

987 248 1125 282 Euryclia:
1139 248 1247 282 epistola
1273 249 1309 275 ad
1333 247 1567 282 archiepiscopales
1595 247 1701 274 thronos
1727 256 1771 282 per

1022 283 1155 310 Orientem
1183 283 1338 315 obtinentes,
1363 282 1572 310 Alexandrinum
1600 283 1716 315 scilicet,
1748 288 1772 308 et

1021 324 1147 348 caeteros.
1170 319 1197 345 in
1221 327 1272 353 qua
1294 320 1326 345 de
1352 317 1482 353 capitibus
1507 317 1662 353 quibusdam
1687 318 1772 344 dubiis

1021 353 1161 380 solutiones
1187 354 1346 384 meditatur,
1375 352 1400 379 et
1427 354 1495 388 quod
1522 361 1573 379 non
1589 352 1664 388 Πίίεει
1688 354 1773 379 dicere

1020 388 1151 422 Spiritum
1177 389 1313 422 procedere
1337 397 1354 414 α
1381 387 1464 415 Patre
1489 392 1513 415 et
1541 397 1557 414 α
1585 387 1661 421 Filio,
1686 388 1731 414 5rd
1756 396 1771 414 a

1023 423 1104 450 Patre
1121 423 1187 451 solo.

728 493 800 519 Edita
815 501 829 519 a
844 493 995 519 Monlacutio
1008 495 1060 526 (ep.
1073 494 1098 525 2,
1109 501 1133 525 p.
1147 494 1197 525 ιι).

182 556 216 582 α’.
237 556 294 583 Οὐκ
309 553 345 592 ἦν
361 555 426 592 ἄρα,
438 556 477 589 ὡς
489 556 587 589 ἑοικεν,
602 557 682 593 κόρος
697 557 736 593 τῷ
749 557 860 593 πονηρῷ
876 557 932 584 τῶν

146 603 251 635 κακῶν,
263 603 324 630 οὐδέ
334 612 360 630 τι
372 603 427 630 τῶν
443 604 642 639 ὲφευρημάτων
655 604 703 631 καὶ
729 603 934 640 μηχανημάτων

147 649 245 684 πέρας,
258 649 277 676 ἃ
293 649 363 676 κατὰ
372 649 420 676 τοῦ
430 649 601 684 ἀνθρωπίνου
625 650 721 684 γένους
741 649 859 685 ὲξαρχῆς
871 651 936 677 ἀνα-

149 696 233 721 κινεῖν
244 695 418 730 ἐμελέτησεν·
431 695 500 722 ἀλλὰ
518 696 630 731 μυρίαις
647 695 697 731 μὲν
709 696 784 727 ὅσαις
804 696 933 728 ἀπάταις,

148 741 202 775 πρὸ
217 741 266 776 τῆς
278 742 306 767 ὲν
321 742 403 777 σαρκὶ
418 742 465 769 τοῦ
480 742 615 769 Δεσπὸτου
639 743 803 779 παρουσίας,
829 743 875 770 τὸν
891 743 935 769 άν-

148 786 257 821 θρωπον
268 787 427 822 ὑπηγάγετο
454 789 494 820 είς
509 788 675 823 ἀλλοφύλους
698 789 744 816 καὶ
757 789 932 824 παρανόμους

147 832 371 868 ἀποδουκολήσας
387 834 517 870 πράξεις·
545 834 574 866 ἐξ
587 831 624 861 ὧν
635 835 682 861 καὶ
697 835 746 870 τὴν
759 835 821 861 κατ’
848 834 932 861 αὐτοῦ

146 879 302 913 τυραννίδα,
314 879 386 906 κατὰ
402 881 502 915 κράτος
518 880 681 916 ἀνεδήσατοο
707 881 818 916 μυρίαις
836 881 863 907 δὲ
887 881 934 908 καὶ
949 872 970 900 Β

148 924 220 958 μετὰ
232 924 319 951 ταῦτα
335 925 461 958 πλάναις,
477 926 524 953 καὶ
539 926 729 961 δελεάσμασιν,
745 927 934 958 ὑποσκελίζειν

147 970 195 996 καὶ
211 971 390 1006 παρασύρειν,
415 971 479 1004 τοὺς
506 972 581 1008 αὐτῷ
605 972 794 1008 πειθομένους,
812 973 842 1000 οὐ
855 972 934 999 διέλι-

147 1024 207 1043 πεν.
227 1016 367 1043 Ἐντεῦθεν
381 1017 520 1052 Σίμωνες,
539 1018 586 1044 καὶ
603 1017 777 1054 Μαρκίωνες,
801 1019 934 1046 Μοντάνοι

145 1070 176 1087 τε
203 1062 250 1088 καὶ
265 1063 401 1097 Μάνητες,
415 1064 462 1090 καὶ
476 1064 492 1098 ὴ
505 1063 616 1099 ποικίλη
631 1065 677 1091 καὶ
699 1065 867 1100 πολύτροποι,
880 1065 934 1091 τῶν

146 1107 281 1142 αἱρέσεων
296 1108 440 1144 θεομαχία,
464 1109 624 1145 ἐπλήθυνεν.
648 1111 788 1137 Ἐντεῦθεν
815 1111 934 1146 Ἄρειος,

147 1153 194 1179 καὶ
207 1154 385 1187 Μακεδόνιος,
396 1156 443 1182 καὶ
454 1156 611 1191 Νεστόριος,
622 1157 747 1192 Εὑτυχής
757 1165 786 1183 τε
798 1158 844 1183 καὶ
857 1157 935 1183 Διόσ-

148 1208 237 1234 κορος,
254 1201 299 1227 καὶ
319 1201 349 1227 τὸ
373 1201 465 1229 λοιπὸν
487 1203 537 1237 τῆς
551 1203 677 1235 ἀσεϐείας
702 1203 860 1239 σύνταγμαο
875 1203 935 1231 καθ’

147 1242 184 1271 ὧν
200 1245 228 1272 αι
243 1246 319 1280 ἁγίαι
336 1248 383 1273 καὶ
398 1248 587 1282 οίκουμενικαὶ
611 1248 848 1284 συνεκροτήθησαν
866 1250 936 1277 ὲπτὰ

148 1291 263 1324 σύνοδοι,
279 1293 326 1319 καὶ
339 1293 404 1326 τῶν,
423 1294 493 1321 κατὰ
510 1294 620 1326 τόπους,
636 1294 715 1330 ιερῶν
729 1294 776 1321 καὶ
798 1294 935 1330 θεοφόρων

148 1338 254 1374 ἀνδρῶν
265 1339 395 1374 συνελέγη
408 1340 443 1367 τὰ
453 1342 626 1376 συστήματα,
647 1340 696 1373 τὰς
709 1341 830 1376 πονηρὰς
844 1349 936 1375 παρα-

148 1385 252 1418 φυάδας
265 1387 297 1422 τῇ
309 1387 430 1423 μαχαίρᾳ
440 1387 486 1414 τοῦ
501 1387 657 1422 Πνεύματος
666 1388 843 1423 αὐτορρίζους
858 1388 936 1414 ἐκθε-

148 1431 284 1467 ρίσαντες,
303 1433 350 1458 καὶ
363 1432 484 1468 καθαρὸν
496 1434 759 1469 παρασκευάσαντες
784 1435 936 1470 ἀναφυῆναι

146 1478 196 1512 τῆς
216 1478 378 1515 Ἐκκλησίας
391 1479 422 1506 τὸ
436 1479 521 1515 λήϊον.

184 1568 217 1603 β’.
239 1568 319 1596 Ἀλλά
337 1569 438 1600 τούτων
450 1570 482 1597 ὲκ
496 1570 583 1597 ποδῶν
593 1570 794 1606 γεγενημένων,
815 1569 862 1597 καὶ
873 1571 936 1606 σιγῇ

148 1616 197 1642 καὶ
217 1615 286 1651 λήθῃ
316 1616 555 1651 παραδεδομένων,
581 1617 660 1648 ἐλπὶς
672 1616 760 1652 ἀγαθὴ
778 1617 827 1644 καὶ
843 1616 938 1652 βαθεῖα

148 1662 205 1693 τοῖς
234 1661 376 1688 εὐσεϐέσιν
399 1662 577 1697 ὑπετρέφετο,
595 1662 632 1697 μὴ
653 1662 686 1689 ἄν
697 1671 761 1689 ποτε
772 1662 938 1698 καινοτέρων

148 1707 362 1742 δυσσεὸημάτων
388 1708 538 1742 ἐφευρετὰς
565 1708 703 1742 γενέσθαι,
721 1709 751 1734 ὲν
777 1709 869 1740 πᾶσιν,
897 1706 938 1739 οἷς

150 1752 320 1787 ἐπείρασενὸ
335 1754 464 1788 πονηρὸς,
481 1755 520 1785 είς
535 1754 691 1780 τούναντίον
703 1754 779 1789 αὐτῷ
799 1754 854 1780 τῶν
876 1754 939 1789 βου-

150 1798 295 1833 λευμάτων
309 1800 543 1834 περιτραπέντων·
558 1801 627 1835 μήτε
642 1801 694 1835 μὴν
714 1800 769 1826 τῶν
785 1801 836 1836 ἤδη
854 1801 939 1828 κατά-

150 1853 242 1880 κρισιν
258 1844 405 1876 συνοδικῶς
414 1846 594 1880 δεδεγμένων,
618 1846 826 1881 ὑπερασπιστάς
850 1856 938 1879 τινας,

150 1891 198 1917 καὶ
209 1890 368 1926 προμάχους
380 1891 561 1926 ἀναφανῆναι,
577 1893 610 1927 τῇ
628 1894 804 1928 καταστροφῇ
816 1913 823 1924 ,
838 1893 886 1920 καὶ
899 1893 939 1928 τῷ

150 1936 232 1962 πάθει
254 1936 309 1962 τῶν
330 1936 480 1970 ἀρξάντων,
498 1936 546 1963 καὶ
569 1937 624 1964 τῶν
637 1938 677 1969 εἰς
692 1937 809 1973 μίμησιν
826 1939 939 1966 ἐκείνων

150 1982 239 2009 ἐλθεῖν
251 1982 457 2019 μελετώντων,
488 1984 735 2018 ἀνακοπτομένων·
754 1985 801 2012 καὶ
827 1985 939 2017 ταύταις

152 2029 202 2064 μὲν
217 2031 276 2061 ταῖς
302 2029 408 2056 ἐλπίσιν
423 2031 438 2056 ό
449 2030 566 2065 εὐσεὸὴς
586 2030 715 2065 λογισμὸς
730 2031 920 2058 ἐπανεπαύετο
930 2039 937 2046 ·

152 2075 269 2110 μάλιστα
281 2075 309 2101 δὲ
320 2075 392 2102 κατὰ
403 2075 451 2110 τὴν
463 2075 658 2110 βασιλεύουσαν
670 2075 757 2108 πόλιν,
769 2077 798 2103 ὲν
810 2074 827 2114 ᾗ
843 2077 937 2109 πολλὰ,

150 2120 218 2147 Θεοῦ
234 2121 389 2156 συνεργείᾳ,
404 2121 458 2148 τῶν
469 2122 639 2149 ἀνελπίστων
661 2122 850 2158 κατώρθωται·
873 2123 939 2150 πολ-

151 2166 196 2193 λαὶ
208 2166 237 2193 δὲ
248 2166 380 2200 γλῶσσαι,
394 2166 443 2201 τὴν
453 2169 592 2203 προτέραν
613 2168 830 2204 διαπτυσάμεναι
851 2178 939 2205 μυσα-

1020 557 1047 584 4.
1071 557 1198 584 Nondum
1219 557 1258 584 illi
1282 557 1364 588 malo,
1386 561 1416 584 ut
1437 556 1554 587 videtur.
1576 557 1684 583 abunde
1715 560 1773 583 erat

982 602 1166 637 improbitatis
1192 603 1324 637 satietas;
1349 603 1472 631 nondum
1498 602 1724 630 adinventionum
1745 607 1773 630 et

983 649 1216 676 machinationum
1243 649 1398 680 terminus.
1433 656 1499 684 quas
1530 651 1564 675 ab
1592 649 1652 682 ipso
1679 657 1772 676 rerum

982 695 1096 723 exordio
1113 695 1141 722 in
1162 696 1312 722 humanum
1329 703 1414 730 genus
1429 694 1538 722 censuit
1547 695 1771 722 commovendos.

984 741 1037 768 Sed
1053 745 1082 769 et
1095 746 1158 769 ante
1173 741 1282 769 Domini
1302 742 1388 768 nostri
1404 741 1621 769 incarnationem
1635 741 1774 768 hominem

986 787 1129 814 seductum
1157 787 1185 814 in
1210 787 1385 823 peregrinas,
1413 787 1519 823 legibus
1548 787 1719 819 contrarias,
1747 791 1775 814 et

986 834 1078 869 generi
1092 834 1256 869 incongruas
1270 834 1396 861 actiones
1416 841 1466 869 per
1481 834 1572 861 varias
1590 833 1702 860 fraudes
1723 835 1776 860 im-

986 880 1094 915 pulsum
1118 880 1277 913 seducebat,
1300 881 1373 908 unde
1395 889 1473 908 suam
1497 882 1669 917 tyrannidem
1690 881 1775 909 vehe-

985 926 1105 954 mentius
1126 927 1272 962 promovit,
1295 931 1323 954 et
1343 927 1378 954 ab
1406 927 1452 954 illo
1474 931 1614 962 tempore,
1639 927 1776 954 sexcentis

984 973 1127 1000 erroribus
1140 977 1168 1000 et
1183 972 1398 1000 inescationibus
1412 972 1550 1004 delinitos,
1575 972 1625 1000 sibi
1649 972 1694 1007 qui
1713 976 1776 999 sunt

984 1020 1217 1054 obtemperantes,
1231 1020 1404 1054 supplantare
1424 1024 1451 1047 et
1472 1020 1602 1047 aliorsum
1625 1019 1776 1046 transferre

985 1064 1091 1100 sategit.
1118 1063 1187 1091 Ilinc
1207 1064 1260 1092 orti
1283 1064 1427 1096 Simones,
1453 1064 1616 1097 Marciones,
1645 1063 1775 1096 Montani,

985 1110 1125 1143 llanetes;
1147 1111 1212 1137 hinc
1225 1111 1369 1138 haeresium
1389 1111 1528 1146 variegata
1550 1115 1576 1138 et
1600 1110 1777 1138 multiformis

985 1156 1013 1182 in
1031 1155 1115 1183 Deum
1141 1157 1320 1191 pugnantium
1347 1157 1482 1183 ordinatio
1510 1157 1689 1192 multiplicata
1713 1156 1776 1183 fuit.

987 1202 1056 1230 Ilinc
1079 1201 1180 1234 Arius,
1209 1202 1396 1235 Macedonius,
1433 1203 1594 1234 Nestorius,
1630 1202 1776 1238 Eutyches,

986 1249 1149 1281 Dioscorus,
1176 1253 1204 1276 et
1227 1249 1318 1276 caeteri
1344 1249 1378 1277 de
1406 1249 1589 1286 conventibus
1617 1249 1775 1284 impiorum,

986 1299 1082 1323 contra
1096 1303 1166 1330 quos
1177 1300 1282 1330 septem
1305 1300 1398 1323 sancta
1420 1295 1557 1330 generalia
1580 1295 1625 1322 illa
1650 1295 1776 1325 concilia.

987 1348 1040 1368 nec
1051 1349 1106 1368 non
1122 1345 1282 1368 sanctorum
1297 1346 1325 1369 et
1345 1342 1500 1369 divinorum
1519 1342 1641 1368 virorum
1656 1349 1705 1376 per
1717 1341 1776 1370 loca

986 1385 1105 1419 diversa,
1117 1386 1257 1414 consessio
1272 1387 1481 1421 colligebantur,
1502 1391 1531 1413 ut
1543 1386 1692 1421 impietatis
1710 1387 1778 1414 istos

987 1432 1109 1459 stolones
1121 1433 1211 1459 cultro
1226 1432 1363 1467 spirituali
1385 1432 1515 1459 radicitus
1542 1432 1734 1466 exstirparent.
1751 1437 1778 1460 et

986 1486 1113 1512 campum
1130 1478 1257 1505 Ecclesia:
1274 1479 1392 1505 sativam
1417 1487 1516 1514 purum
1532 1483 1614 1514 atque
1637 1480 1779 1514 impermi-

987 1528 1058 1551 ειιιηι
1071 1528 1203 1551 curarunt
1217 1523 1398 1552 eﬂlorcscere.

1022 1569 1050 1596 2.
1071 1569 1131 1596 Istis
1142 1575 1233 1596 autem
1254 1570 1288 1597 de
1311 1570 1399 1597 medio
1415 1570 1541 1603 sublatis,
1560 1578 1592 1597 ac
1617 1570 1726 1597 silentio
1751 1576 1779 1598 ct

988 1614 1120 1643 oblivioni
1133 1615 1251 1646 traditis.
1269 1616 1398 1651 praeclara
1420 1622 1447 1644 et
1464 1617 1600 1652 profunda
1621 1625 1683 1651 spes
1701 1617 1780 1644 bonis

989 1660 1175 1688 subinnutrita
1189 1661 1349 1697 ali'ulgebat,
1364 1661 1486 1689 futurum
1504 1667 1533 1689 ut
1557 1662 1624 1689 nulli
1651 1662 1779 1697 deinceps

988 1714 1121 1734 novarum
1135 1707 1310 1742 impietatum
1323 1708 1482 1735 exsisterint
1495 1708 1699 1739 adinventores,
1716 1716 1779 1735 cum

989 1751 1017 1779 in
1042 1744 1190 1784 omnibus,
1218 1760 1335 1787 quorum
1373 1758 1528 1788 sumpserat
1559 1754 1779 1788 experimentum

989 1799 1123 1831 diabolus,
1149 1799 1264 1826 concilia
1288 1799 1348 1834 ejus
1375 1799 1521 1827 cessissent
1545 1799 1572 1825 in
1597 1799 1777 1826 contrarium.

989 1845 1044 1872 Nec
1058 1845 1166 1872 illorum
1184 1844 1339 1880 dogmatum
1355 1853 1417 1879 qum
1431 1845 1486 1880 jam
1503 1845 1629 1879 synodica
1650 1845 1780 1871 condem-

990 1892 1102 1919 natione
1129 1899 1273 1918 censuram
1302 1896 1480 1923 meruerant,
1515 1891 1621 1926 aliquos
1650 1891 1780 1918 rebamur

991 1937 1196 1973 hyperaspistas
1210 1937 1367 1972 prodituros
1389 1942 1435 1964 aut
1457 1941 1685 1972 propugnatores.
1710 1945 1780 1971 quos

990 1983 1120 2010 nimirum
1135 1983 1234 2016 exitus,
1256 1988 1283 2011 et
1305 1990 1386 2018 poena
1410 1987 1572 2014 auctorum,
1591 1987 1619 2009 et
1635 1983 1681 2017 qui
1703 1983 1782 2010 dcin-

990 2030 1092 2064 cepsin
1108 2037 1203 2057 eorum
1226 2030 1425 2060 imitationem,
1444 2029 1519 2056 ducti
1541 2030 1677 2064 exemplo,
1703 2034 1782 2056 erant

989 2077 1145 2105 successuri
1165 2077 1323 2104 exetiderat.
1339 2075 1428 2110 Atque
1454 2075 1530 2102 hisco
1547 2075 1658 2108 quidem
1679 2074 1783 2110 cogita-

991 2122 1112 2150 tionibus
1122 2122 1230 2157 pi0rum
1243 2121 1383 2149 ratiocinia
1402 2120 1613 2156 acquiescebant
1626 2129 1632 2147 :
1647 2120 1782 2154 imprimis

991 2174 1082 2197 autem
1099 2169 1171 2204 apud
1185 2168 1286 2204 regiam
1301 2168 1408 2200 urbem,
1424 2167 1451 2194 in
1468 2174 1521 2201 qua
1543 2174 1592 2201 per
1612 2165 1660 2193 Dei
1678 2173 1780 2200 coope-

152 2212 263 2248 ρότητα,
278 2212 323 2238 τὸν
334 2212 423 2238 κοινὸν
440 2213 567 2239 ἁπάντων
586 2214 720 2249 Πλάστην,
741 2215 789 2241 καὶ
802 2216 936 2251 Δημιουρ-

993 2216 1127 2242 rationem
1151 2215 1234 2242 multa
1262 2218 1360 2249 praeter
1384 2221 1459 2249 spem
1477 2213 1607 2247 praeclare
1628 2216 1780 2247 geruntur;

151 2258 211 2292 γὸν,
229 2257 380 2293 μεθ’ήμῶν
398 2258 494 2293 ὑμνεῖν
508 2259 695 2294 ἐδιδάχθησαν
711 2260 806 2296 ὥσπερ
825 2261 880 2288 ἀπό
895 2270 939 2288 τι-

152 2313 197 2336 νος
213 2304 327 2339 ὑψηλοῦ,
341 2303 388 2331 καὶ
401 2304 539 2339 μετεώρου
555 2304 655 2339 χώρου,
669 2305 718 2337 τὰς
728 2306 776 2341 τῆς
786 2306 940 2341 ὀρθοδοξίας

151 2350 255 2385 πηγὰς,
273 2350 322 2386 τῆς
338 2350 473 2385 βασιλίδος
487 2351 672 2386 ἀναδιδούσης,
691 2352 738 2378 καὶ
755 2352 864 2386 καθαρά
890 2353 940 2388 τῆς

152 2394 293 2426 εὐσεϐείας
321 2395 356 2421 τὰ
377 2395 496 2430 νάματα,
511 2396 551 2427 εἰς
566 2395 599 2422 τὰ
618 2396 668 2431 τῆς
680 2397 845 2432 οίκουμένης
863 2398 940 2433 διαρ-

153 2440 268 2476 ῥεούσης
281 2441 399 2476 πέρατα,
409 2441 455 2468 καὶ
474 2442 605 2477 ποταμῶν
620 2443 697 2478 δίκην
709 2443 876 2479 ἀρδευούσης
885 2446 940 2475 τοῖς

150 2487 270 2521 δόγμασι
281 2487 330 2519 τὰς
345 2488 434 2514 ἐκεῖσε
450 2487 548 2524 ψυχὰς,
562 2489 680 2521 αἵτινες,
702 2490 796 2525 χρόνος
814 2490 897 2523 πολὺς
911 2491 940 2524 ἐξ

152 2530 195 2564 οῦ,
209 2533 457 2568 καταξηρανθεῖσαι
471 2537 528 2567 τοῖς
542 2535 594 2570 τῆς
604 2535 740 2569 ἀσεϐείας,
761 2536 778 2572 ἢ
798 2536 941 2573 ἐθελοθρη-

153 2581 259 2612 σκείας,
276 2580 480 2616 ὑπεκκαύμασι,
494 2582 540 2608 καὶ
559 2583 600 2613 εἰς
617 2583 739 2617 ἐρήμους
761 2583 808 2609 καὶ
827 2584 940 2617 ἀγόνους

150 2626 400 2662 ἀποχερσωθεῖσαι,
425 2628 499 2662 ὅμως
516 2628 561 2654 τὸν
577 2629 626 2663 τῆς
647 2629 823 2661 διδασκαλίας
838 2629 940 2665 ΰμὸρον

152 2673 362 2708 ὑποδεξάμεναι,
380 2673 410 2699 τὸ
423 2673 544 2709 Χριστοῦ
565 2674 700 2709 γεώργιον
722 2676 940 2710 καρποφοροῦσιν

149 2719 391 2754 νένευθηνούμεναι.
419 2720 472 2746 Καὶ
486 2720 540 2754 γάρ
556 2721 580 2746 oi.
598 2721 648 2756 τὴν
676 2720 823 2756 Ἀρμενίαν
836 2722 941 2748 οἰκοῦν-

153 2774 208 2796 τες,
230 2765 268 2800 τῷ
287 2765 342 2792 τῶν
359 2765 522 2793 Ἰακωῧιτῶν
543 2768 714 2803 ὲνισχημένοι
740 2768 939 2804 δυσσεὸήματι,

154 2811 281 2846 καὶπρὸς
294 2811 324 2837 τὸ
336 2812 415 2846 ὀρθον
433 2811 482 2846 τῆς
509 2812 649 2844 εὐσεϐείας
673 2813 941 2849 άπαυθαδιαζόμενοι

156 2857 297 2892 κήρυγμα,
310 2855 449 2894 άφόὗπερ
461 2859 477 2893 ἡ
488 2858 697 2894 πολυάνθρωπος
711 2860 801 2896 ἐκείνη
816 2861 862 2887 καὶ
876 2861 940 2895 ἁγία

993 2262 1084 2289 multa:
1102 2262 1202 2297 lingua
1223 2265 1360 2289 vetustam
1378 2262 1560 2293 conspuentes
1581 2258 1655 2285 illam
1685 2258 1782 2285 [edita-

992 2311 1057 2340 tem,
1073 2314 1246 2334 communem
1262 2306 1383 2333 omnium
1404 2304 1606 2336 fabricatorem,
1622 2307 1650 2331 et
1672 2308 1781 2331 creato-

992 2361 1060 2385 rem,
1094 2354 1238 2381 nobiscum
1259 2352 1368 2388 hymnis
1390 2351 1583 2379 concelebrare
1597 2350 1688 2377 edocti
1703 2354 1777 2378 sunt.

992 2400 1030 2427 Ita
1043 2400 1127 2428 veluti
1140 2401 1174 2428 ab
1190 2399 1300 2427 excelso
1317 2399 1434 2434 quodam
1456 2402 1483 2426 et
1508 2397 1686 2425 eminentiori
1707 2397 1780 2431 loco,

993 2447 1054 2474 lidei
1068 2446 1330 2474 fontes«orthodox:e
1345 2445 1418 2480 regia
1441 2445 1508 2472 urbs
1527 2444 1637 2476 emittit,
1658 2451 1710 2471 nec
1725 2452 1779 2471 non

991 2491 1151 2526 purissimos
1171 2490 1280 2526 pictatis
1304 2490 1398 2517 latices
1424 2490 1451 2516 in
1475 2494 1589 2517 cunctos
1611 2489 1706 2516 mundi
1724 2493 1781 2516 ter-

993 2537 1082 2564 minos
1094 2537 1280 2567 decurrentes,
1295 2536 1341 2571 qui
1356 2544 1411 2562 non
1425 2536 1505 2563 aliter
1518 2543 1600 2570 quam
1615 2536 1665 2563 rivi
1679 2536 1780 2568 solent,

991 2583 1113 2619 dogmasi
1131 2583 1246 2618 irrigant
1260 2583 1402 2610 hominum
1427 2582 1464 2609 ibi
1487 2582 1644 2618 degentium
1663 2582 1779 2613 animas,

991 2638 1052 2664 qua:
1071 2638 1086 2656 a
1098 2630 1178 2664 longo
1189 2629 1320 2664 temporis
1331 2633 1419 2655 tractu
1435 2632 1504 2656 {lell
1527 2633 1555 2655 et
1569 2627 1782 2663 conﬂagratione

991 2677 1034 2704 vel
1050 2676 1218 2711 impietatis,
1241 2675 1283 2703 vel
1305 2675 1449 2710 spontanei
1478 2675 1579 2706 cultus,
1605 2677 1780 2706 exaruerunt,

991 2729 1074 2758 atque
1104 2723 1142 2750 ita
1171 2722 1200 2749 in
1223 2722 1387 2751 solitudines
1414 2727 1442 2750 et
1467 2722 1667 2748 infructuosum
1692 2721 1780 2747 solum

992 2769 1198 2802 stcreliverant',
1216 2769 1263 2804 qui
1281 2774 1371 2796 tamen
1391 2768 1525 2795 imbribus
1552 2767 1685 2794 doctrime
1708 2774 1783 2793 sana:

992 2816 1137 2850 susceptis,
1164 2816 1267 2843 Christi
1289 2815 1443 2846 coloniam,
1471 2814 1576 2841 cultura
1605 2814 1781 2844 lietilicalam.

992 2862 1128 2890 fructibus
1145 2862 1291 2890 adornant.
1307 2861 1375 2889 Nam
1399 2861 1446 2896 qui
1464 2860 1586 2888 incolunt
1611 2859 1781 2890 Armeniam.
