1940 3087
174 147 228 180 723

173 200 359 229 Jacobitarum
369 199 508 234 impietate
516 198 638 233 impediti
643 201 753 231 ,contra
764 201 844 224 rectae
853 197 961 232 pietatis
975 203 998 228 Α

175 247 396 283 przedicationem
420 245 551 272 audacius
574 252 604 272 se
628 247 765 280 gerentes,
789 251 868 271 exeo
891 249 962 272 tem-

176 301 251 328 pore,
267 300 321 328 quo
333 295 428 319 sancta
449 295 477 318 et
501 298 647 318 numerosa
672 289 783 317 Patrum
805 294 962 318 nostrorum

175 339 295 375 synodus
320 337 392 372 apud
418 336 620 364 Chalcedonem
648 340 832 368 convenerat,
864 335 962 363 vestris

175 385 317 412 nobiscum
347 383 475 418 precibus
504 383 532 410 in
567 382 699 409 auxilium
729 382 961 417 conspirantibus,

174 431 283 466 longum
301 429 377 456 illum
394 437 514 457 errorem
534 437 549 456 a
569 436 598 456 se
621 428 755 463 repellere
773 428 901 461 valuere;
925 428 961 455 ita

174 483 204 506 ut
217 478 298 506 hodie
314 477 507 505 Armeniorum
532 476 609 504 natio
633 476 743 503 sincero
761 480 788 503 et
810 475 962 503 orthodoxa

174 533 250 552 more
267 524 453 552 Christianum
470 523 573 550 cultum
587 522 759 558 proﬁteatur,
771 522 960 558 Eutychetem,

174 570 318 601 Severum,
332 569 504 600 Dioscorum.
519 572 547 596 et
560 568 656 596 Petros
678 575 774 595 revera
790 568 851 595 illos
869 571 962 603 petro-

173 617 251 644 bolos
274 616 409 651 jaciendis
426 616 454 642 in
476 615 628 642 Ecclesiam
655 615 800 649 lapidibus,
824 614 962 642 Iulianum

173 662 452 695 Halicarnassensem,
462 669 571 690 necnon
583 661 739 689 universam
755 661 876 696 ipsorum
887 660 963 688 varie

173 709 299 737 dill'usam
323 709 540 744 dispersionem,
564 712 595 735 ut
617 712 646 735 et
670 707 804 735 catholica
829 705 961 737 Ecclesia,

172 759 341 785 exsecretur,
349 761 378 782 et
386 754 621 782 indissolubilibus
630 753 836 781 analhematum
845 752 962 780 nexibus

171 801 349 836 supposuerit
363 801 538 828 constrictos.

208 847 235 873 5.
253 845 307 873 Sed
319 850 346 873 et
362 846 475 882 insuper
497 846 614 874 barbara
638 845 817 882 Bulgarorum
838 852 916 879 gens,
934 849 962 872 et

171 892 282 919 Christo
293 892 380 919 invisa
394 898 421 919 et
436 891 549 925 infesta,
565 892 593 919 in
609 895 709 919 tantam
721 891 960 918 mansuetudinem

171 943 200 965 et
219 938 265 965 Dei
281 937 465 973 cognitionem
484 938 664 969 convertitur,
680 942 711 964 ut
727 945 743 964 a
758 937 854 972 patriis
867 936 962 964 diabo-

171 983 284 1019 licisque
294 984 378 1020 orgiis
388 984 559 1017 recedentes,
570 989 597 1011 et
609 983 748 1020 paganica;
758 983 962 1019 superstitionis

171 1037 292 1058 errorem
303 1031 483 1063 excutientes,
496 1035 595 1066 praeter
605 1037 714 1057 omnem
726 1029 960 1065 exspectationem

171 1077 200 1104 in
220 1077 301 1105 ﬁdem
317 1077 500 1105 Christianam
518 1076 592 1104 insiti
611 1076 790 1104 transierunt.

977 877 999 907 Β

205 1166 234 1193 4.
254 1165 308 1194 Sed
331 1173 349 1194 ο
383 1166 556 1201 improbum,
587 1165 710 1193 invidum
743 1165 809 1197 Deo.
841 1164 960 1192 invisum

171 1213 316 1240 consilium
328 1217 355 1240 et
370 1213 536 1248 inemptum!
551 1212 626 1243 Talis
634 1212 707 1240 enim
723 1211 854 1243 narratio,
871 1211 961 1239 Evan-

171 1260 232 1296 gelii
257 1259 300 1288 vel
332 1259 397 1287 boni
426 1258 515 1286 nuntii
548 1263 740 1294 argumentum
774 1265 836 1293 qua:
869 1257 960 1285 futura

172 1309 253 1337 esset,
270 1305 297 1332 in
312 1304 494 1339 dejectionem
505 1304 597 1331 vultus
610 1307 805 1336 commutatur,
817 1302 961 1330 delectatio

171 1355 199 1377 et
211 1350 339 1384 gaudium
355 1350 382 1376 in
397 1349 502 1377 luctum
514 1355 542 1377 et
554 1350 701 1377 lameutum
716 1349 818 1376 abiere.
834 1348 960 1376 Nondum

172 1395 245 1422 enim
260 1403 326 1430 gens
336 1395 381 1422 illa
397 1402 446 1430 per
458 1395 600 1423 biennium
622 1400 725 1424 rectam
740 1395 961 1423 Christianorum

175 1439 337 1476 religionem
357 1441 576 1475 amplexabatur,
593 1449 655 1469 cum
678 1440 755 1476 impii
776 1440 885 1475 quidam
909 1440 960 1467 ho-

174 1486 263 1515 mines
278 1489 307 1513 et
320 1486 498 1518 exsecrandi,
511 1491 637 1521 portenta
651 1487 704 1522 (vel
727 1494 782 1522 quo
805 1486 866 1513 illos
881 1485 961 1513 titulo

175 1532 349 1560 Christianus
365 1531 504 1567 insigniat)
520 1533 645 1562 homines
655 1542 671 1561 θ
681 1533 800 1561 tenebris
810 1540 960 1567 prorepen-

175 1583 216 1606 tes
240 1577 332 1613 (erant
353 1577 426 1604 enim
445 1578 533 1605 exorti
552 1580 586 1606 ab
605 1579 729 1607 occiduis
745 1578 881 1614 partibus)
906 1579 959 1606 heu

174 1623 312 1658 quomodo
325 1622 427 1662 reliqya
443 1624 569 1659 persequi
587 1624 698 1658 potero?
716 1623 772 1656 isti,
790 1624 911 1659 inquam,
933 1624 962 1651 in

175 1672 296 1703 gentem,
313 1668 419 1695 novella
434 1676 549 1703 quorum
564 1669 650 1704 pietas
663 1673 785 1704 etnuper
800 1669 961 1701 constituta,

973 1557 995 1590 C

176 1718 304 1747 tanquam
317 1712 416 1748 fulgur,
432 1717 512 1740 terrae
533 1719 690 1746 motus,seu
706 1715 817 1750 copiosa
835 1716 939 1751 grando
952 1724 960 1748 ;

175 1763 224 1786 aut
247 1765 277 1786 ut.
299 1760 437 1795 proprius,
463 1760 537 1795 quod
557 1761 662 1788 accedit
684 1761 721 1792 ad
757 1767 785 1791 et
806 1761 961 1794 veritatem,

176 1806 275 1838 dicam,
302 1811 432 1842 tanquam
458 1814 525 1842 aper
545 1807 657 1843 agrestis
670 1808 778 1836 vineam
795 1809 900 1836 Domini
917 1810 962 1837 di-

176 1851 286 1885 lectam,
316 1860 405 1888 nuper
432 1853 565 1881 consitam
594 1853 756 1885 insiltetttes,
785 1855 901 1890 pedibus
934 1860 962 1884 et

176 1896 315 1929 dentibus,
328 1897 381 1924 hoc
395 1902 437 1925 est
451 1898 556 1925 semitis
570 1897 731 1932 quihusdam
751 1900 851 1934 politia:
864 1901 961 1936 turpis,

177 1948 205 1970 et
218 1942 374 1978 dogmatum
388 1943 610 1978 depravatorum,
637 1951 698 1978 quae
714 1943 822 1972 illorum
840 1951 899 1973 erat
911 1954 962 1974 au‘

176 1989 265 2020 dacia,
285 1989 475 2024 depraedautes
489 1990 684 2022 devasrabaut;
705 1991 779 2018 omni
800 1999 863 2019 Clllll
889 1992 963 2020 frau-

176 2034 297 2061 dulentia
312 2042 327 2062 a
340 2035 415 2062 sanis
429 2041 456 2063 et
473 2036 549 2070 puris
562 2035 743 2071 dogmatibus.
764 2043 793 2064 et
807 2038 859 2066 tide
874 2039 964 2066 incul-

176 2085 240 2115 pata
261 2079 489 2114 Christianorum,
515 2089 562 2109 eos
579 2082 693 2110 subdole
703 2082 838 2112 deducere
863 2089 964 2113 eteor-

176 2133 304 2161 rumpere
317 2127 498 2154 conabantur.
864 2148 865 2151 η

211 2172 237 2200 5.
259 2172 396 2208 imprimis
409 2178 504 2200 contra
521 2173 650 2200 Ecclesize
670 2181 791 2201 canones
815 2174 908 2202 illicite
930 2175 963 2202 ad

176 2218 358 2246 Sabbatorum
372 2219 477 2254 jejunia
503 2220 693 2247 traducebant.
711 2219 787 2247 Solet
809 2225 901 2248 autem
920 2222 963 2248 vel
980 2228 1001 2255 ι)

175 2264 313 2292 levissima
330 2265 508 2292 traditionum
527 2265 661 2302 neglectio
675 2266 800 2294 homines
824 2267 858 2294 ad
881 2268 964 2296 totius

174 2310 306 2337 doctrinae
321 2315 508 2345 contemptum
521 2312 675 2339 traducere.
692 2312 721 2338 ln
744 2313 883 2345 secundis,
908 2314 965 2349 pri-

173 2365 245 2384 mam
285 2356 450 2391 jejuuiorum
485 2357 756 2393 quadragesimalium
786 2359 891 2388 scilicet
920 2367 966 2387 se-

173 2403 324 2436 ptimanam
343 2409 358 2428 a
377 2406 476 2430 caetero
498 2403 605 2438 jejunio
619 2403 818 2439 discerpentes,
835 2405 862 2432 in
887 2405 965 2433 lactis

173 2447 326 2482 potionem,
341 2449 414 2476 casei
431 2457 520 2482 esum,
534 2454 562 2476 et
573 2450 707 2477 similium
726 2451 964 2487 ingurgitationem

177 2498 330 2522 traxerunt.
341 2495 384 2522 Ab
396 2495 439 2523 his
455 2496 574 2523 exordiis
588 2497 837 2532 transgressionum
852 2497 908 2525 vias
922 2498 965 2525 di-

173 2539 302 2572 latantes,
324 2541 359 2568 de
370 2546 443 2569 recto
461 2542 569 2569 tramite
582 2547 611 2570 et
622 2543 696 2579 regis
709 2543 753 2571 via
766 2543 963 2577 deturbaruut;

173 2585 332 2613 sacerdotes
340 2585 469 2622 deinceps
477 2587 599 2623 legitimo
607 2589 769 2623 conjunctos
776 2589 962 2622 matrimonio,

173 2632 220 2667 qui
236 2631 342 2667 puellas
352 2633 453 2660 multas
465 2634 524 2661 sine
536 2634 596 2662 viro
612 2634 744 2663 mulieres
762 2634 924 2668 ettecerunt,
935 2640 963 2663 et

173 2678 305 2706 mulieres
319 2685 419 2713 pueros
440 2679 599 2712 educantes,
625 2689 740 2716 quorum
762 2689 843 2709 nemo
857 2687 960 2717 patrem

174 2723 260 2757 novit,
274 2731 350 2758 vere,
367 2724 552 2758 ntidixeram,
572 2727 728 2755 sacerdotes
747 2727 795 2755 Dei
809 2727 961 2755 abominari

745 145 876 175 PHOTII
895 145 1146 176 PATRIARCHAE
1166 147 1222 180 (ΞΡ.

1013 199 1066 225 τῶν
1083 201 1214 237 Πατέρων
1238 201 1317 236 ἡμῶν
1342 202 1412 230 κατὰ
1432 203 1593 239 Χαλκηδόνα
1615 209 1791 244 ωνεκροτήθη

1015 244 1134 279 σύνοδος,
1160 246 1215 272 τῶν
1237 246 1378 282 ὑμετέρων
1404 248 1493 283 εὐχῶν
1515 250 1581 284 ἡμῖν
1595 250 1791 286 ὲπαμυνόντων,

1012 291 1062 327 τὴν
1079 291 1189 328 μακρὰν
1214 292 1322 328 ἐκείνην
1339 293 1443 330 πλάνην
1458 296 1608 323 ἀποθέσθαι
1634 297 1793 334 ἐνεδυναμώ-

1013 337 1099 373 θησαν
1109 346 1116 354 ·
1132 338 1179 365 καὶ
1195 338 1321 375 λατρεύει
1339 340 1475 376 σήμερον,
1491 342 1620 378 καθαρῶς
1633 345 1680 370 καὶ
1692 344 1792 379 ὀρθοδό-

1013 383 1077 416 ξως,
1094 384 1111 418 ἡ
1138 384 1192 411 τῶν
1220 385 1371 421 ’Δρμενίων
1393 387 1471 421 λῆξις
1487 388 1537 423 τὴν
1561 389 1731 424 Χριστιανῶν
1748 391 1792 418 λα-

1011 429 1116 463 τρείαν,
1136 430 1245 466 Εὐτυχῆ
1264 439 1294 458 τε
1310 432 1358 458 καὶ
1372 432 1500 468 Σεϐἧρον,
1514 433 1562 460 καὶ
1572 434 1726 470 Διόσκορον,
1751 437 1794 463 καὶ

1011 473 1076 506 τοὺς
1086 474 1158 501 κατὰ
1172 475 1222 510 τῆς
1236 475 1378 508 εὐσεϐείας
1397 478 1577 513 πετροϐόλους
1596 479 1726 515 Πέτρους,
1752 482 1794 507 καὶ

1011 520 1058 547 τὸν
1074 521 1290 556 ’Δλικαρνασσέα
1311 523 1464 557 Ὶουλιανδν,
1482 525 1529 551 καὶ¹
1546 526 1637 552 πᾶσαν
1650 526 1739 553 αὐτῶν
1750 526 1794 562 τὴν

1011 566 1185 602 πολύσπορον
1210 568 1372 604 διασπορὰν,
1387 569 1426 601 ὡς
1449 571 1464 605 ή
1492 570 1622 607 καθολικὴ
1642 572 1792 608 Ἐκκλησία1

1013 613 1216 650 μυσαττομένη,
1233 614 1281 642 καὶ
1294 614 1405 650 δεσμοῖς
1428 615 1539 649 ἀλύτοις
1560 617 1609 644 τοῦ
1627 617 1794 654 ἀναθέματος

1012 658 1212 687 ὑποϐάλλουσα.

1048 834 1084 868 γ’.
1109 834 1191 861 Ἀλλά
1206 843 1238 869 γε
1254 835 1297 872 δὴ,
1313 836 1360 863 καὶ
1375 837 1539 874 Βουλγάρων
1565 838 1642 872 ἔθνος
1668 839 1796 876 βαρϐαρι-

1011 879 1070 912 κὸν,
1087 880 1134 907 καὶ
1153 880 1337 916 μισόχριστον.
1352 883 1393 915 εἰς
1407 883 1542 920 τοσαύτην
1558 884 1715 919 μετέκλινεν
1729 887 1795 922 ἠμε-

1011 925 1114 962 ρότητα
1139 927 1186 954 καὶ
1213 927 1398 962 θεογνωσίαν,
1427 929 1498 957 ὥστε
1523 931 1577 958 τῶν
1594 931 1740 967 δαιμονίων
1753 933 1796 960 καὶ

1011 972 1146 1008 πατρῴων
1175 974 1321 1007 ἐκστάντες
1339 976 1453 1010 ὀργίων,
1483 977 1531 1004 καὶ
1557 977 1608 1012 τῆς
1640 977 1796 1014 Ἑλληνικῆς

1010 1016 1223 1052 δεισιδαιμονίας
1237 1019 1494 1055 ἀποσκευασάμενοι
1504 1020 1555 1056 τὴν
1566 1021 1682 1057 πλάνην,
1697 1022 1737 1054 είς
1749 1021 1797 1057 τὴν

1010 1063 1065 1090 τῶν
1078 1064 1249 1098 Χριστιανῶν
1263 1065 1424 1101 παραδόξως
1445 1068 1742 1104 μετενεκεντρίσθησαν
1755 1067 1798 1095 πί-

1011 1117 1079 1136 στιν.

1046 1154 1077 1182 δ’.
1100 1155 1170 1181 Ἀλλ’
1186 1152 1208 1183 ὦ
1221 1158 1343 1193 πονηρᾶς
1359 1158 1406 1185 καὶ
1423 1158 1558 1194 βασκάνου
1573 1159 1621 1186 καὶ
1640 1160 1721 1187 ἀθέου
1735 1161 1797 1196 βου-

1010 1201 1060 1237 λῆς
1071 1210 1101 1228 τε
1115 1202 1162 1229 καὶ
1176 1203 1302 1238 πράξεως
1315 1204 1322 1230 l
1337 1203 1369 1230 Ἦ
1381 1205 1434 1241 γὰρ
1441 1205 1553 1241 τοιαύτη
1564 1206 1701 1242 διήγησις,
1711 1207 1798 1242 Εὐαγ-

1011 1247 1109 1282 γελίων
1135 1245 1203 1275 οὖσα
1225 1249 1367 1283 ὑπόθεσις,
1381 1252 1421 1283 εὶς
1445 1252 1597 1287 κατήφειαν
1613 1254 1796 1288 μετατίθεται,

1010 1294 1061 1329 τῆς
1080 1294 1250 1330 εὐφροσύνης
1281 1295 1330 1322 καὶ
1343 1297 1432 1332 χαρᾶς
1458 1298 1498 1330 εἰς
1516 1298 1631 1331 πένθους
1647 1300 1798 1336 τραπείσης

1011 1340 1058 1366 καὶ
1071 1339 1188 1376 δάκρυα.
1204 1341 1288 1368 Οὔπω
1299 1342 1354 1377 γὰρ
1369 1343 1474 1370 ἐκείνου
1494 1344 1540 1371 τοῦ
1566 1344 1673 1378 ἔθνους,
1689 1346 1743 1373 οὐδ’
1758 1347 1799 1379 είς

1010 1385 1057 1412 δύο
1071 1387 1222 1420 ἐνιαυτοὺς,
1233 1389 1283 1423 τὴν
1302 1388 1385 1424 ὀρθὴν
1408 1388 1462 1416 τῶν
1476 1390 1648 1425 Χριστιανῶν
1664 1392 1798 1428 τιμῶντος

1011 1433 1159 1468 θρησκείαν
1170 1442 1176 1448 ·
1188 1434 1285 1470 ἄνδρες
1296 1435 1436 1468 δυσσεϐεῖς
1450 1437 1498 1463 καὶ
1507 1438 1689 1473 ἁποτρόπαιοι
1703 1439 1762 1474 (καὶ
1772 1440 1799 1466 τί

1011 1479 1065 1514 γὰρ
1080 1479 1130 1506 οὐκ
1145 1480 1177 1507 ἄν
1191 1489 1233 1512 τις
1250 1481 1371 1508 εὐσεϐῶν
1387 1481 1497 1514 τούτους
1513 1483 1729 1519 ὲξονομάσειενς)
1750 1485 1799 1512 ἄν-

1010 1525 1073 1559 δρες
1085 1525 1117 1552 ὲκ
1131 1526 1244 1558 σκότους
1258 1527 1405 1561 ἀναδύντες
1419 1529 1479 1564 (τῆς
1493 1529 1548 1566 γὰρ
1559 1530 1687 1565 ἑσπερίου
1701 1531 1802 1567 μοίρας

1013 1571 1136 1607 ὑπῆρχον
1151 1573 1320 1608 γεννήματα)
1334 1575 1407 1610 οἴμοι
1431 1576 1490 1607 πῶς
1516 1576 1547 1603 τδ
1565 1576 1712 1604 ὑπόλοιπον
1728 1578 1803 1604 ἐκδι-

1012 1617 1169 1652 ηγήσομαι;
1186 1615 1271 1651 οὗτοι,
1294 1619 1363 1654 πρὸς
1383 1619 1415 1646 τὺ
1437 1621 1569 1655 νεοπαγὲς
1594 1623 1634 1654 εἰς
1656 1622 1803 1650 εὐσέϐειαν

1012 1663 1060 1690 καὶ
1075 1663 1254 1691 νεοσύστατον
1266 1664 1353 1696 ἔθνος,
1370 1664 1465 1702 ὥσπερ
1479 1668 1611 1702 κεραυνὸς
1623 1668 1641 1703 ἢ
1658 1669 1771 1703 σεισμὸς
1783 1669 1802 1704 ἧ

1012 1709 1133 1746 χαλάζης
1145 1710 1257 1745 πλῆθος,
1274 1711 1375 1746 μᾶλλον
1384 1711 1413 1738 δὲ
1421 1713 1586 1749 οίκειότερον
1595 1715 1693 1747 εἰπεῖν,
1705 1714 1804 1751 ῶσπερ

1012 1756 1108 1792 ἄγριος
1127 1757 1218 1792 μονιδς
1232 1758 1442 1794 ἐμπηδήσαντες
1455 1760 1502 1787 τὸν
1514 1760 1663 1796 ἀμπελῶνα
1683 1762 1803 1797 Κυρίου,

1011 1802 1056 1829 τὸν
1071 1803 1249 1839 ἠγαπημένον
1260 1805 1308 1831 καὶ
1323 1806 1451 1839 νεόφυτον
1468 1807 1515 1833 καὶ
1526 1807 1605 1833 ποσὶν
1618 1808 1665 1834 καὶ
1683 1807 1804 1839 ὀδοῦσιν,

1011 1848 1070 1884 ἤτοι
1083 1849 1188 1883 τρίϐοις
1201 1850 1317 1885 αἰσχρᾶς
1333 1851 1481 1884 πολιτείας,
1498 1851 1546 1878 καὶ
1558 1852 1692 1888 διαφθορᾷ
1703 1853 1808 1888 δογμά-

1011 1902 1077 1925 των,
1097 1894 1160 1928 τύγε
1175 1896 1214 1924 είς
1225 1895 1327 1930 τόλμαν
1340 1893 1408 1931 ἧκον
1419 1897 1468 1932 τὴν
1482 1897 1582 1930 αὐτῶν,
1606 1899 1807 1934 κατανεμησά-

1014 1948 1090 1975 μενοι
1104 1940 1273 1976 ἐλυμήναντο
1282 1950 1290 1958 υ
1311 1942 1365 1969 ἀπὸ
1376 1943 1431 1978 γὰρ
1441 1943 1495 1970 τῶν
1509 1943 1597 1978 ὀρθῶν
1612 1945 1660 1971 καὶ
1671 1945 1807 1981 καθαρῶν

1012 1987 1167 2022 δογμάτων,
1181 1988 1290 2023 καὶτῆς
1304 1988 1360 2016 τῶν
1381 1990 1553 2024 Χριστιανῶν
1576 1991 1728 2026 ἀμωμήτου
1758 1992 1809 2018 πί-

1015 2041 1111 2064 στεως,
1138 2033 1340 2070 παραφθείρειν
1364 2035 1488 2070 τούτους,
1514 2036 1562 2063 καὶ
1578 2037 1713 2073 ὐποσπᾷν,
1737 2046 1810 2065 κατ-

1014 2085 1115 2104 επανου
1120 2078 1171 2112 ργή
1175 2085 1256 2104 σαντο
1263 2095 1270 2101 η

1051 2176 1082 2199 ε’.
1095 2172 1149 2200 Καὶ
1159 2174 1269 2208 πρῶτον
1284 2177 1334 2211 μὲν
1346 2177 1447 2210 αὐτοὺς
1456 2179 1621 2214 ἐκθέσμους,
1634 2182 1674 2212 είς
1684 2181 1736 2217 τὴν
1748 2182 1811 2210 τῶν

1016 2217 1162 2245 Σαϐϐάτων
1172 2220 1298 2255 νηστείαν
1309 2223 1488 2258 μετέστησαν.
1508 2223 1568 2252 Οἵδε
1580 2225 1609 2253 δὲ
1627 2227 1699 2262 καὶὴ
1715 2229 1814 2263 μικρὰ

1014 2264 1069 2290 τῶν
1084 2265 1292 2300 παραδοθέντων
1307 2267 1445 2303 ἀθέτησις,
1465 2271 1512 2297 καὶ
1524 2271 1592 2305 πρὸς
1605 2271 1669 2306 ὅλην
1679 2272 1726 2298 τοῦ
1741 2273 1814 2308 δόγ-

1017 2320 1101 2347 ματος
1111 2312 1253 2347 ἐπιτρίψαι
1262 2318 1274 2332 ι’
1287 2316 1502 2351 καταφρόνησιν.
1519 2317 1633 2345 Ἔπειτα
1647 2319 1674 2346 δὲ
1689 2319 1739 2356 τὴν
1749 2321 1814 2347 τῶν

1015 2358 1147 2392 νηστειῶν
1163 2359 1277 2396 πρώτην
1291 2361 1438 2396 ἑϐδομάδα,
1453 2363 1502 2398 τῆς
1517 2363 1602 2400 ἄλλης
1615 2365 1745 2397 νηστείας
1757 2374 1816 2393 πε-

1017 2403 1190 2439 ρικόψαντες,
1213 2406 1254 2437 είς
1271 2406 1502 2442 γαλακτοποσίας,
1525 2411 1573 2437 καὶ¹
1592 2411 1675 2447 τυροῦ
1688 2412 1814 2448 τροφὴν,

1015 2449 1062 2476 καὶ
1075 2451 1126 2484 τὴν
1140 2450 1193 2477 τῶν
1210 2451 1311 2486 ὁμοίων
1332 2452 1502 2488 ἀδδηφαγίαν
1524 2455 1719 2483 καθείλκυσαν.
1745 2457 1816 2483 Ἐν-

1015 2495 1110 2522 τεῦθεν
1122 2496 1214 2528 αὐτοῖς
1228 2498 1279 2532 τὴν
1289 2498 1348 2525 ὁδὸν
1358 2499 1412 2526 τῶν
1422 2501 1606 2536 παραϐάσεων
1618 2502 1816 2537 ὲμπλατύνον-

1015 2549 1071 2574 τες,
1083 2542 1190 2577 καὶτῆς
1205 2543 1314 2576 εὐθείας
1329 2544 1424 2580 τρίϐου
1441 2546 1487 2573 καὶ
1514 2547 1659 2584 βασιλικῆς
1678 2549 1816 2586 διαστρέ-

1017 2595 1124 2621 φοντες,
1132 2589 1179 2614 καὶ
1190 2588 1218 2615 δὲ
1234 2589 1281 2616 καὶ
1296 2591 1360 2623 τοὺς
1370 2591 1494 2628 ὲνθέσμῳ
1505 2593 1588 2629 γάμῳ
1599 2595 1819 2632 πρεσϐυτέρους

1015 2634 1225 2671 διαπρέποντας,
1238 2638 1263 2664 ot
1279 2638 1380 2670 πολλὰς
1397 2639 1484 2675 κόρας
1501 2641 1586 2677 χωρὶς
1602 2641 1698 2677 ἀνδρὸς
1713 2645 1821 2676 γυναῖ-

1014 2691 1065 2714 κας
1079 2683 1249 2716 δεικνύντες,
1267 2685 1315 2711 καὶ
1332 2686 1464 2719 γυναῖκας
1480 2688 1578 2719 παῖδας
1603 2688 1822 2723 ὲκτρεφοὺσας,

1014 2725 1053 2756 ὧν
1065 2729 1116 2756 οὐκ
1125 2729 1184 2756 ἔστι
1196 2731 1302 2765 πατέρα
1313 2731 1473 2766 θεάσασθαι,
1483 2730 1566 2766 οὗτοι,
1578 2734 1640 2767 τοὺς
1650 2734 1688 2767 ὡς
1696 2734 1825 2771 ἀληθῶς

806 2808 922 2837 νΑιιιιλΕ
940 2808 1142 2838 LECTIONES.

215 2873 226 2888 ι’
243 2870 285 2897 ισ.
301 2871 454 2907 ἐπιτρέψαι.
