1940 3087
135 84 192 116 725

713 80 981 112 EPISTOLARUM
998 78 1115 110 LIBER
1134 79 1159 109 I.

1711 67 1764 98 7‘26

133 139 201 166 Θεοῦ
217 138 312 174 ἱερεῖς,
335 136 518 174 μυσάττεσθαί
548 145 590 171 τε,
617 136 666 164 καὶ
689 136 940 172 ἀποστρέφεσθαι,,

995 139 1003 162 t
1017 133 1155 162 adversari
1163 132 1331 163 docuerunt;
1345 128 1451 156 semina
1460 125 1590 153 nimirum
1602 121 1765 151 Manichac-

134 184 348 221 παρεσκεύασαν
360 192 367 199 ·
396 184 446 219 τῆς
458 183 553 211 Μανοῦ
566 183 717 219 γεωργίας,
729 183 759 210 ὲν
771 183 875 215 αὐτοῖς,
889 183 926 210 τὰ

136 231 285 267 σπέρματα
300 231 546 266 κατασπείροντες,
559 231 607 257 καὶ
618 230 707 265 ψυχὰς
731 230 794 266 ἄρτι
807 229 926 265 βλαστά-

135 287 191 305 νειν
208 278 362 314 ἀρξαμένας
371 278 417 305 τὸν
433 278 533 314 σπόρον
544 279 594 313 τῆς
611 276 764 310 εὑσεὸεἱας,
774 277 808 312 τῇ
818 276 873 303 τῶν
885 275 926 308 ζι-

136 325 234 358 ζανίων
249 326 386 361 ὲπισπορᾷ
399 325 604 360 λυμαινόμενοι.

173 375 210 404 ς’.
234 371 315 398 Ἀλλά
324 379 357 405 γε
372 371 415 406 δὴ,
429 371 477 397 καὶ
489 371 553 402 τοὺς
570 370 624 397 ὑπὸ
636 369 833 406 πρεσϐυτέρων
847 369 928 405 μύρῳ

138 417 310 454 χρισθέντας,
323 417 502 453 ἀναμυρίζειν
514 417 591 444 αὐτοὶ
606 417 638 443 οὐ
659 417 846 453 πεφρίκασιν
868 416 929 442 im—

139 462 257 494 σκόπους
267 462 380 494 ἑαυτοὺς
396 461 618 498 ἀναγορεύοντες,
628 462 676 489 κα)⁵
688 462 720 488 τὸ
736 462 792 489 τῶν
807 461 928 497 πρεσϐυ-

137 507 223 541 τέρων
239 507 355 542 χρίσμα,
371 507 506 543 ἄχρηστον
520 505 602 539 εἶναι,
613 509 661 534 καὶ
673 508 715 540 εις
732 507 821 543 μάτην
837 508 929 534 snt-ts-

138 550 253 584 λείσθαι,
273 553 493 588 τιρατευόμενοι.

176 597 208 629 ζ’.
223 595 383 633 Ἀρ“ἐστιν,
409 599 439 630 ὃς
464 599 634 635 τηλικαύτην
659 600 729 635 ἀκοῇ
759 598 930 635 παρείληφεν

140 642 245 675 ἄνοιαν,
259 643 292 678 ἢν
305 643 479 678 κατατολμᾷν
496 645 522 670 al
539 643 715 679 παράφρονες
737 642 788 669 οὑκ
809 641 929 677 ὲνάρκη-

141 695 211 720 σαν;
226 687 296 719 Τοὺς
309 688 383 720 ἅπαξ
397 688 476 724 μύρῳ
494 688 657 724 χρισθέντας
681 687 866 723 ἀναχρίοντες,
883 686 931 713 καὶ

141 733 176 759 τὰ
189 732 245 759 τῶν
260 733 432 768 Χριστιανῶν
445 734 574 769 ὑπερφυῆ
587 734 635 760 καὶ
647 733 707 760 θεῖα
721 732 872 768 μυστήρια,
890 733 930 764 είς

141 779 224 815 λῆρον
241 779 356 815 μακρὸν,
369 780 417 806 καὶ
430 779 536 807 πλατὺν
546 779 738 815 ὲξορχούμενοι
750 779 867 814 γέλωτα.
875 778 930 805 Καὶ

141 825 171 851 τό
182 834 213 859 γε
226 825 308 859 σοφὸν
319 826 374 852 τῶν
384 825 421 857 ὡς
434 825 542 861 ἀληθῶς
553 825 695 861 ἀμυήτων.
713 825 749 851 Οὐ
764 824 819 859 γὰρ
831 824 932 857 ἔξεστι,

142 871 237 904 φασὶν,
265 870 384 906 ἱερεῦσιν
410 871 474 902 τοὺς
487 870 667 905 τελουμένους
691 869 770 906 μύρῳ
787 870 930 904 ἁγιάζειν·

143 916 301 952 ἀρχιερεῦσι
318 916 371 952 γὰρ
387 916 478 951 μόνοις
494 917 625 952 ἐνομίσθη
635 924 642 932 ·
655 916 737 942 πόθεν
751 917 765 943 ό
782 915 863 952 νόμος
873 923 881 948 ;
892 914 934 946 τίς

143 961 370 998 δ’ὁνομοῦέτηω
391 963 467 994 ποῖος
489 962 544 989 τῶν
572 962 748 994 ἀποστόλωνς
766 962 820 989 τῶν
845 961 935 989 Πατέ-

145 1017 200 1043 ρων
212 1008 258 1041 se;
274 1008 344 1035 ἀλλὰ
354 1009 408 1035 τῶν
420 1009 537 1036 συνόδων
548 1018 556 1042 ;
571 1008 588 1044 ἢ
601 1009 653 1036 ποῦ
661 1009 708 1036 καὶ
718 1009 784 1036 πότε
793 1009 915 1035 συστᾶσα
925 1017 934 1042 ;

143 1054 225 1081 τίνων
239 1054 268 1081 δὲ
281 1055 444 1090 κρατήσασα
457 1055 577 1090 ψήφοιςς
590 1055 640 1081 οὐκ
649 1054 754 1088 ἔξεστιν
772 1055 842 1090 ίερεῖ
856 1054 936 1090 μύρῳ

144 1101 208 1132 τοὺς
218 1100 435 1136 βαπτιζομένους
452 1101 631 1136 σφραγίζειν;
646 1101 744 1128 οὐκοῦν
760 1101 820 1127 οὐδὲ
836 1100 936 1136 βαπτί-

146 1148 204 1179 ζειν
219 1148 298 1179 ὅλως,
315 1148 376 1174 οὐδὲ
392 1147 531 1183 ἱερᾶσθαι·
551 1147 606 1183 ἄρα
624 1148 669 1174 ἵνα
682 1156 724 1174 σοι
748 1147 817 1183 μηδὲ
839 1147 938 1182 ἡμίτο-

148 1203 198 1229 μος
217 1195 318 1230 ἱερεὺς,
332 1194 391 1221 ἀλλ’
404 1194 562 1229 ὁλόκληρος,
579 1194 621 1225 είς
645 1193 754 1229 ἀνίερον
768 1193 812 1229 εἴη
836 1193 938 1228 κλῆρον

146 1240 365 1275 ἀπεληλαμένος.
397 1239 546 1275 ’ἱερουργεῖ
569 1239 600 1266 τὸ
617 1239 778 1267 δεσποτικὸν
795 1239 876 1274 σῶμα
892 1240 939 1266 καὶ

148 1284 219 1321 αἷμα
234 1286 365 1322 Χριστοῦ,
381 1286 504 1318 καὶτοὺς
521 1286 606 1313 πάλαι
625 1285 894 1321 μυσταγωγηθέντας
905 1285 939 1312 δι’

148 1332 238 1360 αὐτῶν
250 1333 425 1368 καθαγιάζει,
435 1333 493 1364 πῶς
506 1333 556 1368 οὐχ
571 1332 681 1368 ἁγιάσει
693 1331 772 1368 μύρῳ
782 1332 866 1368 χρίων
876 1331 940 1363 τοὺς

149 1379 197 1406 νῦν
212 1379 410 1415 τελουμένους;
429 1379 555 1415 βαπτίζει
568 1380 582 1406 ὁ
597 1379 699 1415 ἱερεὺς,
724 1378 874 1414 καθάρσιον
889 1377 941 1404 δῶ-

151 1434 197 1461 ρον
211 1424 249 1460 τῷ
270 1425 462 1461 βαπτιζομένῳ
478 1424 688 1462 τελεσιουργῶν,
718 1425 787 1457 πῶς,
808 1421 842 1460 ἦς
865 1423 941 1450 τελε-

977 189 1037 209 rum
1055 178 1257 216 agricolationis
1283 175 1353 212 apud
1371 175 1431 202 illos
1446 176 1582 203 serentes.
1597 175 1626 197 et
1643 170 1762 198 animas.

977 232 1033 255 tam
1047 215 1207 261 nuperrime
1222 231 1317 251 semen
1332 220 1441 257 pietatis
1453 218 1576 254 proferre
1591 215 1766 250 incipientes,

977 274 1119 309 superiore
1133 270 1312 300 seminatione
1327 267 1495 295 zizaniorum
1505 264 1577 292 male
1588 262 1746 298 perdentes.
1758 270 1763 290 ι

1012 365 1040 392 ϐ.
1060 363 1114 391 Sed
1139 366 1167 391 et
1192 361 1341 390 chrismate
1363 358 1491 386 inunctos
1515 362 1565 390 per
1593 353 1765 381 sacerdotes.

978 412 1070 441 denuo
1083 410 1233 438 chrismate
1249 407 1382 442 inungere
1397 412 1453 432 non
1467 402 1646 433 dubitabam;
1661 407 1723 426 cum
1739 405 1769 425 se

977 457 1123 493 episcOpos
1139 454 1330 490 praedicarent.
1347 455 1375 478 et
1402 448 1626 485 presbyterorum
1649 445 1770 472 chrisma

978 490 1080 530 inutile?
1103 501 1233 537 quiddam
1259 506 1291 526 ac
1315 497 1416 526 frustra
1442 495 1545 522 factum
1579 490 1772 520 comminisce-

979 557 1028 577 ren
1032 554 1058 576 ω
1063 557 1086 575 Γ.

1015 595 1042 622 7.
1061 594 1103 621 An
1117 593 1198 620 talem
1213 591 1275 627 quis
1289 589 1425 617 insaniam
1451 585 1598 621 aliquando
1621 583 1703 611 fando
1720 589 1772 609 au-

979 640 1058 672 divit,
1075 646 1156 674 quam
1172 645 1227 665 non
1250 637 1418 664 coltorruere
1444 631 1616 660 insanientes
1631 628 1675 656 isti
1693 627 1773 655 facti-

981 685 1054 715 tare?
1077 690 1108 713 ut
1120 684 1204 712 semel
1218 683 1279 711 oleo
1291 682 1428 710 delibutos
1444 686 1539 706 rursus
1556 677 1733 711 inungerent.
1746 677 1774 701 et

981 737 1096 769 augusta
1114 732 1159 759 illa
1178 730 1326 763 divinaque
1348 726 1568 755 Christianorum
1591 720 1719 757 mysteria
1745 719 1774 745 in

981 779 1053 806 bene
1067 778 1161 812 longas
1172 783 1259 811 nugas
1269 778 1298 802 et
1316 773 1403 801 risum
1422 771 1628 804 lubentiamque
1641 771 1774 796 conversa

983 810 1182 860 proculcarent.
1198 810 1252 848 sed
1272 820 1335 848 vide
1359 816 1620 846 insanctificatorum
1644 810 1774 840 fallacias.

983 857 1132 901 Nonlicet.
1156 869 1295 898 dicebant,
1325 863 1514 894 sacerdotibus
1540 860 1691 896 baptizatos
1714 857 1776 885 oleo

984 917 1156 946 sanctiﬁcare
1172 924 1180 943 :
1198 916 1251 943 hoc
1262 913 1336 941 enim
1351 912 1416 940 solis
1439 911 1498 946 lege
1523 914 1684 937 concessum
1716 904 1776 939 epi-

985 965 1086 1000 scopis.
1106 963 1205 991 Verum
1223 961 1296 989 unde
1310 961 1355 988 illa
1376 958 1441 986 lex?
1462 956 1529 990 Quis
1545 955 1682 991 legislator
1697 952 1708 979 ?
1724 952 1776 979 Ec-

985 998 1048 1046 quis
1062 1008 1248 1044 apostolorum
1263 1015 1270 1034 :
1286 1005 1334 1034 sed
1345 1013 1378 1032 an
1388 1004 1430 1031 vel
1445 1002 1569 1033 Patrum,
1581 1005 1654 1028 aute
1667 998 1778 1034 synodis

986 1056 1095 1091 aliqua?
1112 1055 1158 1082 ubi
1175 1054 1296 1089 gentium
1313 1052 1368 1082 illa.
1393 1050 1436 1078 vel
1459 1048 1570 1084 quando
1592 1051 1696 1078 coacta,
1711 1052 1780 1080 quo-

988 1109 1084 1129 rumve
1098 1100 1169 1127 votis
1182 1099 1285 1127 sancita
1301 1102 1329 1125 et
1340 1095 1495 1131 suﬂragiis?
1518 1093 1577 1122 Non
1600 1093 1665 1120 licet
1688 1098 1781 1118 sacer.

988 1147 1055 1181 doti,
1070 1146 1223 1182 baptizatos
1238 1145 1299 1172 oleo
1315 1143 1443 1180 signare?
1470 1141 1552 1169 Certe
1577 1144 1634 1167 tum
1657 1145 1709 1165 nec
1733 1138 1781 1165 ba-

989 1194 1102 1230 ptizare,
1118 1200 1170 1220 nec
1190 1191 1356 1222 sacrificare,
1377 1193 1458 1223 atque
1474 1187 1508 1215 de
1525 1186 1612 1214 media
1633 1185 1675 1212 sui
1689 1188 1779 1219 parte.

990 1239 1117 1268 sacerdos
1134 1246 1189 1265 non
1211 1237 1365 1272 perfectus,
1385 1235 1411 1262 in
1439 1237 1541 1262 sortem
1567 1232 1646 1259 abeat
1669 1230 1781 1257 abactus

990 1285 1142 1322 profanam.
1169 1284 1220 1317 Qui
1251 1289 1350 1317 corpus
1378 1280 1551 1308 Dominicum
1576 1281 1728 1308 consecrat,
1753 1279 1782 1302 et

990 1320 1092 1360 Christi
1106 1330 1280 1366 sanguinem.
1294 1333 1321 1355 et
1344 1335 1393 1363 per
1412 1326 1457 1353 illa
1479 1325 1541 1352 illos
1563 1321 1717 1351 sanctificat
1735 1320 1782 1355 qui

992 1377 1076 1404 sacris
1091 1365 1169 1403 erant
1184 1375 1248 1402 olim
1266 1373 1382 1405 initiati;
1400 1371 1472 1398 unde
1496 1369 1549 1397 erit
1572 1372 1603 1396 ut
1626 1375 1681 1394 non
1709 1365 1783 1394 idem

991 1422 1143 1451 sanctificat
1157 1421 1218 1449 oleo
1240 1427 1345 1455 ungens
1363 1415 1588 1446 consummatos?
1608 1414 1728 1448 baptizat
1740 1420 1784 1439 sa—

151 1471 277 1506 σιουργδς
287 1471 367 1502 αὐτὸς
379 1472 496 1507 ὑπάρχει
506 1471 677 1507 καθάρσεως,
686 1471 850 1506 ἀφαιρήσεις
858 1469 940 1496 αὑτοῦ

995 1470 1100 1501 cerdos,
1111 1469 1213 1496 donum
1223 1465 1401 1502 expiatorium
1411 1464 1439 1491 in
1452 1463 1590 1498 baptizato
1601 1463 1786 1490 consummat;

150 1517 199 1553 τὴν
214 1516 338 1553 φυλακὴν
350 1517 397 1544 καὶ
411 1517 561 1553 σφραγίδα;
576 1518 634 1544 ἀλλ’
651 1518 779 1553 ἀφαιρεῖς
790 1516 840 1551 τὴν
856 1524 943 1551 σφρα-

151 1563 224 1598 γίδα,
244 1562 307 1598 μηδ’
322 1564 471 1599 ὑπηρετεῖν
498 1564 666 1600 ὲπιστρέψῃς
682 1566 693 1580 ⁸
722 1563 762 1598 τῷ
778 1562 867 1598 δώρῳ,
882 1562 943 1598 μηδ’

153 1611 182 1636 ὲν
196 1609 270 1645 αὺτῴ
285 1619 360 1642 τινας
383 1610 582 1647 τελεσιουργεῖν
592 1631 600 1644 ,
615 1610 660 1637 ἵνα
677 1618 708 1636 σε
723 1611 848 1645 γυμνοῖς,
864 1610 879 1637 ὁ
898 1609 944 1640 σὸς

153 1656 254 1692 ἱερεὺς,
265 1656 454 1692 ὲνδιαπρέπων
464 1657 605 1692 ὀνόμασιν,
618 1657 668 1691 τῆς
678 1656 765 1691 αὐτῆς
779 1655 854 1691 αὑτῷ
864 1663 947 1690 χορο-

155 1702 267 1734 acacia;
285 1705 433 1739 κορυφαῖον
447 1701 532 1740 δείξῃ,
548 1704 595 1730 καὶ
605 1703 766 1730 ἐπίσκοπον.

192 1837 228 1870 η’.
249 1834 331 1861 Ἀλλὰ
350 1835 405 1870 γὰρ
427 1834 488 1869 οὐχ),
513 1834 594 1868 μόνον
610 1835 651 1866 είς
666 1834 755 1861 ταῦτα
778 1834 947 1868 παρανομεῖν

157 1881 353 1917 ἐξηνέχθησαν,
369 1876 449 1907 ἀλλὰ(
462 1880 510 1907 καὶ¹
535 1880 616 1912 εἴτις
629 1879 725 1907 κακῶν
742 1881 800 1906 ἐστι
820 1879 947 1914 κορωνὶς,

158 1927 260 1963 ταύτην
278 1927 442 1962 ἀνέδραμον.
471 1926 544 1962 Πρὸς
569 1926 622 1962 γάρ
649 1934 691 1953 τοι
707 1927 764 1957 τοῖς
791 1924 949 1961 εἰρημένοις

158 1975 328 2010 ἁτοπήμασι,
343 1974 432 2001 καὶτὸ
449 1973 522 2009 ἱερὸν
537 1973 584 2000 καὶ
601 1973 680 2007 ἅγιον
692 1971 838 2007 σύμὸολον,
852 1971 866 1998 ὖ
881 1972 949 1998 πᾶσι

158 2022 213 2053 τοῖς
229 2020 377 2052 συνοδικοίς
394 2020 442 2047 καὶ
455 2019 655 2055 οίκουμενικοῖς
676 2019 861 2054 ψηφίσμασιν,
876 2013 950 2053 ἆμα-

160 2076 207 2102 χον
222 2066 277 2102 ἔχει
294 2067 344 2102 τὴν
357 2067 445 2102 ἰσχὺν,
459 2066 547 2097 νόθοις
561 2065 714 2100 λογισμοῖς,
725 2064 774 2091 καὶ
790 2064 951 2100 παρεγγρά-

161 2121 238 2143 πτοις
261 2112 362 2146 λόγοις,
387 2112 435 2139 καὶ
457 2111 578 2146 θράσους
600 2110 751 2146 ὑπερϐολῇ,
779 2110 951 2145 κιϐδηλεύειν

161 2157 360 2192 ἐπεχείρησαν·
373 2154 398 2184 ὦ
411 2157 466 2183 τῶν
480 2157 526 2183 τοῦ
542 2156 662 2191 πονηροῦ
679 2156 902 2192 μηχανημάτωνί
921 2156 951 2182 τὸ
967 2153 990 2180 D

162 2203 276 2238 Πνεῦμα
289 2203 320 2230 τὸ
336 2203 413 2237 ἅγιον
429 2203 480 2229 οὐκ
492 2204 524 2229 ὲκ
541 2201 589 2228 τοῦ
601 2201 707 2237 [ἰατρὸς
719 2202 812 2237 μόνον,
835 2202 906 2229 ἀλλά
919 2211 952 2237 γε

156 2249 211 2276 καὶ
225 2250 258 2276 ὲκ
273 2249 320 2276 τοῦ
335 2249 411 2282 Υίοῦ,
429 2249 637 2284 ἐκπορεύεσθαι,
653 2249 908 2285 καινολοτήσαντες.

200 2338 233 2367 0'.
252 2339 300 2371 Τίς
314 2347 380 2365 ποτε
395 2337 535 2374 τοιαύτην,
548 2339 624 2374 παρὰ
637 2338 691 2365 τῶν
716 2338 829 2366 πώποτε
851 2340 954 2375 ἀσεϐη-

166 2385 282 2418 σάντων,
312 2385 406 2420 φωνὴν
430 2385 549 2420 ἥκουσεν
569 2386 716 2421 ραγεῖσαν;
745 2386 821 2417 ποῖος
847 2386 955 2419 σκολιὸς

165 2431 227 2465 ὄφις
241 2431 281 2462 εἰς
295 2431 344 2462 τὰς
369 2430 483 2457 ἐκείνων
508 2430 624 2466 καρδίας
641 2430 720 2457 τοῦτο
735 2430 871 2466 ἡρεύξατο
883 2440 892 2465 ;
906 2431 956 2464 Τίς

166 2477 234 2509 am;
249 2477 403 2512 ἀνάσχοιτο,
417 2477 471 2504 τῶν
486 2478 515 2504 ὲν
534 2477 708 2513 Χριστιανοῖς
727 2477 877 2505 τελούντων
887 2499 894 2510 ,
910 2478 957 2505 ἐπὶ

166 2524 217 2558 τῆς
230 2524 312 2557 ἁγίας
326 2524 440 2559 Τριάδος
452 2522 499 2550 δύο
517 2523 638 2557 είσάγειν
654 2523 746 2550 αἴτια·
761 2523 827 2550 Υἱοῦ
844 2523 894 2559 μὲν
909 2524 957 2551 καὶ

167 2568 338 2603 Πνεύματος,
352 2569 398 2595 τὸν
416 2569 525 2603 Πατέρα
536 2577 542 2583 ·
562 2568 608 2594 τοῦ
626 2568 786 2604 Πνεύματος
809 2568 838 2594 δὲ
863 2568 956 2602 πάλιν,

166 2615 213 2642 τὸν
228 2615 306 2642 Υίόν·
329 2614 377 2641 καὶ
391 2615 431 2646 είς
452 2614 556 2641 διθεταν
574 2614 625 2650 τὴν
640 2614 790 2650 μοναρχίαν
807 2613 892 2648 λύειν,
908 2615 957 2642 καὶ

169 2661 238 2698 μηδὲ
254 2659 357 2697 ιἦττον
383 2661 432 2695 τῆς
458 2660 617 2696 Ἑλληνικῆς
646 2660 818 2696 μυθολογίας,
837 2661 888 2697 τὴν
904 2661 957 2688 τῶν

994 1523 1047 1551 qua
1061 1514 1167 1542 ratione
1181 1512 1301 1548 privabis
1326 1511 1402 1538 illum
1419 1508 1543 1537 custodia
1561 1512 1589 1535 et
1610 1506 1698 1541 sigillo
1712 1505 1787 1532 illius

995 1559 1205 1597 puriﬁcationis,
1222 1558 1302 1593 cujus
1328 1558 1387 1592 ipse
1410 1560 1469 1583 erat
1495 1551 1719 1582 consummator?
1738 1558 1787 1578 ve-

996 1616 1056 1636 rum
1067 1607 1160 1635 aufers
1177 1605 1306 1642 sigillum.
1325 1611 1378 1632 nec
1401 1603 1474 1630 dono
1495 1600 1598 1637 pateris
1620 1597 1787 1629 subservire,

995 1663 1047 1682 nec
1060 1654 1166 1688 aliquos
1184 1659 1232 1687 per
1243 1651 1309 1679 illud
1324 1655 1526 1680 consummare,
1544 1651 1574 1674 ut
1594 1645 1669 1673 nudo
1682 1647 1788 1672 tantum

995 1699 1108 1727 nomine
1127 1703 1191 1726 tuus
1207 1697 1355 1732 insignitus
1382 1694 1522 1725 sacerdos,
1547 1697 1574 1720 te
1597 1691 1706 1726 quidem
1726 1697 1788 1717 cum

997 1747 1056 1782 ipso
1070 1745 1210 1774 societatis
1228 1749 1257 1772 et
1268 1731 1449 1771 chorostasize
1467 1740 1642 1776 corypbzeum
1657 1731 1797 1768 declaret,‘

997 1798 1025 1821 et
1040 1793 1212 1828 episcopum.

1036 1840 1062 1866 8.
1082 1838 1228 1865 Enimvero
1247 1844 1302 1863 non
1327 1835 1355 1862 in
1380 1833 1439 1861 istis
1463 1836 1568 1860 tantum
1591 1837 1707 1866 peccare
1727 1834 1792 1868 sunt

999 1884 1114 1916 inducti,
1130 1883 1177 1910 sed
1192 1883 1221 1910 in
1233 1881 1319 1916 ipsam
1336 1878 1484 1914 impietatis
1503 1876 1673 1906 coronidem,
1687 1875 1709 1902 si
1731 1882 1792 1910 qua:

999 1931 1055 1959 ulla
1069 1934 1121 1961 est,
1137 1929 1318 1957 devenerunt.
1343 1925 1447 1952 Praeter
1464 1923 1538 1951 enim
1562 1926 1727 1949 memoratas
1743 1922 1794 1948 ab:

1000 1977 1147 2006 surditates
1163 1978 1287 2002 sanctum
1302 1977 1331 2000 et
1343 1978 1452 1999 sacrum
1476 1968 1641 2005 symbolum,
1667 1967 1740 2002 quod
1759 1967 1794 1994 ab

1001 2023 1130 2052 omnibus
1143 2020 1377 2049 aecumenicorum
1395 2016 1575 2045 conciliorum
1591 2014 1704 2042 calculis
1728 2021 1795 2040 con-

1002 2070 1137 2100 firmatur,
1160 2071 1189 2094 et
1213 2065 1267 2092 vim
1294 2064 1401 2092 obtinet
1428 2061 1640 2092 irresistibilem.
1668 2059 1796 2087 sensibus

1003 2114 1116 2151 spuriis,
1130 2112 1221 2140 verbis
1235 2110 1374 2142 ascititiis,
1391 2116 1451 2143 quae
1472 2114 1580 2135 summa
1596 2105 1648 2133 fuit
1672 2105 1795 2140 ipsorum

1003 2148 1126 2192 audacia,
1155 2156 1328 2184 conabantur
1343 2154 1510 2181 adulterare.
1536 2151 1558 2178 0
1579 2148 1798 2177 machinationes

1004 2204 1170 2234 diabolicas!
1188 2201 1321 2237 Spiritum
1345 2203 1469 2227 sanctum
1491 2203 1564 2224 novo
1581 2203 1657 2223 more
1681 2193 1798 2222 commi-

1005 2251 1191 2281 niscebantur,
1219 2255 1275 2275 non
1295 2246 1330 2275 de
1356 2245 1413 2274 solo
1437 2244 1518 2272 Patre
1545 2242 1595 2270 sed
1621 2241 1702 2269 etiam
1729 2239 1798 2266 Filio

1006 2296 1164 2333 procedere.

1041 2343 1068 2370 9.
1089 2341 1156 2375 Quis
1178 2346 1297 2374 unquam
1320 2337 1384 2365 olim
1409 2336 1490 2363 talem
1512 2341 1608 2362 vocem
1633 2332 1737 2360 audivit
1762 2332 1797 2358 ab

1006 2388 1099 2424 impiis
1113 2386 1185 2422 apud
1204 2385 1334 2413 saeculum
1352 2383 1427 2418 prius
1440 2380 1594 2416 prolatam?
1608 2378 1800 2414 quislubricus

1007 2435 1104 2470 anguis
1123 2433 1152 2460 in
1168 2432 1289 2467 ipsorum
1305 2429 1387 2457 corda
1405 2428 1458 2455 hoe
1475 2425 1633 2454 eructavit?
1650 2424 1717 2458 Quis
1739 2425 1800 2452 cul-

1008 2481 1048 2508 tui
1075 2479 1201 2507 initiatus
1227 2476 1385 2505 Christiano
1408 2474 1480 2501 ferre
1504 2477 1587 2508 queat
1613 2471 1748 2506 duplicem
1772 2471 1799 2497 in

1007 2526 1108 2554 Triade
1121 2530 1230 2552 causam
1248 2521 1317 2553 dari,
1335 2519 1443 2548 Patrem
1453 2526 1553 2554 nempe
1563 2525 1673 2546 causam
1689 2517 1761 2550 Filii,
1773 2522 1801 2544 et

1010 2572 1148 2608 Spiritus,
1165 2568 1285 2604 Spiritus
1306 2571 1400 2594 autem
1413 2573 1522 2593 causam
1548 2564 1667 2592 Filium?
1687 2564 1739 2591 hoc
1759 2568 1802 2590 est

1011 2615 1200 2646 monarcbiam
1215 2615 1244 2642 in
1260 2614 1397 2649 duplicem
1420 2612 1548 2640 deitatem
1566 2612 1682 2642 solvere,
1699 2614 1727 2637 et
1746 2617 1800 2636 non

1012 2665 1102 2691 minus
1115 2669 1195 2698 quam
1208 2660 1369 2696 gentilitiam
1383 2659 1576 2696 mythologiam
1587 2657 1806 2686 ClirTstianorum

828 2729 943 2758 VARle
964 2729 1168 2759 LECTIONES.

208 2804 220 2818 ι
239 2800 281 2827 la.
303 2798 469 2835 ἐπιτρέψειε.
512 2798 520 2816 ί
543 2798 585 2826 ἵετ’.
602 2798 696 2834 μηδέν.
