1940 3087
155 107 207 138 ’12⁵1

722 104 853 135 ΡΗΟΤΙΙ
873 102 1126 133 ΡΑΤΠΙΑΠΟΗΑΞ
1144 104 1189 134 CP

1727 94 1781 126 7‘28

158 164 315 199 discerpere
338 162 512 198 theologiam,
540 167 622 196 atque
643 160 680 188 ita
695 159 837 187 Trinitatis
858 159 945 193 digni-

1011 159 1170 195 [ριστιανῶν
1185 158 1352 194 σπαράττειν
1366 155 1514 190 θεολογίαν,
1533 153 1580 181 καὶ
1598 152 1649 186 τῆς
1663 151 1781 186 ὑπερθυ-

160 215 242 237 tatem
254 208 523 245 supersubstantialis
538 213 565 235 et
582 206 764 235 mouarchicae
782 213 832 240 per
845 208 944 232 contu-

160 255 269 282 meliam
294 255 467 282 imminuere.
487 253 539 280 Sed
560 260 689 288 quorsum
715 259 730 279 e
753 250 822 278 Filio
848 257 945 285 proce-

160 302 238 329 deret
258 301 391 336 Spiritus?
416 299 444 327 Si
472 299 584 334 quidem
609 298 744 333 profectio
769 305 783 324 a
803 296 883 324 Patre
909 295 946 323 sit

161 346 280 380 perfecta
296 346 348 379 (est
362 349 452 371 autem
475 349 550 371 certe
568 343 697 378 perfecta,
721 342 785 377 quia
809 341 946 376 perfectus

164 392 243 423 Deus,
260 399 276 418 ιι
291 391 346 418 Deo
362 390 505 425 perfecto),
522 397 582 424 quae
596 393 686 416 autem
706 387 750 414 illa
764 394 779 414 a
797 386 866 414 Filio
882 392 946 421 pro-

162 437 252 468 fectio.
269 441 296 464 et
309 444 392 471 quam
408 436 443 463 ob
463 435 537 462 rem?
556 434 638 462 Certe
661 441 705 461 res
725 438 945 467 supervacanea,

161 488 242 518 atque
261 483 298 511 ita
313 483 409 510 futilis.

198 529 241 557 i0.
262 529 357 557 Adhuc
369 533 472 560 autem.
495 528 518 555 si
538 535 554 555 θ
578 527 648 555 Filio
666 526 792 562 procedit
815 525 946 561 Spiritus,

163 575 202 602 uti
217 579 245 602 et
262 582 277 602 e
289 573 386 607 Patre;
403 581 451 601 cur
467 581 523 600 non
537 577 565 600 et
578 573 663 600 Filius
671 572 789 608 gignitur
802 579 818 598 e
831 571 946 605 Spiritu,

163 624 194 647 ut
207 628 223 648 e
240 620 336 647 Patre?
354 624 384 647 ut
397 619 437 646 sic
453 619 545 654 impiis
564 619 655 646 omnia
678 618 733 645 sint
753 618 833 652 plane
854 616 946 651 impia,

163 667 215 694 hoc
228 671 281 699 est,
304 671 332 693 et
352 673 459 698 sensus,
481 670 564 700 atque
581 672 689 698 sermo,
722 671 775 691 nec
800 662 948 698 quidquam

164 712 218 739 illis
231 711 401 746 relinquatur
416 711 555 738 inausum.

199 757 317 785 H.‘Sed
332 761 360 784 et
376 757 428 784 hoc
443 762 574 792 pmterea
590 756 798 784 consideretur:
814 755 949 790 siquidem

165 803 193 831 in
210 811 243 831 eo
265 803 337 838 quod
356 811 371 830 a
394 803 473 830 Patre
496 802 616 838 Spiritus
637 803 776 838 procedat,
795 802 950 838 proprietas

165 848 251 884 ipsius
265 853 445 884 agnoscatur;
463 848 499 875 ita
515 852 542 876 et
563 847 624 875 Filii
646 848 798 883 proprietas
818 853 950 882 agnosca-

165 899 220 926 tur.
237 894 265 921 in
278 901 311 922 eo
325 895 397 930 quod
417 893 501 921 Filius
518 898 675 930 generatur.
700 893 825 920 Procedit
847 898 950 924 autem,

166 945 197 968 ut
213 941 251 969 illi
265 941 392 974 delirant,
408 945 436 968 et
458 949 474 968 a
497 940 566 968 Filio
589 940 722 975 Spiritus;
744 938 872 974 quocirca
893 937 951 972 plu-

165 989 242 1016 ribus
268 989 480 1024 proprietatibus
505 988 636 1016 dividitur
666 987 785 1023 Spiritus
807 995 823 1014 a
850 986 949 1016 Patre.

165 1043 247 1070 quam
261 1035 348 1063 Filius
361 1044 368 1062 :
384 1035 516 1070 siquidem
533 1041 678 1070 processus
695 1033 813 1068 Spiritus
825 1039 859 1060 ex
875 1031 951 1067 ipsis,

166 1089 311 1109 commune
324 1081 452 1117 quiddam
465 1081 538 1108 Patri
553 1085 606 1113 est,
622 1085 651 1107 et
665 1079 744 1107 Filio.
758 1078 875 1114 Spiritus
887 1085 953 1112 pro-

166 1128 255 1155 cessio
270 1136 285 1156 e
305 1127 383 1155 Patre
407 1133 435 1155 et
456 1135 473 1155 e
495 1127 564 1155 Filio
586 1131 628 1154 est
648 1126 767 1161 Spiritus
787 1125 952 1161 proprietas.

166 1174 245 1207 Quod
269 1174 292 1202 si
318 1175 444 1210 pluribus
465 1172 602 1200 distantiis
619 1172 711 1200 diﬂ‘ert
730 1171 848 1206 Spiritus
871 1178 952 1205 quam

168 1219 261 1252 Filius,
289 1219 439 1254 proximior
459 1218 513 1246 erit
540 1222 662 1253 paternae
684 1216 842 1245 substantiae
867 1215 953 1243 Filius

167 1273 248 1300 quam
263 1270 306 1292 est
323 1264 456 1300 Spiritus;
479 1268 562 1299 atque
586 1263 623 1291 ita
647 1263 755 1290 dentom
782 1262 871 1290 audax
887 1261 954 1288 illud

169 1309 274 1337 facinus
292 1310 320 1336 in
341 1309 471 1344 Spiritum
490 1313 614 1337 sanctum
633 1307 783 1335 Macedonii
809 1310 951 1342 proreptu-

169 1363 229 1383 rum
257 1359 309 1386 est,
339 1355 480 1382 hominum
508 1354 622 1382 istorum
650 1354 769 1381 fabulam
796 1358 823 1380 et
843 1359 954 1381 scenam

167 1402 237 1429 clam
256 1402 377 1429 subiens.

204 1448 248 1475 η.
269 1448 382 1483 Insuper
399 1455 475 1479 vero,
491 1447 515 1474 si
536 1446 627 1474 omnia
643 1445 733 1473 Patris
754 1449 782 1472 et
796 1444 856 1472 Filii
880 1452 954 1472 com-

170 1494 262 1521 munia
278 1497 354 1526 sunt,
369 1497 443 1521 certe
463 1497 490 1520 et
504 1501 565 1528 qua:
589 1492 720 1527 Spiritum
741 1495 866 1526 spectant
889 1495 954 1518 sum
968 1509 992 1540 c

169 1539 250 1566 etiam
265 1538 438 1570 communia;
468 1546 566 1571 nempe
580 1538 662 1570 Deus,
685 1544 744 1569 rex,
761 1541 878 1567 creator.
895 1544 956 1563 om-

171 1585 309 1619 nipotens,
329 1584 602 1620 supersubstantialc,
624 1584 751 1618 simplex,
768 1583 956 1618 inﬁguratum,

171 1631 352 1665 incorporale,
369 1630 514 1663 invisibile,
535 1635 562 1658 et
597 1630 760 1665 simpliciter
783 1630 836 1657 alia
853 1629 956 1657 omnia.

171 1677 250 1711 Quod
265 1677 287 1704 si
305 1677 444 1712 processio
461 1676 582 1711 Spiritus
595 1676 631 1704 sit
649 1676 721 1703 Patri
747 1676 900 1703 communis
916 1681 957 1702 at-

171 1730 225 1758 que
236 1722 316 1753 Filio.
328 1727 385 1749 tum
400 1729 416 1749 e
433 1722 525 1756 seipso
543 1721 672 1756 procedet
689 1721 817 1756 Spiritus,
832 1721 889 1756 ipse
905 1720 956 1748 sibi

172 1769 224 1804 ipsi
254 1768 418 1803 principium
442 1768 504 1801 erit,
534 1775 614 1795 causa
638 1768 717 1795 simul
746 1772 773 1795 et
796 1772 957 1800 causatum;

172 1821 253 1848 quam
275 1814 411 1841 fictionem
432 1821 467 1840 ne
492 1812 649 1840 Graecorum
685 1812 785 1840 fabula:
813 1812 959 1840 commini—

172 1868 267 1888 sceren
272 1865 299 1887 ιιι
303 1869 314 1887 Γ
319 1881 326 1887 .

209 1909 254 1936 15.
272 1909 385 1936 Accedit
397 1914 487 1936 autem
502 1907 585 1943 quod,
597 1908 620 1935 si
632 1908 772 1943 proprium
788 1909 824 1935 sit
841 1907 960 1942 Spiritus

173 1954 259 1982 solius
291 1954 319 1980 in
347 1953 455 1981 diversa
479 1953 613 1988 principia
647 1953 806 1980 relationem
841 1953 959 1987 habere,

172 2006 248 2028 certe
264 2000 349 2027 solius
367 2000 421 2028 erit
437 1999 555 2035 Spiritus
571 1999 735 2035 principium
757 1999 860 2027 habere
887 2000 960 2027 mul—

173 2047 267 2082 tiplex,
284 2050 313 2073 et
328 2053 381 2072 non
399 2053 494 2072 unum.

209 2092 252 2119 ﬂ.
274 2092 387 2122 Addam,
406 2092 428 2119 si
450 2091 478 2119 in
498 2091 597 2126 quibus
615 2100 713 2119 novam
740 2092 828 2120 Patris
849 2096 877 2120 et
900 2092 961 2120 Filii

173 2138 396 2166 communionem
411 2138 631 2170 introduxerunt,
648 2138 682 2164 ab
696 2137 728 2164 iis
747 2138 812 2172 ipsis
829 2137 961 2172 Spiritum

995 207 1054 234 σίου
1069 207 1117 233 καὶ
1137 205 1304 241 μοναρχικῆς
1318 204 1431 240 Τριάόος
1447 200 1601 238 ἐξυὸρίζειν
1620 200 1650 227 τὸ
1662 199 1782 233 ἀξίωμα.

995 253 1045 279 Διὰ
1059 252 1125 279 τίδὲ
1143 251 1190 279 καὶ
1206 250 1387 286 ὲκπορευθείη
1402 249 1449 276 τοῦ
1465 247 1532 275 Υίοῦ
1547 247 1578 274 τδ
1593 246 1723 280 Πνεῦμα;
1750 244 1782 270 ΕΞ

995 299 1050 335 γὰρ
1060 300 1077 334 ἡ
1090 300 1123 326 ἐκ
1136 297 1184 326 τοῦ
1199 297 1305 333 Πατρδς
1333 295 1496 330 ὲκπόρευσις
1510 292 1601 320 τελεία
1617 289 1718 325 (τελεία
1741 289 1782 335 δὲ,

995 346 1036 372 ὅτι
1051 344 1118 376 Θεὸς
1133 343 1246 376 τέλειος,
1264 344 1297 369 ὲκ
1313 341 1381 368 Θεοῦ
1391 339 1506 374 τελείου)
1516 338 1557 370 τίς
1571 338 1588 373 ἡ
1609 338 1641 363 ὲκ
1654 335 1702 362 τοῦ
1717 334 1783 361 Υιοῦ

996 391 1169 426 ὲκπόρευσις,
1187 390 1234 416 καὶ
1243 389 1287 416 διὰ
1307 388 1333 415 τί
1343 396 1351 420 ;
1373 386 1503 423 Περιττδν
1516 384 1570 420 γὰρ
1586 383 1618 411 ἂν
1632 382 1674 417 εῐη
1693 381 1782 411 τοῦτο,

997 436 1047 463 καὶ
1059 437 1185 472 μάταιον.

1035 529 1061 554 ι’.
1078 525 1139 552 Ἔτι
1161 524 1200 556 δὲ.
1222 525 1246 551 εί
1271 522 1453 558 ἐκπορεύεται
1476 520 1524 547 τοῦ
1538 518 1604 546 Υἰοῦ
1619 517 1649 544 τὸ
1660 516 1784 550 Πνεῦμα,

997 574 1091 608 ὥσπερ
1107 573 1139 598 ἐκ
1154 571 1260 606 Πατρός
1271 578 1278 585 ·
1292 569 1319 597 τί
1333 569 1370 605 μὴ
1385 569 1435 596 καὶ
1447 569 1462 595 ό
1475 567 1540 598 Tib;
1551 567 1584 593 ὲκ
1593 565 1640 592 τοῦ
1661 563 1785 598 Πνεῦμα-

998 625 1045 650 τος
1059 618 1199 653 γεννᾶται,
1209 615 1304 652 ὥσπερ
1319 617 1351 642 ἑκ
1363 614 1485 649 Πατρόςς
1502 613 1546 639 ἵνα
1565 612 1607 647 εῐη
1628 611 1717 638 πάντα
1729 610 1787 640 τοῖς

999 666 1143 694 ἁσεὸοῦσιν
1160 664 1256 700 ἀσεϐῆ,
1271 664 1319 691 καὶ
1345 663 1374 690 αἱ
1398 662 1519 697 γνῶμαι,
1535 659 1584 687 καὶ
1607 658 1641 686 τὰ
1657 658 1784 694 ῥήματα·

999 712 1047 740 καὶ
1059 711 1142 747 μηδὲν
1161 711 1253 742 αὐτοῖς
1266 709 1417 744 ἀτόλμητον
1430 706 1599 734 ὑπολίποιτο.

1037 746 1081 786 ια’.
1099 758 1198 785 Σκόπει
1213 756 1242 783 δὲ
1263 756 1390 783 κάκεῖνο·
1417 753 1441 780 εί
1457 753 1511 787 γὰρ
1524 746 1586 785 ὲνῷ
1604 749 1652 777 τοῦ
1680 747 1789 782 Πατρδς

1001 804 1182 842 ἐκπορεύεται
1205 803 1236 830 τὸ
1264 801 1389 836 Πνεῦμα.
1413 801 1430 835 ἡ
1453 798 1553 842 ἰόιότης
1577 795 1788 842 ὲπιγινιὶισκεται

1001 839 1102 878 αὑτοῦ·
1122 848 1254 879 ὡσαύτως
1282 847 1322 878 δὲ,
1351 845 1399 873 καὶ
1411 845 1441 870 ὲν
1455 841 1477 877 ᾧ
1496 842 1624 877 γεννᾶται
1644 840 1658 866 ό
1672 840 1746 871 Υἱὺς,
1771 839 1788 873 ή

1001 897 1049 924 τοῦ
1063 895 1141 923 Υίοῦ.
1161 892 1357 928 Ἐκπορεύεται
1369 890 1409 922 δὲ,
1423 890 1461 920 ὡς
1475 890 1489 915 ὁ
1502 887 1615 915 ἐκείνων
1631 886 1723 921 λῆρος,
1743 885 1790 911 καὶ

1001 943 1033 969 τδ
1042 941 1155 977 Πνεῦμα
1167 941 1199 966 ὲκ
1211 939 1258 966 τοῦ
1276 937 1353 965 Υίοῦ.
1371 934 1496 963 Πλείοσιν
1514 934 1568 968 ἄρα
1590 932 1718 977 ἰδιότησιν
1731 930 1790 957 δια-

1003 974 1141 1016 στέλλεται
1153 986 1184 1014 τὺ
1199 985 1312 1020 Πνεῦμα
1327 983 1373 1011 τοῦ
1388 982 1504 1018 Πατρὺς,
1521 980 1592 1015 ἥπερ
1606 974 1620 1005 ὅ
1633 978 1707 1009 Υἱός.
1725 977 1791 1003 Κοι-

1002 1037 1047 1063 νὸν
1064 1035 1112 1071 μὲν
1122 1033 1177 1070 γὰρ
1191 1032 1278 1069 Πατρὶ
1292 1031 1339 1058 καὶ
1353 1029 1422 1064 Υεῷ,
1434 1030 1451 1064 ὴ
1465 1027 1495 1061 ἐξ
1505 1026 1595 1055 αὐτῶν
1605 1024 1652 1051 τοῦ
1667 1023 1791 1071 Πνεύμα-

1002 1090 1047 1113 τος
1061 1069 1174 1117 ττρόοδος
1183 1088 1191 1095 ’
1209 1079 1262 1105 ἰδία
1274 1078 1303 1105 δὲ
1315 1076 1362 1104 τοῦ
1379 1073 1573 1110 Πνεύματος,ῆ
1584 1081 1614 1098 τε
1629 1072 1662 1097 ἐκ
1675 1069 1722 1096 τοῦ
1737 1069 1792 1117 [‘qu-

1002 1128 1068 1164 ’πρὸς
1079 1115 1253 1162 ἐκπόρευσις,
1271 1123 1384 1158 καὶμὴν
1401 1121 1447 1149 καὶ
1468 1121 1485 1156 ὴ
1498 1121 1529 1146 ἐκ
1548 1118 1596 1146 τοῦ
1621 1117 1698 1144 Υεοῦ.
1718 1117 1749 1142 Εἰ
1764 1115 1793 1142 δὲ

1005 1162 1126 1202 τελείοσιν
1141 1171 1284 1206 διαφοραῖς
1296 1168 1478 1197 διαστέλλεται
1490 1166 1520 1193 τὺ
1532 1164 1656 1198 Πνεῦμα,
1678 1163 1751 1198 ἢπερ
1777 1162 1793 1187 ὀ

1004 1220 1079 1251 Υἱὸς,
1096 1217 1238 1253 ἐγγυτέρω
1254 1216 1288 1243 ἂν
1303 1214 1347 1250 εἴη
1365 1214 1414 1249 τῆς
1427 1212 1564 1247 πατρικῆς
1581 1210 1675 1240 οὐσίας
1689 1208 1704 1234 ὁ
1717 1207 1793 1239 Υἱός,

1005 1267 1077 1302 ἥπερ
1098 1265 1130 1291 τὸ
1160 1263 1289 1298 Πνεῦμα’
1315 1261 1363 1288 καὶ
1389 1259 1475 1291 οὕτως
1486 1259 1503 1293 ἡ
1517 1255 1686 1285 Μακεδονίου
1701 1253 1793 1284 πάλιν,

1005 1312 1075 1339 κατὰ
1085 1309 1132 1338 τοῦ
1148 1309 1318 1344 Πνεύματος,
1334 1305 1493 1342 παρακὺψει
1509 1304 1612 1339 τόλμα,
1632 1301 1663 1328 τὸ
1681 1301 1795 1327 ἐκείνων

1005 1356 1177 1392 ὑποδυομένη
1190 1355 1293 1391 δρᾶμα,
1311 1354 1358 1380 καὶ
1373 1352 1422 1388 τὴν
1434 1350 1547 1386 σκηνήν.

1042 1444 1086 1481 ιβ’.
1102 1444 1207 1475 Ἄλλως
1233 1452 1262 1470 τε
1278 1442 1318 1476 δὲ,
1333 1442 1358 1468 εἰ
1376 1441 1465 1468 πάντα
1476 1439 1512 1466 τὰ
1530 1437 1609 1465 κοινὰ
1623 1436 1730 1472 Πατρδς
1747 1435 1797 1462 καὶ

1007 1492 1083 1525 Υῐοῦ,
1099 1493 1145 1518 καὶ
1158 1491 1205 1518 τοῦ
1219 1489 1376 1525 Πνεύματος
1392 1488 1501 1518 πάντως
1519 1485 1637 1520 ὑπάρχει
1652 1482 1740 1510 κοινά·
1757 1481 1798 1513 ὼς

1006 1539 1037 1566 τὸ
1048 1538 1125 1571 Θεὸς,
1139 1537 1169 1563 τὸ
1182 1536 1323 1568 Βασιλεὺς,
1338 1534 1369 1561 τὸ
1383 1531 1553 1569 Δημιουργὸς
1563 1551 1571 1562 ,
1588 1531 1619 1557 τὺ
1636 1528 1797 1562 Παντοκρά-

1005 1594 1074 1621 τωρ,
1087 1584 1118 1611 τὸ
1135 1580 1365 1617 ’Υπερούσιον,τδ
1382 1578 1510 1611 ’Δπλοῦν,
1521 1577 1551 1604 τὸ
1566 1575 1797 1621 Ἀσχημάτιστον,

1006 1632 1036 1658 σὺ
1047 1620 1227 1664 "Anapum,
1249 1628 1280 1654 τὺ
1299 1626 1437 1661 ’Δόρατον,
1453 1623 1548 1654 ἁπλῶς
1565 1622 1600 1648 τὰ
1613 1621 1681 1648 ἄλλα
1696 1620 1796 1646 πάντα·

1007 1677 1095 1705 κοινὸν
1112 1676 1142 1703 δὲ
1156 1674 1263 1710 Πατρὺς
1278 1672 1326 1700 καὶ
1341 1671 1416 1703 Υξοῦ,
1430 1672 1446 1706 ἡ
1461 1670 1508 1697 τοῦ
1525 1668 1691 1703 Πνεύματος,
1708 1666 1738 1698 ἐξ
1748 1665 1800 1692 αὐ-

1006 1723 1071 1755 τῶν,
1083 1721 1210 1758 πρόοδος·
1228 1719 1276 1747 καὶ
1290 1718 1319 1752 ἐξ
1331 1717 1428 1745 ἑαυτοῦ
1443 1717 1499 1752 ἄρα
1518 1713 1753 1750 ὲκπορευθήσεται
1767 1710 1800 1737 τὸ

1010 1769 1140 1805 Πνεῦμα·
1161 1767 1210 1794 καὶ
1224 1766 1297 1802 ἀρχὴ
1318 1764 1396 1792 ἔσται
1409 1763 1475 1790 αὐτὸ
1501 1761 1610 1793 ἑαυτοῦ,
1636 1760 1684 1787 καὶ
1711 1758 1799 1785 αἴτιον

1008 1816 1067 1850 ἅμα
1079 1804 1126 1842 καὶ
1140 1812 1270 1840 αἰτιατόν.
1284 1811 1375 1844 Ὅπερ
1392 1809 1446 1836 οὐδ’
1459 1809 1484 1835 οἱ
1496 1807 1551 1835 τῶν
1567 1806 1703 1841 Ἑλλήνων
1717 1804 1799 1840 μύῢοι

1009 1863 1207 1890 ἁνεπλάσαντο.

1046 1909 1092 1944 ιγΊ
1125 1907 1207 1935 Ἀλλὰ
1225 1907 1272 1934 καὶ
1284 1907 1308 1933 ει
1327 1904 1408 1940 μόνου
1423 1900 1582 1935 Πνεύματός
1609 1900 1678 1944 ἐστι,
1703 1897 1801 1944 τδῃεὶς

1009 1941 1097 1989 ἀρχας
1110 1950 1295 1986 ἀναφέρεσθαι
1317 1947 1474 1983 διαφόρους,
1493 1945 1551 1976 πῶς
1566 1943 1616 1970 οὐκ
1638 1943 1696 1969 ἐστι
1717 1941 1800 1977 μόνου

1011 1999 1180 2035 Πνεύματος,
1194 1998 1226 2024 τδ
1240 1996 1395 2031 πολύαρχον
1411 1994 1484 2027 ἔχειν
1497 1991 1603 2026 01pr;

1047 2090 1089 2116 ιδ’.
1104 2089 1165 2114 Ἔτι
1181 2086 1220 2118 δὲ,
1238 2086 1261 2112 εί
1285 2086 1314 2110 ὲν
1329 2080 1370 2114 οἷς
1395 2081 1485 2116 Πατρὶ⁸
1501 2080 1549 2107 καὶ
1573 2078 1632 2114 Υἱῷ
1655 2076 1802 2105 κοινωνίαν

1012 2134 1242 2169 ἐκαινούργησαν,
1257 2130 1288 2156 τδ
1303 2127 1417 2163 Πνεῦμα
1435 2127 1543 2157 τούτοις
1556 2123 1779 2158 ἀποτειχίζουσιν
1789 2129 1798 2137 ⁸

173 2183 338 2216 excludunt;
350 2188 378 2210 et
393 2183 415 2210 si
432 2183 512 2211 Pater
528 2182 597 2210 Filio
620 2191 669 2218 per
688 2167 867 2209 subsiantiam
891 2190 954 2209 cun-

1011 2181 1104 2217 Πατὴρ
1126 2167 1157 2206 δὲ
1169 2167 1232 2204 κατ’
1253 2175 1348 2203 οὐσίαν
1373 2172 1441 2208 ria,
1469 2171 1527 2198 ἀλλ’
1543 2171 1574 2197 οὺ
1599 2169 1671 2196 κατά
1696 2175 1724 2194 τι
1741 2167 1800 2193 τῶν

171 2230 308 2265 jungitur.
327 2237 382 2256 non
395 2233 486 2255 autem
500 2228 650 2257 secundum
667 2228 785 2262 aliquam
799 2235 815 2254 e
833 2228 957 2262 proprie-

174 2276 291 2308 tatibus;
316 2274 445 2310 Spiritum
466 2282 575 2309 quoque
596 2273 824 2301 circumscribant
848 2281 960 2301 necesse

173 2325 224 2352 est,
241 2320 285 2347 illa
299 2329 359 2354 qua:
375 2328 423 2355 per
433 2320 612 2348 substantiam
632 2323 674 2346 est
687 2320 857 2354 cognatione.

210 2367 253 2393 15.
273 2366 356 2394 Vides
369 2367 443 2393 enim
458 2373 540 2401 quam
556 2366 674 2393 inaniter
688 2366 743 2398 isti,
762 2366 811 2393 sed
826 2369 918 2393 tamen
930 2370 962 2393 ut

174 2413 280 2440 facilius
292 2413 385 2447 plures
399 2412 463 2439 inde
478 2416 666 2447 aucupentur;
687 2419 787 2438 nomen
810 2411 863 2439 sibi
878 2411 961 2439 Chri-

174 2459 294 2487 stianum
309 2459 507 2493 imposuerunt.
534 2457 680 2494 Egreditur
695 2465 710 2484 a
737 2457 806 2485 Filio
824 2457 960 2492 Spiritus;

175 2504 233 2532 Hoc
253 2504 326 2532 unde
349 2505 430 2532 fando
453 2503 555 2532 factum
579 2503 730 2538 accepisti?
749 2503 770 2530 E
797 2504 961 2538 quibusnam

174 2551 330 2585 Evangeliis
353 2550 425 2578 hanc
451 2558 546 2578 vocem
572 2549 674 2577 habes?
691 2548 839 2584 Cuiusnam
867 2549 961 2585 synodi

175 2597 364 2632 blasphemum
378 2597 450 2624 istud
467 2597 600 2624 verbum?

211 2644 255 2671 16.
277 2643 407 2670 Dominus
423 2650 455 2670 ac
470 2642 541 2670 Deus
555 2647 648 2670 noster
664 2642 764 2677 inquit.
782 2641 897 2676 Spiritus
917 2641 962 2676 qui

176 2691 318 2725 procedita
337 2689 523 2719 Patre.lslius
531 2694 621 2716 autem
639 2689 788 2716 novitiana:
816 2687 963 2722 impietatis

176 2744 303 2774 parentes
317 2740 411 2766 aiunt:
425 2737 538 2772 Spiritus
554 2738 625 2772 quia
640 2737 709 2764 Filia
728 2737 855 2771 procedit.

212 2828 279 2860 Quis
292 2827 391 2855 nonad
406 2833 544 2854 enormem
565 2825 634 2852 hanc
650 2823 844 2859 blasphemiam
869 2822 963 2850 occlu-

1010 2214 1173 2262 ἰδιωμάτων,
1208 2224 1248 2254 είς
1271 2216 1414 2248 κοινωνίαν
1441 2217 1626 2245 συνάντιςειικκι⁸
1653 2215 1703 2249 τῆς
1735 2214 1803 2240 κατ’

1010 2260 1104 2302 οὐσίαν
1117 2271 1171 2307 ἄρα
1187 2267 1360 2303 συγγενείας,
1382 2266 1414 2291 τδ
1433 2263 1546 2298 Πνεῦμα
1558 2260 1774 2297 περιορίζουσιν.

1048 2365 1090 2390 ιε’.
1113 2361 1207 2396 Ὀρᾷς.
1220 2359 1258 2390 ὡς
1272 2357 1360 2393 μάτην
1377 2351 1461 2384 οὗτοι.
1478 2353 1578 2388 μᾶλλον
1593 2352 1615 2378 δ’
1633 2352 1674 2382 εἰς
1686 2349 1802 2385 πρόχει-

1013 2417 1059 2446 ρον
1076 2408 1164 2443 θήραν
1179 2405 1234 2431 τῶν
1259 2402 1375 2433 πολλῶν,
1390 2401 1422 2427 τὸ
1434 2399 1488 2427 τῶν
1504 2396 1803 2446 Χριστιανῶν-ὲαμτοῖς

1012 2441 1145 2481 ἐπέθεσαν
1156 2452 1254 2485 ὄνομα.
1273 2447 1468 2483 Ἐκπορεύεται
1481 2445 1511 2472 τὸ
1523 2444 1637 2479 Πνεῦμα
1649 2442 1696 2469 τοῦ
1712 2441 1780 2467 Υἱοῦ
1791 2448 1801 2456 ο

1013 2499 1096 2527 πόθεν
1112 2498 1232 2533 ἠκουσας
1248 2494 1349 2527 τοῦτος
1365 2494 1397 2519 ὲκ
1419 2492 1503 2519 ποίων
1527 2487 1737 2523 Εὑαγγελιστῶν
1752 2487 1804 2522 τὴν

1013 2545 1106 2581 φωνὴν
1129 2543 1202 2578 ἔχεις
1217 2542 1319 2576 ταύτην
1333 2547 1341 2572 ;
1355 2538 1435 2570 ποίας
1451 2536 1562 2564 συνόδου
1587 2536 1619 2562 τὸ
1638 2534 1803 2570 βλάσφημον

1012 2590 1091 2617 τοῦτο
1106 2589 1182 2624 ῥῆμα
1190 2594 1199 2620 ;

1050 2635 1098 2668 ις’.
1107 2623 1148 2660 7'0
1163 2632 1264 2668 Κύριος
1279 2631 1328 2658 καὶ
1342 2629 1408 2660 Θεὸς
1420 2628 1498 2664 ἡμῶν
1512 2635 1606 2662 φησιν,
1621 2626 1656 2653 Τὸ
1669 2623 1804 2658 Πνεῦμα,

1014 2682 1030 2709 ὃ
1041 2680 1120 2714 παρὰ
1136 2678 1189 2706 τοῦ
1205 2677 1322 2711 Πατρὸς
1330 2674 1524 2707 ἐκπορεύεται
1534 2681 1541 2687 ·
1562 2672 1586 2698 oi
1599 2671 1626 2697 δὲ
1643 2670 1691 2705 τῆς
1704 2668 1805 2703 καινῆς

1013 2726 1114 2760 ταύτης
1135 2723 1294 2753 δυσσεϐείας
1311 2720 1441 2755 πατέρες,
1460 2718 1496 2746 Τὸ
1517 2717 1649 2752 Πνεῦμα,
1667 2715 1762 2751 φησὶν,
1786 2714 1806 2741 ὃ

1014 2773 1094 2807 παρά
1113 2771 1167 2799 τοῦ
1181 2770 1248 2798 Υιοῦ
1259 2769 1460 2802 ἐκπορεύεται.

1050 2821 1098 2851 Τίς
1115 2819 1144 2845 οὐ
1172 2818 1274 2845 κλείσει
1290 2816 1323 2843 τὰ
1343 2813 1400 2842 ὦτα
1418 2813 1486 2849 πρὸς
1502 2812 1551 2848 τὴν
1571 2810 1725 2846 ὑπερϐολὴν
1749 2809 1802 2844 τῆς
