1939 3083
115 77 162 109 729

119 136 289 172 βλασφημίας
307 135 429 172 ταύτης;
455 136 530 172 Αὕτη
554 137 625 164 κατὰ
641 137 696 164 τῶν
724 139 901 173 Εὐαγγελίων
915 143 937 170 Α

118 183 229 214 ἵσταται,
253 183 322 219 πρὸς
348 184 398 215 τὰς
420 184 501 219 ἁγίας
525 184 730 220 παρατάσσεται
756 187 894 219 συνόδους,

117 230 173 262 τοὺς
187 230 341 265 μακαρίους
367 231 414 257 καὶ
429 231 526 265 ἁγίους
537 231 750 266 παραγράφεται
762 233 834 259 Πατέ
839 241 900 269 ρας,

118 276 158 302 τον
178 276 265 310 μέγαν
280 273 455 308 ”Αθανάσιον,
477 276 523 303 τὸν
540 277 569 303 ἐν
593 276 717 313 θεολογίᾳ
738 277 900 313 περιϐόητον

120 322 276 358 Γρηγόριον,
289 322 340 357 τὴν
354 322 496 349 Βασίλειον
509 323 558 356 τῆς
581 322 745 358 Ἐκκλησίας
761 323 857 359 στολὴν
874 329 899 355 ιι,

119 369 160 395 τὸν
187 369 274 403 μέγαν
295 368 452 400 Βασίλειον,
472 368 502 394 τὺ
521 367 641 404 χρυσοῦν
665 369 715 403 τῆς
738 369 901 404 οἰκουμένης

119 416 211 450 στόμα,
235 415 267 442 τδ
289 416 340 450 τῆς
367 416 465 449 σοφίας
500 415 629 449 πέλαγος,
654 415 701 443 τὸν
727 415 765 447 ὡς
794 415 902 451 ἀληθῶς

117 463 315 498 Χρυσόστομον.
335 463 388 489 Καὶ
399 463 426 489 τί
447 462 521 497 λέγω
537 463 583 489 τὸν
607 462 691 495 δεῖνα,
715 461 732 497 ἢ
746 463 793 489 τὸν
808 462 899 496 δεῖνας

117 510 182 537 κατὰ
193 509 303 537 πάντων
317 509 386 545 ὁμοῦ
394 509 448 536 τῶν
461 510 548 544 ἁγίων
561 509 720 545 προφητῶν,
732 510 900 541 ἀποστόλων,

117 556 258 592 ίεραρχῶν.
280 555 438 591 μαρτύρων,
456 556 505 583 καὶ
531 556 622 583 αὐτῶν
650 556 705 582 τῶν
733 555 902 582 δεσππικῶν

117 603 219 637 φωνῶν,
236 604 253 638 ἡ
273 603 434 639 βλάσφημος
451 603 521 639 αὕτη
535 602 584 629 καὶ
598 602 734 638 θεόμαχος
754 603 830 638 φωνὴ
845 602 903 635 ἑξο-

116 648 248 680 πλίζεται.

148 693 190 727 ιζ’.
204 695 242 721 Τδ
259 695 372 731 Πνεῦμα
382 696 415 724 ὲκ
429 695 478 723 τοῦ
489 695 555 723 Υῖοῦ
568 695 749 730 ἐκπορεύεται
762 703 770 728 ;
788 695 902 731 πότερον

114 741 160 776 τὴν
175 742 261 778 αὐτὴν
284 743 461 779 ὲκπόρευσιν,
481 743 498 779 ἢ
523 743 574 778 τῆς
591 742 723 778 πατρῴας
739 741 900 774 ἀντίθετον;

119 789 146 815 ΕΞ
163 789 213 823 μὲν
225 789 280 825 γὰρ
292 789 342 825 τὴν
364 790 462 824 αὐτὴν,
479 788 538 822 πῶς
563 789 594 816 οὑ
612 789 768 816 κοινοῦνται
784 790 812 815 αἱ
841 788 903 815 ἰδιό-

115 821 208 869 τητες
229 821 274 866 αἷς
287 821 336 862 καὶ
366 821 463 870 μόναις
488 821 617 871 ἠτριὰς,
632 835 719 871 Τριὰς
745 835 827 866 εἶναι,
855 834 902 861 καὶ
916 821 940 851 Β

115 881 335 916 προσκυνεῖσθαι,
352 881 596 918 χαρακτηρίζεται.
613 883 645 909 Et
659 882 688 909 δὲ
705 882 815 916 ἐκείνης
828 882 903 909 ἀντί-

115 926 201 959 θετον,
223 926 284 958 πῶς
297 927 364 962 ἡμῖν
381 927 412 954 οὺ
430 927 581 961 Μάνεντες,
602 927 650 954 καὶ
671 927 847 963 Μαρκίωνες,
864 927 903 963 τῷ

116 971 218 1007 ῥήματι
244 971 342 1007 τούτῳ,
369 972 569 1008 προκύπτουσι,
592 972 643 1008 τὴν
660 972 795 1009 θεόμαχον
811 973 904 1006 πάλιν,

116 1018 183 1044 κατὰ
206 1017 254 1044 τοῦ
276 1018 393 1053 Πατρὶς,
417 1019 467 1045 καὶ
489 1019 536 1046 τοῦ
554 1018 632 1052 Υῖοῦ,
653 1019 780 1054 γλῶσσαν
793 1019 905 1055 προτεί-

115 1073 204 1097 νοντες
215 1073 223 1098 ;

151 1111 197 1146 ιη’.
213 1111 286 1146 Πρδς
298 1111 327 1138 δέ
340 1119 373 1145 γε
391 1112 448 1143 τοῖς
462 1111 630 1146 εἰρημένοις,
649 1112 674 1138 εἰ
690 1112 722 1138 ἐκ
737 1112 785 1139 τοῦ
799 1112 905 1147 Πατρὸς

117 1157 165 1194 μὲν
176 1158 190 1184 ὁ
205 1158 268 1190 Υἱὸς
282 1159 455 1193 γεγέννηται,
467 1158 496 1184 τὺ
510 1158 539 1184 δὲ
555 1158 667 1193 Πνεῦμα
683 1159 714 1185 ἐκ
729 1157 775 1184 τοῦ
787 1159 903 1193 Πατρδς,

116 1204 224 1232 καὶτοῦ
239 1204 316 1237 Υξοῦ,
329 1204 511 1240 ἐκπορεύεται
522 1212 529 1219 ·
547 1205 584 1236 ὡς
600 1205 639 1236 εἰς
665 1204 712 1231 δύο
737 1204 827 1235 αἰτίας
839 1204 906 1230 ἁνα-

117 1252 278 1288 φερόμενον,
294 1252 355 1279 οὐδὲ
372 1251 402 1278 τὸ
417 1251 544 1278 σύνθετον
557 1249 628 1277 εἶναι
643 1251 825 1286 διαδράσειεν.

153 1298 196 1325 ιϐ’.
215 1297 278 1324 Ἔτι
293 1297 334 1331 δὲ,
348 1299 372 1324 εί
387 1298 419 1323 ὲκ
433 1296 480 1323 τοῦ
496 1296 606 1331 Πατρέις
622 1297 636 1322 ὁ
652 1295 715 1327 Υἱὸς
730 1295 905 1331 γεγέννηται,

115 1342 146 1370 τὺ
160 1343 190 1370 δὲ
217 1342 331 1377 Πνεῦμα
351 1342 384 1368 ὲκ
403 1340 450 1368 τοῦ
473 1341 580 1376 Πατρὺς
605 1341 654 1367 καὶ
680 1340 728 1368 τοῦ
743 1340 809 1367 Υίοῦ
822 1341 906 1367 ἐκπο-

118 1387 239 1422 ρεύεται,
259 1387 301 1418 τίς
325 1389 342 1422 ἡ
356 1386 518 1422 καινοτομία
531 1386 579 1413 τοῦ
597 1386 768 1421 Πνεῦματος,
802 1387 839 1422 μὴ
860 1386 908 1414 καὶ

115 1434 211 1469 ἕτερόν
235 1442 262 1460 τι
290 1432 372 1460 αὐτοῦ
402 1432 640 1467 ἐκπεπορεῦσθαι;
662 1432 699 1464 ὼς
729 1432 906 1466 συνάγεσθαι,

116 1481 190 1508 κατὰ
201 1479 251 1516 τὴν
266 1479 378 1506 ἐκείνων
394 1478 528 1514 θεόμαχον
542 1478 666 1513 γνώμην,
685 1479 723 1514 μὴ
740 1479 826 1514 τρεῖς,
839 1479 908 1505 ἀλλὰ
922 1497 943 1526 c

115 1527 252 1561 τέσσαρας
268 1525 319 1557 τὰς
336 1525 512 1557 ὑποστάσεις,
539 1525 641 1559 μᾶλλον
654 1524 676 1551 δ’
697 1525 845 1560 ἀπείρους·
857 1526 908 1560 τῆς

115 1572 251 1608 τετάρτης
280 1572 374 1603 αὐτοῖς
407 1571 492 1606 ἄλλην
524 1570 749 1606 προόαλλούσης,
778 1570 910 1606 κάκείνης

117 1619 200 1646 πάλιν
227 1619 334 1654 ἑτέραν.
354 1617 451 1653 μέχρις
469 1617 559 1649 ἂνέίς
577 1617 627 1652 τὴν
655 1617 800 1652 ἑλληνικὴν
826 1617 910 1643 πολυ-

117 1665 236 1700 πληθίαν
252 1664 401 1692 ἐπιπέσωσι.

153 1714 189 1738 κ’.
207 1710 277 1746 Πρὸς
307 1710 337 1737 δέ
360 1718 393 1744 γε
422 1710 479 1741 τοῖς
502 1708 795 1744 εἰρημένοις,κὰκεῖνο
820 1708 853 1735 ἄν
867 1716 911 1740 τις

117 1756 345 1791 ἐπισκοπήσειεν,
360 1754 398 1786 ὡς
421 1755 503 1789 εἴπερ
516 1755 534 1789 ή
548 1754 595 1781 τοῦ
615 1754 787 1788 Πνεύματος,
818 1754 852 1780 ὲκ
863 1753 911 1780 τοῦ

117 1801 238 1837 Πατρὺς,
255 1801 380 1836 πρόοδος,
397 1801 436 1832 εἰς
455 1799 573 1835 ὓπαρξιν
591 1800 734 1826 συντελεῖ·
751 1799 778 1826 τί
794 1799 913 1826 συνοίσει

118 1848 158 1884 τῷ
172 1847 313 1882 Ιινεύματι
327 1847 345 1882 ὴ
360 1848 393 1874 ὲκ
410 1846 459 1874 τοῦ
475 1846 541 1873 Υἱοῦ
555 1846 732 1881 ὲκπόρευσις,
745 1847 796 1881 τῆς
811 1855 912 1882 πατρι-

121 1894 176 1929 κῆς
191 1893 331 1929 ἀρκούσης
352 1893 392 1924 εἰς
409 1893 544 1928 ῦπαρξιν;
567 1893 604 1919 Oti
620 1892 676 1928 γάρ
692 1901 745 1925 τις,
763 1893 804 1924 είς
819 1892 914 1927 ἕτερόν

122 1951 162 1973 τι,
180 1941 234 1968 τῶν
258 1940 324 1977 περὶ¹
342 1940 392 1976 τὴν
405 1940 511 1972 οὐσίαν,
533 1939 680 1973 συντελεῖν,
696 1939 914 1974 κατατολμήσειε

121 1989 214 2022 λέγειν
226 1996 233 2002 ·
254 1987 346 2022 πάσης
361 1985 488 2021 διπλόης,
503 1986 551 2012 καὶ
577 1985 740 2018 συνθέσεως,
756 1985 806 2020 τῆς
823 1993 914 2020 μακα-

121 2033 184 2069 ρίας
209 2032 258 2059 καλ⁸
282 2032 359 2064 θείας
373 2031 481 2066 ἐκείνης
496 2030 616 2066 φύσεως,
635 2029 673 2062 ὡς
697 2031 836 2058 ἀπωτάτω
858 2039 916 2057 κει-

121 2080 221 2114 μένης.

161 2129 216 2152 κα’.
229 2123 323 2158 Χωρὶς
339 2124 368 2150 δὲ
393 2123 448 2150 τῶν
464 2123 630 2159 εἰρημένων,
653 2124 678 2150 ει
699 2124 754 2150 πᾶν
781 2124 851 2159 ὅπερ
878 2123 915 2160 μή

687 79 957 112 EPISTOLARUM
973 83 1090 114 LIBER
1108 85 1134 115 Ι.

1687 89 1741 121 730

952 141 998 169 det
1012 142 1113 169 aures?
1135 150 1196 178 qua:
1214 142 1290 179 quasi
1306 148 1360 171 stat
1381 151 1413 171 ex
1435 144 1549 172 adversa
1567 145 1625 174 acie
1647 145 1739 183 Evan-

953 188 1205 223 gelio,.exarmatur
1228 194 1322 216 contra
1340 197 1431 218 sacras
1452 191 1581 226 synodos,
1599 191 1693 219 beatos
1714 197 1742 220 et

952 240 1061 262 sanctos
1090 235 1186 263 Patres
1215 235 1350 269 falsiﬁcat,
1379 245 1478 273 nempe
1508 246 1635 273 magnum
1664 239 1741 266 illum

952 282 1155 314 Athanasium,
1176 283 1319 319 theologia
1344 283 1422 311 titulo
1445 285 1619 312 decantatum
1637 285 1740 321 Grego-

951 327 1035 362 rium,
1052 329 1181 357 Basilium
1194 329 1268 357 illum
1280 330 1410 358 Ecclesia:
1424 338 1488 357 vere
1505 331 1607 366 regiam
1631 332 1739 364 stolam.

952 384 1067 404 aureum
1089 376 1164 403 orbis
1189 384 1230 408 os,
1249 384 1314 403 vere
1338 376 1562 412 Chrysostomum
1575 397 1582 409 ,
1601 377 1741 411 sapientia.»

952 422 1017 449 illud
1028 422 1149 457 pelagus.
1159 421 1228 455 Quid
1241 425 1332 449 autem
1341 422 1416 450 hunc
1426 421 1468 449 vel
1480 422 1555 449 illum
1568 422 1742 457 compellem?

951 467 1052 494 Contra
1066 474 1163 494 omnes
1177 467 1290 494 omnino
1298 470 1408 494 sanctos
1420 467 1578 502 prophetas,
1594 467 1740 502 apostolos,

952 514 1120 545 sacerdotes,
1135 519 1280 549 martyres,
1296 517 1323 541 et
1338 508 1425 548 ipsius
1437 514 1520 541 etiam
1533 513 1740 546 Dominivoces,

951 558 1111 595 hlasphema
1123 559 1191 588 haec.
1212 563 1241 587 et
1265 559 1319 587 Deo
1339 559 1442 587 bellum
1465 559 1598 592 indicens,
1619 567 1672 587 vox
1694 567 1742 586 ex—

951 611 1081 634 armatur.

989 696 1035 724 17.
1055 695 1174 731 Spiritus
1197 696 1326 723 nimirum
1343 696 1494 731 procedite
1507 695 1593 723 Filio?
1611 695 1743 723 Utrumne

952 743 1047 771 eadem
1069 743 1256 778 processione,
1284 751 1317 769 an
1343 751 1376 770 ex
1405 743 1519 770 adversa
1544 742 1712 778 processioni
1729 750 1744 769 ιι

955 788 1054 816 Patre?
1073 788 1096 816 si
1125 789 1234 821 eadem,
1262 789 1399 824 quomodo
1426 796 1481 815 non
1507 788 1746 815 communicantur

955 834 1145 870 proprietates,
1165 842 1180 861 a
1193 834 1293 868 quibus
1308 838 1398 861 tamen
1415 833 1479 860 solis
1495 833 1614 860 Trinitas
1630 838 1657 860 et
1672 840 1744 863 esse.

954 885 981 908 et
994 881 1100 907 adorari
1117 880 1303 908 characterem
1321 880 1455 907 sortitur?
1470 879 1512 906 sin
1525 879 1660 906 contraria
1676 887 1745 913 qua-

955 927 1016 955 dam
1031 927 1080 960 illi,
1094 927 1231 962 quomodo
1248 935 1301 954 non
1315 927 1367 954 hac
1397 934 1445 953 sua
1459 926 1612 953 assertione
1624 925 1745 954 Manetes

955 980 983 1002 et
994 974 1146 1001 Marciones
1159 974 1360 1009 procuduntnr,
1375 973 1422 1008 qui
1437 973 1493 1000 Dco
1506 973 1607 1001 bellum
1623 973 1746 1000 indicen-

956 1025 1011 1048 tem
1025 1020 1154 1055 linguam,
1175 1024 1270 1047 contra
1286 1018 1395 1046 Patrem
1407 1024 1435 1047 et
1457 1018 1555 1046 Filium
1579 1027 1676 1046 rursus
1700 1027 1748 1047 ex-

955 1066 1086 1094 seruere?

992 1112 1036 1139 18.
1058 1113 1169 1140 Accedit
1182 1113 1214 1140 ad
1228 1113 1377 1147 praemissa,
1389 1111 1411 1139 si
1421 1120 1436 1138 e
1451 1112 1529 1139 Patre
1542 1111 1651 1146 quidem
1665 1111 1749 1138 Filius

957 1163 1114 1194 generatur,
1129 1159 1302 1194 Spiritusquc
1316 1159 1441 1194 procedit
1456 1166 1472 1185 e
1482 1158 1563 1185 Patre
1578 1163 1605 1185 et
1621 1157 1697 1189 Filio,
1720 1158 1747 1185 in

957 1206 1093 1241 duplicem
1109 1206 1275 1233 exsistentite
1292 1213 1348 1233 suae
1362 1213 1474 1233 causam
1491 1205 1603 1238 relatus,
1618 1213 1672 1232 non
1684 1213 1749 1231 eva-

957 1253 1014 1285 det,
1029 1253 1095 1288 quin
1113 1260 1140 1280 et
1155 1252 1322 1288 compositus
1341 1251 1465 1279 exsistat.

994 1299 1039 1326 19.
1060 1299 1157 1326 Adhuc
1177 1299 1199 1326 si
1224 1307 1239 1326 θ
1254 1298 1334 1326 Patre
1351 1303 1497 1334 generatur
1520 1299 1624 1328 Filius.
1644 1299 1666 1325 si
1687 1299 1733 1334 Spi

958 1346 1028 1373 ritus
1053 1353 1069 1373 e
1095 1346 1177 1373 Patre
1194 1345 1319 1380 procedit
1343 1351 1369 1373 et
1405 1345 1485 1377 Filio,
1509 1353 1634 1380 quaenam
1659 1345 1752 1372 evenit

959 1399 1029 1419 nova
1044 1391 1195 1422 inuovatio,
1211 1391 1360 1426 quominus
1375 1390 1409 1418 ab
1424 1390 1483 1426 ipso
1513 1389 1586 1417 aliud
1601 1389 1751 1425 procedat?

959 1438 998 1466 ita
1016 1437 1227 1470 constituentur,
1246 1437 1322 1472 juxta
1338 1436 1527 1471 blasphemam
1545 1436 1615 1464 hanc
1630 1436 1750 1471 ipsorum

960 1484 1136 1514 sententiam,
1152 1491 1207 1510 non
1218 1487 1275 1510 tres
1289 1483 1450 1518 hypostases
1463 1482 1538 1515 solae,
1562 1482 1611 1509 sed
1624 1486 1751 1517 quatuor,

959 1530 982 1557 si
1013 1537 1068 1557 non
1088 1530 1179 1565 potius
1205 1529 1329 1562 inﬁnitae,
1353 1534 1383 1557 ut
1404 1533 1500 1564 quarta
1525 1528 1605 1556 aliam
1635 1528 1752 1559 emittat,

959 1575 1006 1603 illa
1021 1575 1114 1603 itidem
1129 1575 1225 1606 aliam,
1242 1570 1396 1610 usquedum
1418 1575 1447 1602 in
1468 1574 1676 1610 multiplicatam
1700 1573 1752 1600 Pa-

960 1630 1093 1658 ganorum
1109 1621 1280 1650 divinitatem
1293 1621 1463 1649 deveniatur.

996 1712 1043 1740 20.
1064 1712 1166 1739 Prester
1190 1712 1352 1746 superiora,
1375 1714 1404 1738 et
1439 1711 1492 1737 hoc
1523 1708 1753 1736 considerandum

960 1759 1046 1794 quod,
1059 1758 1082 1786 si
1107 1757 1247 1792 processio
1272 1756 1391 1792 Spiritus
1407 1764 1422 1783 e
1445 1756 1525 1782 Patre
1550 1755 1579 1782 in
1601 1753 1755 1781 substantia

963 1804 1172 1835 determinetur,
1189 1802 1320 1837 quidnam
1337 1801 1463 1836 Spiritui,
1476 1807 1580 1835 qmeso,
1593 1798 1704 1826 accedet
1721 1798 1756 1824 ab

962 1849 1010 1877 illa
1028 1849 1063 1876 de
1076 1848 1145 1876 Filio
1161 1847 1347 1883 processione,
1363 1854 1425 1874 cum
1442 1845 1582 1881 processio
1594 1849 1706 1880 paterna
1721 1844 1756 1871 ad

964 1896 1111 1924 essentiam
1127 1894 1263 1923 suﬁiciat?
1281 1893 1367 1921 Nemo
1385 1893 1458 1920 enim
1484 1900 1517 1919 eo
1539 1892 1658 1919 audacia:
1673 1891 1756 1918 deve-

965 1943 1033 1974 niet,
1047 1941 1155 1976 opinor,
1168 1944 1198 1967 ut
1220 1938 1337 1967 alﬁrmet
1344 1937 1498 1966 conducere
1511 1936 1544 1963 ad
1555 1935 1656 1971 aliquid
1671 1934 1756 1967 aliud,

965 1996 1060 2024 eorum
1075 1995 1135 2022 quae
1150 1989 1214 2014 sunt
1226 1985 1299 2013 circa
1314 1984 1508 2016 substantiam,
1529 1990 1594 2015 cum
1608 1981 1759 2018 duplicatio

966 2034 1070 2070 quaevis
1085 2033 1248 2069 compositio
1263 2033 1298 2061 ab
1311 2032 1356 2059 illa
1373 2036 1471 2059 natura
1488 2030 1581 2058 divina
1597 2036 1679 2064 quam
1697 2028 1760 2056 lon-

967 2081 1077 2117 gissime
1091 2083 1278 2107 removentur.

1003 2126 1048 2153 ‘21.
1070 2124 1171 2152 Prteter
1196 2123 1363 2159 supradicta,
1376 2123 1399 2151 si
1427 2130 1509 2150 omne
1536 2123 1608 2157 quod
1636 2131 1691 2150 non
1718 2128 1760 2150 est

123 2174 185 2200 ἐστι
203 2173 292 2200 κοινὸν
306 2173 356 2207 τῆς
375 2174 630 2210 παντοκρατορικῆς
645 2173 694 2200 καὶ
707 2173 852 2207 ὁμοουσίου
867 2174 908 2200 κα¹

970 2164 1117 2200 commune
1131 2170 1258 2197 Trinitati
1278 2169 1316 2197 illi
1333 2169 1593 2204 omnipotestativaa,
1609 2168 1760 2195 homousiat

121 2218 283 2255 ὑπερφυοῦς
297 2219 424 2254 Τριάδος,
440 2219 499 2250 ἑνός
510 2221 568 2245 ἐστι
585 2220 666 2253 μόνου
677 2218 733 2245 τῶν
746 2219 830 2254 τριῶν
843 2227 850 2235 ·
867 2219 918 2246 οὐκ

120 2265 183 2291 ἔστι
197 2265 226 2291 δὲ
241 2263 314 2300 ἠτοῦ
325 2263 395 2291 Πνεύ
401 2272 487 2299 ματος
501 2263 632 2299 προϐολὴ,
649 2264 738 2290 κοινὸν
748 2264 802 2290 τῶν
812 2264 898 2299 τριῶν
908 2273 916 2280 ·

122 2310 185 2342 ὲνδς
197 2310 252 2345 ἄρα
268 2310 342 2336 ἐστὶν
357 2309 438 2344 μόνου
452 2308 507 2335 τῶν
522 2309 616 2344 τριῶν.
630 2309 749 2345 Πότερον
760 2307 807 2336 οὖν
824 2312 856 2337 ὲκ
870 2311 917 2338 τοῦ

122 2357 236 2392 Πατρὸς
264 2357 398 2390 φήσουσιν
429 2354 631 2390 ἐκπορεύεσθαι
658 2356 688 2381 τὸ
709 2355 838 2390 Πνεῦμας
870 2356 919 2383 καὶ

121 2402 186 2433 πῶς
211 2402 262 2428 οὐκ
279 2402 456 2437 ὲξομόσονται
478 2400 527 2437 τὴν
551 2401 632 2436 φίλην
652 2402 745 2433 αὐτοῖς
767 2403 812 2429 καὶ
824 2403 918 2438 κοινὴν

124 2448 344 2484 μυσταγωγίανς
361 2448 393 2475 Ei
419 2447 447 2474 δὲ
474 2448 506 2475 ἐκ
524 2447 572 2474 τοῦ
590 2448 667 2480 Υίοῢ,
680 2448 706 2475 τί
725 2447 762 2483 μὴ
776 2449 918 2484 καταρχὰς

121 2495 286 2531 ἐθάρρησαν
308 2495 400 2522 αὐτῶν
418 2494 483 2531 ὃλην
499 2495 654 2530 ἐκκαλύψαι
677 2494 726 2530 τὴν
749 2494 916 2530 θεομαχίαν;

122 2540 164 2570 ὼς
179 2540 210 2566 οὐ
230 2539 310 2574 μόνον
331 2540 377 2566 τὸν
399 2540 463 2566 Υἱὺν
478 2541 519 2571 εἰς
537 2540 587 2575 τὴν
603 2539 650 2566 τοῦ
671 2539 831 2575 Πνεῦματος
849 2548 918 2574 προ-

122 2587 210 2622 ϐολὴν
233 2586 445 2621 ὲγκαθιστῶσιν,
461 2587 530 2613 ἀλλὰ
555 2587 602 2613 καὶ
619 2586 666 2613 τοῦ
691 2586 799 2621 Πατρδς
813 2586 917 2622 ταύτην

122 2633 310 2669 ἀφαιροῦνται
322 2641 330 2648 ·
344 2629 385 2664 οἷς
398 2633 544 2659 ἀκόλουθον
558 2633 591 2668 δή
614 2642 677 2664 που,
695 2633 744 2660 καὶ
757 2633 806 2668 τὴν
822 2632 918 2667 γέννη-

110 2717 111 2721 Ὶ
124 2688 172 2706 σιν
185 2680 219 2714 τῇ
231 2678 352 2714 προϐολῇ
371 2677 636 2713 συμμετατιθέντας,
653 2679 720 2715 μηδὲ
743 2679 788 2706 τὸν
803 2678 869 2705 Υἱὺν
887 2679 919 2705 ὲκ

967 2223 995 2245 et
1011 2216 1223 2252 supernaturali,
1240 2216 1322 2243 unius
1334 2215 1419 2242 solius
1430 2219 1472 2241 est
1482 2214 1622 2249 proprium
1632 2221 1647 2241 e
1660 2214 1759 2246 tribus;

968 2263 1108 2299 processio
1137 2267 1228 2289 autem
1258 2261 1374 2296 Spiritus
1398 2268 1453 2287 non
1474 2264 1515 2287 est
1543 2260 1631 2287 tribus
1658 2259 1760 2294 aliquid

968 2316 1131 2342 commune;
1146 2307 1259 2335 omnino
1276 2306 1329 2334 erit
1345 2306 1428 2333 unius
1443 2305 1528 2332 solius
1555 2313 1570 2333 e
1597 2305 1684 2331 tribus
1695 2312 1761 2339 pro-

969 2356 1069 2391 prium.
1083 2354 1178 2382 Utrum
1190 2354 1272 2388 igitur
1282 2352 1457 2379 aﬂirmabunt
1468 2350 1599 2385 Spiritum
1612 2350 1761 2385 procedere

971 2409 987 2428 c
1002 2401 1092 2432 Patre,
1111 2408 1145 2427 an
1172 2398 1337 2430 noniQuod
1361 2397 1383 2424 si
1410 2400 1521 2428 autem,
1544 2395 1681 2430 quomodo
1704 2403 1761 2422 non

972 2446 1128 2474 necessario
1147 2444 1292 2479 cjerabunt
1311 2443 1384 2470 illam
1407 2449 1484 2469 suam
1501 2441 1627 2469 dilectam
1640 2441 1718 2473 adeo.
1734 2445 1762 2468 et

971 2499 1144 2521 communem
1161 2489 1373 2526 mystagogiam?
1389 2488 1466 2521 Quod
1488 2488 1509 2516 si
1524 2488 1616 2515 dicant
1637 2495 1652 2515 c
1681 2487 1762 2520 Filio,

971 2547 1021 2567 cur
1048 2546 1103 2566 non
1131 2537 1166 2564 ab
1190 2536 1269 2563 initio
1287 2543 1319 2563 eo
1343 2536 1463 2571 provecti
1491 2539 1555 2563 sunt
1584 2535 1714 2565 audaciae,
1731 2539 1764 2561 ut

972 2590 1056 2612 totam
1072 2591 1148 2612 suam
1162 2582 1358 2618 blasphemiam
1373 2582 1454 2609 simul
1483 2581 1659 2608 revelarent?
1674 2584 1703 2606 ut
1714 2579 1762 2614 qui

972 2640 1028 2659 non
1043 2636 1148 2659 tantum
1169 2629 1267 2657 Filium
1289 2629 1323 2657 ad
1347 2628 1557 2665 productiouem
1581 2627 1698 2660 Spiritus
1715 2624 1763 2651 ad-

974 2677 1094 2711 mittant,
1111 2677 1159 2705 sed
1172 2677 1278 2704 Patrem
1305 2676 1414 2712 privent
1441 2674 1550 2711 penitus
1564 2672 1674 2709 quidem
1696 2677 1764 2706 pro-

763 2757 881 2787 VARl/E
896 2756 1106 2786 LECTIONES.

167 2814 180 2840 ’ί
196 2821 224 2847 Io
232 2842 238 2849 .
255 2820 364 2856 στύλην.
