1940 3087
191 110 242 143 731

777 107 909 139 PHOTII
930 106 1180 137 PATRIARCHE
1198 107 1252 136 (ΣΡ.

1770 106 1818 139 732

192 168 333 196 ductione.
365 167 451 201 Quem
483 167 592 195 demum
623 166 749 194 ordinem
779 168 979 195 consectantes,

1048 162 1080 188 οὗ
1095 162 1213 197 Πατρδς.
1229 161 1297 189 sua
1312 161 1359 188 τὸν
1380 162 1492 198 Πατέρα
1507 163 1699 199 τερατολογεῖν
1721 163 1752 190 ἐκ
1774 163 1824 193 τοῦ,

192 215 398 251 generationem
414 222 468 241 non
484 213 574 240 minus
590 221 671 248 quam
695 211 896 248 processiouem
913 210 983 237 alte-

193 262 303 294 rabunt,
317 269 368 288 nec
387 260 484 288 Filium
506 267 521 287 e
537 260 628 292 Patre,
652 259 700 287 sed
727 259 836 286 Patrem
871 265 886 285 e
914 256 983 283 Filio

194 307 327 341 genitum,
341 306 412 341 quod
429 310 471 333 est
488 311 684 337 monstrosum,
705 303 982 336 commentabuntur;

195 352 267 378 unde
281 358 309 378 se
325 351 464 385 principes
477 356 504 377 et
517 350 683 386 antipilanos
697 357 753 377 non
766 353 871 376 tantum
886 348 984 383 impio-

194 405 254 424 rum
269 397 316 424 sed
330 401 358 424 et
374 396 539 424 furiosorum
554 396 733 424 exhibebunt.

229 441 275 468 22.
298 441 383 475 Quam
398 442 529 469 furiosam
546 447 574 470 et
593 442 705 477 impiam
731 441 852 476 ipsorum
871 445 984 469 senten-

196 487 260 514 tiam
274 495 336 515 esse
352 488 424 515 etab
440 488 493 516 isto
506 488 579 523 quod
599 488 723 516 dicemus
746 487 920 515 manifestum
944 486 986 514 ia-

195 534 311 561 ciemus.
327 534 442 567 Quando
458 534 590 570 quidquid
614 531 805 561 consideratur
823 534 865 561 vel
878 533 985 561 dicetur

195 578 268 605 inea
284 583 458 606 sacrosancta
478 579 650 607 conuaturali
677 583 706 606 et
729 579 984 614 supersubstantiali

196 623 340 656 Trinitatc,
355 625 398 652 vel
411 632 556 652 commune
566 624 694 659 quiddam
712 629 755 651 est
771 624 916 657 universae,
943 624 985 651 vel

197 671 278 698 unius
293 670 407 705 alicujus
433 670 560 705 illiusque
582 670 668 698 solius
692 677 708 698 e
729 670 816 697 tribus
843 670 983 704 personis;

196 723 314 750 cumque
330 716 448 751 Spiritus
472 716 611 752 processio
627 724 682 744 non
699 716 736 743 sit
757 716 886 751 quiddam
909 723 985 744 com-

196 770 289 794 mune,
308 769 342 789 ne
355 762 464 797 quidem
482 771 516 790 ex
537 763 657 798 ipsorum
676 762 831 798 sententia,
854 763 936 791 unius
958 766 986 790 et

195 807 282 834 solius
317 808 461 844 (propitius
495 813 586 835 autem
606 809 686 836 nobis
711 809 782 836 Deus
801 813 860 836 esto
879 809 916 836 ita
943 809 986 836 lo-

1034 207 1100 235 Υἰοῦ
1116 209 1315 244 γεγεννῆσθαι·
1331 209 1375 236 ἵνα
1393 209 1430 244 μὴ
1445 209 1500 237 τῶν
1514 210 1716 237 δυσσεδούντιυν
1731 211 1816 244 μόνον,

1034 255 1102 283 ἀλλὰ
1119 255 1167 282 καὶ
1180 255 1235 282 τῶν
1246 257 1417 292 μαινομένων
1431 253 1498 284 ὦσιν
1513 258 1717 293 πρωτοστάται.

1071 441 1123 477 κβσ.
1142 441 1214 477 Ὅρα
1225 441 1255 468 δὲ
1267 441 1416 468 κὰντεῦθεν
1430 441 1596 477 κατάφωρον
1609 441 1701 468 αὐτῶν
1714 441 1744 468 τὺ
1760 442 1820 469 δυσ-

1036 488 1125 520 σεϐὲς,
1139 488 1187 515 καὶ
1201 488 1326 524 ἀνόητον,
1338 488 1515 523 δεικνύμενον
1527 488 1662 524 βούλημα.
1679 489 1755 515 Ἐπεὶ
1768 489 1820 524 γὰρ

1036 533 1110 560 ἅπαν
1125 533 1141 560 ὃ
1156 533 1300 570 θεωρεῖται
1329 534 1377 561 καὶ
1400 533 1509 568 λέγεται
1526 535 1556 561 ὲν
1580 535 1613 570 τῇ
1632 535 1756 571 πανατιᾳ
1776 536 1821 562 καὶ

1035 580 1152 614 ὀμοφυεϊ
1169 580 1216 606 xui.
1229 580 1384 616 ὑπερουσίῳ
1400 580 1507 616 Τριάδι,
1533 580 1550 616 ἢ
1573 581 1663 608 κοινόν
1675 582 1735 609 ἐστι
1757 583 1820 610 πάν-

1036 634 1101 658 των,
1116 626 1133 662 ἢ
1150 626 1209 658 ἐνὸς
1221 627 1269 653 καὶ
1287 626 1368 662 μόνου
1378 627 1433 654 τῶν
1444 627 1528 662 τριῶν
1537 635 1546 643 ⁸
1562 628 1579 663 ἡ
1593 628 1622 654 δὲ
1636 628 1684 655 τοῦ
1699 628 1822 662 Πνεύμα-

1036 680 1082 704 τος
1095 672 1226 708 προϐολὴ,
1244 671 1306 699 οὔτε
1322 672 1412 699 κοινόν
1432 674 1517 706 ἐστιν,
1536 673 1594 700 ἀλλ’
1607 673 1673 705 οὐδ’,
1691 673 1729 705 ὡς
1748 675 1822 701 αὐτοί

1038 726 1132 753 φασιν,
1149 718 1208 750 ἐνὸς
1222 719 1269 744 καὶ
1286 718 1367 754 μόνου
1383 718 1456 750 τινος
1470 718 1563 754 (ἵλεως
1579 719 1608 746 δὲ
1622 720 1690 754 ἡμῖν
1706 720 1760 756 εἴη,
1776 721 1823 747 καὶ

1037 766 1077 797 εἰς
1102 764 1152 796 τὰς
1179 764 1293 791 ἐκείνων
1311 765 1441 801 τρέποιτο
1466 765 1496 792 τὸ
1516 765 1676 802 βλάσφημον
1693 766 1823 801 κεφαλὰς)

1036 812 1088 838 οὐκ
1101 811 1156 846 ἄρα
1181 811 1250 844 ὅλως
1265 811 1340 838 ἐστὶν
1354 812 1383 838 ὲν
1396 813 1429 847 τῇ
1445 811 1586 848 ζωαρχικῇ
1606 813 1653 839 καὶ
1675 812 1823 848 παντελειῳ

196 852 354 887 quentibus,
372 857 400 880 et
412 853 581 888 blasphemia
596 853 710 881 resultet
730 853 757 880 in
776 861 870 880 eorum
884 852 984 888 capita)

1047 845 1145 893 Γριάδι,
1159 858 1176 893 ἡ
1191 857 1238 884 τοῦ
1254 845 1559 894 Πνεύματος-προϐολῆ.

196 908 252 927 non
265 905 306 928 est
322 900 375 928 ulla
391 901 504 928 omnino
517 900 635 936 Spiritus
645 901 784 936 processio
801 901 828 928 in
845 901 987 937 perfectis-

196 946 266 973 sima
282 951 310 973 et
323 947 407 973 vitam
424 947 547 982 largienti
565 946 707 975 Triuitate.

232 992 278 1020 23.
299 993 390 1025 Certe,
402 997 531 1020 sexcenta
545 993 669 1029 quaedam
684 994 736 1022 alia
746 1003 808 1023 cum
819 994 898 1030 plena
911 1002 988 1022 men-

197 1046 261 1066 sura
276 1039 337 1074 quis
351 1039 487 1067 addiderit
504 1040 536 1067 ad
559 1040 621 1072 ista,
647 1041 712 1068 dum
736 1041 860 1069 refellere
879 1041 987 1068 atheam

198 1085 306 1112 illorum
320 1085 484 1113 sententiam
507 1086 680 1122 aggreditur;
704 1095 763 1122 quze
779 1094 823 1114 me
846 1086 987 1122 epistolica

198 1130 242 1158 lex
256 1139 311 1158 non
329 1131 431 1166 patitur
444 1131 471 1158 in
487 1132 631 1166 prmsentia
648 1132 758 1165 aﬂ'erre,
781 1137 809 1160 et
832 1132 877 1160 his
892 1132 988 1160 litteris

198 1176 321 1204 inserere
336 1185 344 1205 :
360 1182 441 1212 atque
456 1177 518 1205 ideo
533 1178 615 1205 etiam
630 1186 662 1205 ea
681 1186 742 1213 quae
758 1178 814 1206 dixi
831 1178 952 1206 breviter
961 1183 990 1206 et

199 1222 358 1258 imperfecte
373 1228 437 1252 sunt
457 1224 540 1257 illata,
565 1224 744 1259 particulares
766 1224 946 1252 refutationes
962 1229 990 1252 et

198 1270 360 1306 ampliorem
387 1271 503 1299 docendi
528 1272 653 1305 modum,
679 1272 735 1300 Deo
754 1273 933 1306 concedente,
962 1273 990 1300 in

199 1320 365 1343 conventum
381 1324 555 1344 communem
567 1317 700 1352 sepositas
717 1326 901 1346 reservamus.

234 1372 280 1399 24.
300 1371 374 1400 Hanc
401 1373 569 1408 impietatem
593 1374 770 1402 tenebrarum
800 1375 838 1402 iili
869 1374 990 1410 episcopi

201 1418 276 1453 (nam
294 1425 323 1445 se
345 1419 489 1454 episcopos
508 1420 699 1456 praeferebant)
726 1428 778 1447 una
798 1428 862 1448 cum
889 1421 991 1449 illicitis

200 1467 230 1489 et
244 1463 390 1498 illegitimis
405 1465 466 1492 aliis
483 1465 555 1500 apud
579 1470 688 1501 gentem
709 1466 878 1502 Bulgaricam
902 1467 991 1494 disse-

1075 996 1129 1026 κγ’.
1143 992 1198 1020 Καὶ
1215 992 1301 1029 μυρία
1317 992 1350 1020 άν
1374 1001 1427 1024 τις,
1442 992 1492 1028 τὴν
1505 991 1586 1019 ἄθεον
1599 991 1691 1020 αὐτῶν
1714 992 1825 1027 γνώμην

1037 1039 1194 1075 διελέγχων.
1216 1041 1274 1072 τοῖς
1301 1038 1460 1075 εἰρημένοις
1483 1039 1708 1075 ἑπιμετρήσειεν,
1725 1038 1751 1066 ’ἃ
1776 1039 1825 1073 τῆς

1037 1087 1182 1122 ἐπιστολῆς
1198 1087 1213 1113 ὁ
1225 1086 1308 1122 νόμος
1323 1086 1374 1112 οὐκ
1387 1086 1419 1122 ἐᾷ
1430 1085 1478 1112 νῦν
1495 1085 1646 1118 ἐντάττειν,
1660 1085 1720 1112 οὐδέ
1735 1093 1825 1120 παρα-

1037 1132 1175 1160 τίθεσθαι·
1192 1132 1227 1159 δι’
1250 1132 1265 1159 ὃ
1282 1132 1329 1159 xui.
1355 1132 1428 1168 ἅπερ
1456 1133 1575 1168 εἴρηται,
1594 1131 1774 1167 στοιχειωδῶς
1795 1140 1825 1157 τε

1039 1180 1086 1206 καὶ
1106 1180 1134 1205 ἐν
1148 1179 1227 1214 τύπῳ
1241 1178 1454 1214 ἀπηγγέλθησαν
1477 1178 1533 1204 τῶν
1559 1177 1630 1204 κατὰ
1651 1178 1733 1213 μέρος
1750 1177 1826 1210 ἐλέγ-

1038 1234 1106 1260 χων,
1121 1225 1170 1252 xui.
1182 1225 1232 1259 τῆς
1246 1226 1275 1251 ἐν
1291 1225 1387 1252 πλάτει
1408 1224 1595 1257 διδασκαλίας,
1618 1223 1686 1251 Θεοῦ
1700 1224 1826 1256 διδόντος,

1039 1272 1080 1304 είς
1096 1271 1145 1308 τὴν
1161 1271 1254 1307 κοινὴν
1269 1271 1475 1307 ταμιευομένων
1496 1271 1663 1299 συνέλευσιν.

1074 1372 1124 1399 x5".
1149 1371 1259 1406 Ταύτην
1280 1370 1330 1407 τὴν
1345 1370 1472 1397 ἀσέὸειαν
1484 1370 1510 1396 οἱ
1530 1369 1578 1396 τοῦ
1603 1369 1718 1401 σκότους
1731 1369 1830 1395 ἐκεῖνος

1041 1418 1186 1445 ἐπίσκοποι
1212 1418 1393 1451 (ἐπισκόπους
1426 1417 1482 1452 γὰρ
1503 1416 1619 1448 ἑαυτοὺς
1647 1415 1830 1451 ἐπεφήμιζον)

1044 1465 1114 1500 μετὰ
1134 1464 1189 1491 τῶν
1208 1464 1296 1491 ἄλλων
1318 1463 1466 1498 ἀθεμίτων,
1492 1463 1655 1498 Βουλγάρων
1684 1463 1761 1493 ἔθνος
1787 1463 1832 1488 ὲν-

201 1509 353 1538 minabant.
375 1510 477 1541 Ilarum
504 1520 596 1539 rerum
613 1512 685 1540 fama
713 1513 840 1548 pervenit
861 1513 894 1541 ad
910 1521 991 1541 aures

1047 1512 1173 1546 ίσπειραν
1186 1518 1194 1525 ”
1209 1508 1291 1546 ἦλθεν
1305 1511 1322 1545 ή
1351 1510 1452 1536 τούτων
1472 1510 1551 1545 φήμη
1572 1510 1613 1541 εἰς
1624 1509 1675 1541 τὰς
1691 1508 1831 1545 ἡμετέρας

202 1561 325 1591 nostras;
344 1557 478 1585 vulnerati
494 1567 588 1587 sumus
603 1559 694 1586 lethali
712 1559 825 1587 vulnere
841 1567 889 1594 per
899 1560 989 1588 media

202 1602 308 1630 viscera
335 1609 438 1636 nostra,
456 1612 512 1632 non
532 1613 611 1633 secus
631 1613 713 1640 quam
737 1605 759 1633 si
782 1614 873 1633 coram
898 1611 925 1633 et
939 1606 990 1634 sub

201 1653 313 1683 aspectu
326 1657 376 1677 suo
389 1650 487 1677 viderit
497 1651 632 1686 quispiam
644 1652 746 1679 ventris
754 1652 796 1679 sui
812 1652 894 1679 fultus
908 1660 922 1679 a
932 1659 991 1680 ser—

203 1695 331 1729 pentibus
341 1700 368 1723 et
382 1696 478 1723 belluis
493 1697 544 1724 huc
561 1697 626 1724 illuc
644 1697 796 1733 discerptos
819 1703 847 1726 et
869 1699 991 1734 direptos

201 1741 419 1776 circumraptari.
434 1742 486 1776 Qui
500 1743 574 1771 enim
589 1743 722 1777 studium,
736 1744 853 1777 labores,
876 1745 991 1772 sudores

203 1788 231 1814 in
247 1788 355 1816 illorum
368 1790 600 1824 regenerationem
614 1793 642 1817 et
653 1790 820 1825 baptismum
835 1792 991 1819 contulera-

202 1841 275 1866 mus,
290 1842 345 1862 non
367 1835 426 1863 sine
448 1836 555 1864 ratione
575 1836 698 1863 dolorem
721 1836 938 1864 insull‘erendum
963 1841 991 1864 et

201 1881 386 1910 calamitatem
413 1883 566 1915 tulerimus,
589 1888 684 1918 partus
697 1887 808 1911 nostros
832 1882 991 1918 deperditos

202 1935 303 1955 cernen
307 1933 357 1956 tes.

237 1984 284 2012 25.
305 1985 393 2020 Atque
412 1986 508 2014 eodem
525 1987 606 2014 modo
625 1987 659 2014 de
676 1988 729 2014 hoc
746 1987 817 2014 tristi
838 1995 901 2015 casu
925 1995 992 2015 con-

203 2029 351 2063 doluimus,
367 2039 421 2066 quo
449 2033 547 2067 gaudio
560 2032 657 2068 majori
673 2033 914 2067 perfundebamur.
929 2041 991 2060 cum

203 2075 334 2103 liberatos
353 2077 463 2104 eosdem
477 2077 596 2112 primum
615 2085 630 2104 a
655 2082 764 2105 vetusto
780 2078 930 2113 paganismi
948 2086 993 2105 er-

204 2130 268 2150 rore
290 2123 456 2150 videremus.

240 2180 285 2229 g6.
307 2179 407 2208 Verum
436 2181 496 2208 illos
524 2181 634 2215 quidem
663 2181 794 2214 luximus,
818 2185 848 2229 et
869 2181 1033 2229 lugemusD

204 2226 310 2259 adhuc,
340 2234 430 2262 neque
465 2227 622 2254 concessuri
653 2234 748 2254 sumus
779 2227 866 2255 oculis
893 2227 994 2255 nostris

206 2274 327 2309 requiem
352 2280 383 2302 ut
402 2283 416 2302 a
433 2275 512 2310 lapsu
531 2275 584 2302 hoc
598 2274 660 2302 illos
675 2275 881 2307 resuscitemus,
903 2283 994 2310 nequc

205 2321 343 2357 palpebris
353 2322 558 2349 connictionem
574 2322 709 2355 dabimus,
723 2322 821 2354 donec,
834 2321 923 2356 quoad
936 2321 993 2348 ﬁeri

206 2375 254 2402 per
268 2375 318 2395 nos
332 2368 443 2402 poterit,
453 2368 513 2395 illos
524 2368 551 2395 in
561 2367 667 2396 Domini
677 2368 881 2396 tabernaculum
895 2369 994 2395 iterum

206 2414 430 2449 compulerimus.

239 2471 286 2499 ‘27.
306 2471 432 2499 Novitios
446 2475 536 2498 autem
553 2471 614 2499 illos
637 2470 780 2506 apostasia;
801 2477 995 2505 praecursores,

206 2518 369 2545 Antichristi
395 2517 583 2548 administros,
608 2517 742 2544 mortibus
771 2516 865 2543 multis
894 2515 998 2551 dignis-

209 2563 303 2596 simos,
319 2571 493 2591 communem
509 2568 624 2599 pestem,
642 2564 689 2598 qui
705 2563 831 2591 tenellam
852 2562 925 2590 illam
945 2570 999 2589 nu-

207 2618 258 2644 per
269 2609 486 2645 compaginatam
505 2614 614 2646 gentem
635 2610 669 2637 ad
690 2610 830 2644 pielatem,
856 2612 897 2635 tot
915 2607 999 2634 tantis

208 2656 448 2686 dilacerationibus
464 2657 682 2692 discerpserunt;
697 2656 774 2688 istos,
796 2657 918 2690 inquam,
938 2663 1002 2690 per-

210 2703 278 2731 lidos
292 2703 464 2738 deceptores,
482 2707 509 2730 et
527 2702 584 2730 Deo
606 2702 796 2738 belligerantes
810 2701 904 2729 divino
919 2708 1001 2736 syno-

211 2751 272 2778 dico
296 2750 402 2778 calculo
431 2755 540 2778 notatos
575 2749 819 2777 condemnavimus
847 2757 854 2775 :
881 2756 934 2775 non
967 2747 1002 2775 de

212 2798 340 2834 praesenti
367 2797 477 2824 illorum
499 2796 699 2824 abstentionem
729 2795 931 2825 deccinentes,
954 2794 1003 2820 sed

213 2853 261 2880 per
277 2844 451 2872 antehabitas
461 2843 590 2880 synodos,
610 2851 657 2879 per
670 2843 738 2871 scita
764 2846 791 2870 et
803 2841 876 2878 leges
892 2844 1003 2877 aposto-

1043 1558 1129 1589 ἀκοάς
1141 1565 1148 1572 ·
1167 1556 1328 1592 ἐπλήγημεν
1340 1556 1386 1583 διὰ
1403 1556 1495 1592 μέσων
1518 1556 1572 1583 τῶν
1588 1555 1753 1590 σπλάγχνων
1770 1563 1834 1582 και-

1044 1604 1105 1640 ρίαν
1114 1603 1233 1639 πληγὴν.
1248 1604 1286 1635 ὡς
1299 1604 1325 1630 εῐ
1341 1611 1384 1635 τις
1394 1603 1428 1630 τά
1441 1602 1541 1637 ἔκγονα
1553 1604 1602 1638 τῆς
1617 1602 1724 1633 κοιλίας
1735 1601 1833 1634 αὑτοῦ,

1043 1650 1105 1677 καθ’
1120 1650 1277 1685 ὀφθαλμοὺς
1291 1649 1342 1676 ἴδοι
1359 1649 1412 1676 ὑπὸ
1425 1648 1550 1684 ἑρπετῶν
1564 1649 1611 1675 καὶ
1625 1648 1728 1683 θηρίων
1747 1657 1836 1683 παρα-

1045 1694 1202 1731 ρασσόμενά
1225 1703 1256 1721 τε
1274 1694 1321 1720 καὶ
1339 1693 1527 1729 διασπώμενα.
1546 1694 1601 1720 Καὶ
1617 1693 1672 1728 γὰρ
1684 1690 1725 1724 οἷς
1742 1692 1833 1723 κόποι,

1044 1741 1091 1768 xui
1105 1741 1195 1772 πόνοι,
1212 1740 1260 1767 xui.
1274 1739 1400 1775 ἱδρῶτες,
1411 1740 1452 1772 είς
1462 1740 1514 1775 τὴν
1529 1739 1642 1766 ἐκείνων
1653 1738 1836 1772 ἁναγέννησίν

1043 1796 1074 1814 τε
1090 1787 1138 1814 xui.
1156 1786 1297 1813 τελείωσιν
1317 1785 1525 1821 κατεϐλήθησαν
1537 1794 1544 1801 ·
1573 1784 1713 1818 ἀναλόγως
1730 1784 1836 1816 αὐτοῖς,

1045 1835 1195 1869 συμπεσεῖν
1212 1833 1350 1868 ἀφόρητον
1374 1833 1425 1867 τὴν
1440 1831 1530 1866 λύπην
1547 1831 1593 1858 xui
1610 1831 1661 1866 τὴν
1675 1830 1836 1865 συμφορὰν,

1043 1880 1099 1907 τῶν
1116 1880 1296 1915 γεννημάτων
1311 1878 1575 1914 παραπολλυμένων,
1593 1876 1745 1911 ἐξεγένετο.

1080 1985 1132 2009 κε’.
1148 1981 1226 2008 Οὕτω
1241 1980 1296 2016 γὰρ
1314 1979 1508 2016 ἐθρηνήσαμεν
1525 1974 1627 2013 ὲπῖτῷ
1646 1975 1840 2011 συνενεχθέντι

1046 2029 1199 2065 παθήματι,
1215 2028 1279 2054 ὅσον
1290 2027 1378 2062 χαρᾶς
1404 2023 1617 2060 ἐπληρώθημεν,
1640 2022 1692 2057 τῆς
1717 2021 1841 2053 παλαιᾶς

1046 2075 1151 2110 πλάνης
1166 2073 1373 2108 ἀπαλλαγέντας
1384 2072 1477 2102 αὐτοῖς
1492 2070 1670 2105 θεασάμενοι.

1083 2179 1139 2208 κς⁴.
1174 2174 1246 2202 Ἀλλ’
1271 2173 1392 2204 ἐκείνους
1425 2171 1475 2207 μὲν
1504 2169 1698 2207 ἐθρηνήσαμέν
1726 2177 1758 2195 τε
1789 2169 1841 2195 καὶ

1046 2222 1217 2258 θρηνοῦμεν,
1246 2221 1293 2248 xui
1320 2219 1508 2255 ἀνορθωθῆναι
1535 2217 1584 2244 τοῦ
1615 2216 1776 2251 πτώματος,
1810 2215 1844 2240 οὐ

1044 2269 1167 2304 δώσομεν
1192 2269 1250 2300 τοῖς
1276 2267 1425 2301 ὀφθαλμοῖς
1447 2265 1527 2301 ἡμῶν
1560 2263 1663 2296 ὕπνον,
1688 2262 1750 2289 οὐδὲ
1781 2263 1845 2292 τοῖς

1046 2315 1192 2352 βλεφάροις
1211 2313 1379 2348 νυσταγμδν,
1404 2312 1457 2344 ἓως
1485 2311 1518 2338 ἂν
1546 2310 1647 2341 αὐτοὺς
1671 2310 1711 2340 είς
1730 2308 1761 2334 τὸ
1792 2307 1845 2334 τοῦ

1047 2363 1160 2398 Κυρίου,
1169 2362 1240 2388 κατά
1248 2359 1397 2396 τὲήδυνατὺν
1407 2359 1483 2395 ἡμῖν,
1495 2357 1682 2392 εἰσελάσωμεν
1694 2356 1848 2390 σκήνωμα.

1083 2463 1135 2496 κζ’.
1156 2463 1225 2494 Τοὺς
1241 2462 1269 2488 δὲ
1293 2462 1371 2492 νέους
1398 2461 1448 2495 τῆς
1463 2459 1634 2489 ἀποστασίας
1649 2457 1849 2493 προδρόμους,

1048 2512 1112 2542 τοὺς
1135 2508 1307 2545 θεραπευτὰς
1331 2507 1378 2535 τοῦ
1405 2506 1615 2541 ἀντικειμένου,
1646 2504 1710 2535 τοὺς
1734 2503 1852 2538 μυρίων

1050 2558 1160 2592 ἐνόχους
1177 2556 1311 2588 θανάτων,
1329 2554 1392 2585 τοὺς
1418 2553 1525 2584 κοινοὺς
1542 2550 1697 2586 λυμεῶνας,
1723 2548 1791 2580 τοὺς
1817 2548 1854 2574 τδ

1051 2603 1154 2631 ἁπαλὸν
1182 2603 1270 2629 ἐκεῖνο
1296 2601 1344 2628 xui
1365 2599 1544 2628 νεοσύστατον
1559 2599 1600 2629 είς
1618 2597 1669 2633 τὴν
1699 2595 1855 2622 εὐσέϐειαν

1052 2651 1138 2683 ἔθνος,
1158 2648 1295 2679 τοσούτοις
1321 2647 1368 2674 καὶ
1396 2645 1566 2681 τηλικούτοις
1592 2643 1769 2679 σπαραγμοῖς
1789 2642 1856 2668 δια-

1054 2695 1265 2731 σπαράξαντας·
1281 2693 1394 2724 τούτους
1419 2692 1482 2722 τοὺς
1499 2689 1663 2721 ἀπατεῶνας
1679 2688 1725 2715 καὶ
1742 2687 1857 2722 θεομά-

1054 2750 1117 2778 χους
1130 2740 1257 2775 συηιοδικῇ
1275 2739 1325 2765 xui
1340 2738 1402 2773 θείᾳ
1418 2736 1623 2771 κατεκρίναμεν
1640 2734 1741 2769 ψήφῳ·
1755 2733 1789 2759 οὐ
1802 2732 1858 2759 νῦν

1054 2791 1145 2819 αὐτῶν
1159 2790 1209 2826 τὴν
1229 2789 1368 2824 ἀπόφασιν
1382 2785 1583 2821 καθορίζοντες,
1598 2783 1656 2810 ἀλλ’
1674 2784 1708 2809 ὲκ
1721 2782 1781 2808 τῶν
1800 2781 1868 2817 ἠδη·

1058 2838 1186 2870 συνόδων,
1205 2837 1251 2864 xui
1263 2834 1452 2864 ἀποστολικὼν
1469 2832 1588 2868 θεσμῶν,
1602 2830 1652 2867 τὴν
1668 2829 1862 2866 προωρισμέο
