1940 3087
111 146 170 178 733

687 141 957 174 EPISTOLARUM
977 143 1094 173 LIBER
1113 142 1138 173 Ι.

1687 142 1740 175 734

113 211 161 238 νην
187 201 280 233 αὐτοῖς
306 201 456 236 καταδίκην
485 199 721 234 ὕπεκφαίνοντες,
756 200 805 226 καὶ
831 199 899 225 πᾶσι

964 198 1028 231 icas,
1043 198 1306 234 przedeterminatam
1319 198 1346 225 in
1362 198 1426 226 illos‘
1441 198 1695 226 condemnationem
1712 198 1739 225 in

112 249 255 280 ποιοῦντες
271 248 406 283 ἐπίδηλον.

149 298 204 330 κη’.
231 294 339 329 Πέφυκε
353 293 414 329 mp
431 293 462 320 τὺ
478 292 658 329 ἀνθρώπινον,
672 292 721 327 οὐχ
748 291 821 319 οὕτω
841 292 902 322 ταῖς

115 340 314 376 παρελθούσαις
348 339 495 374 τιμωρίαις
526 338 743 373 ἀσφαλίζεσθαι,
770 337 808 369 ὡς
841 338 902 369 ταῖς

115 387 268 423 όρωμέναις
305 385 539 421 σωφρονίζεσθαι·
568 385 616 411 καὶ
643 384 698 411 τῶν
739 383 903 419 φθασάντων

115 434 234 468 ὑπάρχει
248 432 428 467 βεὸαίωσις,ή
442 431 497 457 τῶν
511 430 697 466 ἐνεστηκότων
713 429 904 465 συμφώνησις.

116 480 195 506 Οὕτω
209 478 242 506 δι’
253 479 268 506 ὃ
279 479 392 509 τούτους
400 477 581 512 ἐπιμένοντας
595 476 686 504 αὐτῶν
695 478 728 512 τῇ
741 475 904 510 πολυτρόπῳ

116 525 216 560 πλάνῃ,
223 524 313 560 πάσης
324 524 424 559 ἀγέλης
432 523 606 559 Χριστιανῶν
614 522 798 557 ὲκχηρύττους
809 522 904 556 ἐποιη-

117 571 225 607 σάμεθα
237 579 245 586 ·
274 570 323 597 καὶ
347 569 402 605 γὰρ
421 569 468 596 καὶ
488 570 503 596 ό
520 569 575 596 τῶν
588 568 675 603 ἁγίων
690 568 847 596 ἀποστόλων
858 567 904 594 τι-

115 626 216 654 ταρτος
231 617 277 644 καὶ
293 616 439 653 ἐξηκοστδς
453 615 553 647 κανὼν.
569 616 634 648 τοὺς
651 615 680 641 ἐν
694 616 753 646 τοῖς
766 615 906 642 Σάόϐασιν

115 664 244 700 νηστείαν
268 662 499 698 ἐπιτηδεύοντας,
533 657 586 689 ὧδέ
610 662 675 692 ’πως
702 660 904 696 ὰπορῥαπίζων

117 718 210 745 φησιν.

152 800 204 827 κθι.
219 799 255 826 El
278 807 326 833 τις
345 797 490 832 κληρικὸς
514 798 648 832 εὑρεθείη
675 797 733 832 τὴν
754 797 908 832 Κυριακὴν

116 845 233 881 ἡμέραν
259 846 435 880 νηστεύων,
455 844 474 879 ἢ
503 844 536 871 τὸ
553 843 716 877 Σαϐϐαῖον,
742 843 827 877 πλὴν
852 843 907 871 τοῦ

194 878 302 926 μόνου,
316 878 532 926 καθαιρείσθω·
547 892 573 917 εὶ
592 889 628 916 δὲ
639 889 746 922 λαὶκὸς
758 889 816 924 ειη,
833 889 906 924 ἀφο-
923 878 943 906 η

118 939 255 974 ριζέσθω.
276 939 330 966 Ναὶ
344 937 376 972 δὴ
394 937 441 965 καὶ
455 938 469 964 ό
483 937 533 973 τῆς
545 936 626 971 ἁγίας
642 934 701 962 καὶ¹
714 935 906 970 οἰκουμενικῆς

118 986 202 1020 ἕκτης
218 984 330 1011 συνόδου
342 983 468 1019 πέμπτος
479 983 527 1010 καὶ
539 982 723 1018 πεντηκοστὸς
735 981 827 1009 κανὼν
836 981 907 1009 οὕτω

117 1039 176 1062 πως
187 1030 403 1065 ἀποφαινόμενος
416 1037 423 1044 ·

153 1075 186 1103 λ’.
208 1074 326 1108 Ἐπειδὴ
344 1073 561 1109 μεμαθήκαμεν
570 1072 643 1105 τοὺς
656 1072 691 1099 ἐν
706 1071 745 1106 τῇ
759 1071 907 1106 Ῥωμαίων

118 1121 216 1152 πόλει,
235 1119 270 1145 ἐν
287 1118 353 1151 ταῖς
377 1118 475 1152 ἁγίαις
502 1117 557 1150 τῆς
581 1116 833 1150 τεσσαρακοστῆς
855 1124 908 1149 νη-

118 1166 244 1198 στείαις,
264 1164 328 1198 τοῖς
345 1164 456 1198 ταύτης
475 1163 608 1191 Σάϐϐασι
638 1162 808 1196 νηστεύειν.
828 1161 909 1195 παρὰ

119 1212 178 1246 τὴν
196 1210 420 1245 παραδοθεῖσαν
434 1208 695 1243 ἐκκλησιαστικὴν
712 1206 908 1236 ἀκολουθίαν.

118 1258 206 1290 ἔδοξε
228 1257 266 1292 τῇ
290 1256 361 1291 ἁγίᾳ
382 1255 516 1288 συνόδῳ,
541 1254 620 1282 ὥστε
638 1253 757 1289 κρατεῖν
782 1253 831 1280 καὶ
860 1251 909 1279 ἐπὶ

119 1304 178 1339 τὴν
196 1304 347 1339 Ῥωμαίων
367 1303 562 1336 Ἐκκλησίαν,
577 1300 844 1335 ἀπαρασαλεύτως,
856 1297 911 1325 τὸν

119 1351 233 1378 κανόνα
249 1349 303 1377 τὸν
320 1349 455 1384 λέγοντα,
479 1357 488 1374 ι
507 1347 543 1374 ΕΖ
559 1356 605 1380 τις
631 1345 776 1380 κληρικὸς
797 1343 909 1379 εὑρεθῇ

123 1396 163 1432 τῇ
191 1397 261 1432 ἁγίᾳ
289 1394 423 1430 Κυριακῇ
445 1394 613 1428 νηστεύων,
640 1393 661 1428 ἢ
686 1392 720 1420 τὸ
747 1392 909 1423 Σάϐϐατον,

119 1443 204 1477 πλὴν
227 1442 281 1469 τοῦ
307 1441 377 1475 ἐνὸς
402 1441 452 1468 καὶ
469 1441 576 1476 μόνον,
592 1438 794 1474 καθαιρέσθω
821 1439 848 1465 st
877 1436 912 1464 δὲ

118 1489 225 1522 λαϊκὸς
235 1489 293 1522 ειη,
313 1487 506 1522 ἀφοριζέσθω.
530 1496 540 1512 ι

950 245 1058 280 vulgus,
1076 248 1105 272 ut
1121 245 1249 272 omnibus
1265 244 1302 271 ita
1316 244 1479 277 innotescat,
1503 244 1686 279 proferentes.

986 289 1032 316 28.
1054 289 1090 316 Ita
1101 290 1174 317 enim
1185 294 1282 316 natura
1293 289 1630 324 comparanturhomines,
1644 293 1673 315 ut
1685 296 1739 315 non

953 341 1058 363 tantum
1073 336 1216 371 praeteritis
1241 335 1380 370 suppliciis
1401 335 1466 362 sarti
1492 335 1555 362 tecti
1569 339 1741 365 remaneant,

953 387 1084 418 quantum
1103 381 1285 417 praesentibus
1301 381 1368 409 etin
1384 381 1478 408 oculos
1493 380 1699 413 incurrentibus
1712 379 1741 406 in

954 429 1051 456 ordine
1064 429 1270 460 contineantur;
1281 427 1346 454 dum
1363 435 1423 454 cum
1437 426 1582 461 prteteritis
1595 425 1742 460 praesentia

954 474 1124 509 conspirant.
1142 473 1186 500 illa
1202 480 1251 508 per
1270 473 1364 500 isthaac
1375 471 1483 498 roboris
1504 470 1642 505 accipiunt
1660 469 1744 496 ﬁrmi-

955 524 1050 547 tatem.
1066 520 1106 547 Διὶ
1121 519 1194 546 hunc
1206 518 1317 546 modum
1334 525 1384 552 per
1395 517 1420 544 id
1431 516 1502 551 quod
1520 516 1604 543 hosce
1618 515 1745 542 homines

955 566 1099 601 multiplici
1124 573 1175 593 suo
1198 565 1284 592 errori
1316 564 1519 594 immanentes,
1553 562 1588 589 ab
1617 561 1745 589 universo

955 620 1036 648 grege
1051 611 1267 639 Christianorum
1283 610 1394 645 publico
1407 608 1544 644 praeconio
1555 608 1681 635 exclusos
1695 607 1745 634 de-

956 657 1172 686 nuntiavimus:
1201 655 1387 691 sexagesimus
1411 655 1484 682 enim
1510 658 1624 689 quartus
1654 660 1742 680 canon

956 705 1132 740 apostolicus,
1147 710 1194 730 eos
1207 702 1255 737 qui
1274 702 1421 728 intendunt
1439 700 1547 736 jejunio
1568 699 1691 731 Sabbati,
1711 697 1745 724 ad

957 750 1031 779 hunc
1044 750 1154 778 modum
1171 749 1336 784 percutiens,
1350 747 1456 782 inquit:

991 797 1038 825 29.
1058 796 1087 823 Si
1103 796 1160 831 quis
1183 795 1292 822 clericus
1313 794 1463 820 inveniatur
1481 792 1552 818 diem
1580 790 1746 818 Dominicam

955 844 1090 880 jejunare,
1105 843 1146 870 vel
1161 842 1242 869 etiam
1254 840 1415 872 Sabbatum,
1433 843 1538 872 euepto
1559 846 1610 864 uno
1632 836 1746 864 Subbato

957 891 1023 923 solo,
1042 890 1205 924 deponatur;
1226 887 1267 914 sin
1283 886 1367 913 laicus
1387 885 1477 920 fuerit,
1493 889 1631 918 separetur
1646 892 1661 909 a
1676 890 1748 909 com-

958 936 1091 964 munione.
1107 934 1159 961 Sed
1188 938 1216 960 et
1238 936 1339 960 sancta:
1359 930 1522 958 universalis
1544 933 1628 956 sextae
1652 927 1747 963 synodi

958 990 1048 1010 canon
1063 980 1175 1016 quintus
1192 983 1220 1006 et
1232 978 1475 1014 quinquagesimus
1491 976 1526 1003 ad
1545 975 1619 1002 hunc
1635 974 1748 1001 modum

958 1030 1052 1058 sciscit
1067 1038 1074 1056 :

994 1076 1039 1104 50.
1060 1076 1099 1103 Eo
1112 1075 1181 1110 quod
1193 1073 1308 1109 pervenit
1320 1072 1354 1098 ad
1365 1070 1487 1097 notitiam
1501 1072 1628 1098 nostram,
1641 1075 1684 1093 eos
1703 1066 1748 1101 qui

958 1123 1070 1150 Romam
1095 1120 1211 1148 incolunt
1235 1120 1263 1146 in
1287 1118 1385 1145 sanctis
1405 1115 1621 1150 Quadragesimw
1636 1113 1749 1148 jejuniis

959 1168 1111 1196 earumdem
1127 1165 1251 1193 Sabbatis
1267 1163 1404 1199 jejunare,
1423 1167 1516 1188 contra
1533 1159 1749 1187 consuetudinem

960 1219 985 1242 et
1008 1214 1178 1240 traditionem
1196 1210 1414 1240 ecclesiasticam,
1438 1208 1523 1235 visum
1546 1211 1585 1233 est
1606 1212 1690 1232 sacrte
1707 1212 1751 1238 sy-

961 1260 1038 1293 nodo,
1061 1264 1089 1286 ut
1103 1258 1185 1285 etiam
1207 1262 1231 1284 et
1250 1264 1296 1291 per
1318 1255 1466 1282 Romanam
1488 1252 1635 1280 Ecclesium
1658 1251 1749 1276 incon-

961 1314 1051 1334 cussus
1071 1305 1189 1332 obtineat
1208 1302 1254 1329 ille
1278 1309 1365 1328 canon
1388 1300 1432 1336 qui
1456 1300 1520 1326 ait:
1541 1309 1550 1324 ι
1568 1297 1598 1325 Si
1623 1297 1681 1333 quis
1699 1295 1751 1323 cle-

961 1351 1030 1378 ricus
1049 1350 1200 1377 inveniatur
1212 1349 1240 1374 in
1250 1351 1342 1374 sancto
1355 1345 1491 1373 Dominico
1508 1345 1549 1371 die
1560 1344 1697 1378 jejunarc,
1711 1341 1752 1369 vel

961 1398 989 1424 in
1014 1395 1139 1428 Sabbato,
1155 1398 1261 1428 excepto
1282 1401 1344 1423 uno,
1368 1397 1393 1418 et
1421 1391 1492 1422 solo,
1520 1390 1683 1424 deponatur,
1709 1387 1753 1414 sin

961 1447 1050 1470 autem
1063 1442 1155 1475 laicus,
1170 1445 1308 1474 separetur
1325 1448 1341 1465 a
1357 1437 1548 1465 communione.
1564 1446 1573 1462 ν

155 1533 207 1561 λα’.
235 1533 318 1560 Ἀλλά
332 1541 365 1566 γε
387 1532 420 1568 δὴ
449 1532 497 1558 καὶ
514 1531 529 1558 ό
542 1532 592 1567 τῆς
606 1531 635 1557 ὲν
659 1530 773 1565 Γάγγρᾳ
789 1528 910 1559 συνόδου,

997 1531 1043 1558 51.
1064 1530 1118 1559 Sed
1143 1535 1171 1558 et
1194 1535 1305 1565 quartus
1328 1528 1436 1556 concilii
1450 1526 1615 1562 Gangrensis
1644 1532 1751 1556 canon,

120 1581 186 1615 περὶ
193 1580 248 1606 τῶν
261 1581 309 1606 τδν
319 1580 408 1614 γάμον
422 1577 658 1613 βδελυσσομένων,
680 1575 770 1603 κανὼν
783 1575 912 1611 τέταρτος

120 1626 208 1653 ταῦτά
224 1634 318 1661 φησιν·
339 1625 375 1652 ΕΖ
388 1633 434 1658 τις
453 1624 635 1658 διακρίνοιτο
655 1623 735 1657 παρὰ
749 1619 912 1656 πρεσϐυτέα

118 1682 177 1709 pou
213 1673 429 1708 γεγαμηκότος,
459 1672 501 1705 ὡς
520 1670 564 1706 μὴ
591 1669 713 1706 χρῆναι,
740 1667 914 1703 λειτουργή-

121 1727 236 1752 σαντος
251 1719 357 1751 αὑτοῦ,
374 1718 550 1753 προσφορὰς
570 1715 819 1751 μεταλαμϐάνειν,
838 1714 913 1742 ἀνά-

122 1768 196 1800 θεμα
214 1765 323 1796 ἓστω.λ
351 1763 488 1796 Ὡσαύτως
507 1763 536 1790 δὲ
560 1763 651 1797 ψῆφον
672 1762 813 1797 ὁμόφωνον
835 1761 914 1796 φέρει

123 1812 184 1838 κατ’
201 1811 302 1841 αὐτῶν,
328 1811 375 1837 καὶ
399 1811 416 1845 ἡ
443 1811 510 1845 ἕκτη
529 1807 649 1840 σύνοδος,
669 1808 764 1834 τοῦτον
792 1807 915 1842 ἀναγράι-

123 1865 213 1892 φουσα
227 1856 274 1882 τδν
289 1856 389 1891 τρόπον
402 1863 410 1870 ·
431 1854 551 1888 Ἐπειδὴ
566 1854 602 1881 ἐν
622 1852 659 1887 τῇ
685 1853 831 1887 Ῥωμαίων
851 1852 914 1879 Ἑκ-

123 1902 249 1937 κλησίᾳ,
265 1902 301 1929 ἐν
315 1901 396 1934 τάξει
412 1901 542 1934 κανόνος
555 1899 780 1934 παραδεδόσθαι
794 1898 916 1933 διέγνω-

120 1959 189 1985 μεν,
214 1950 284 1983 τοὺς
304 1950 477 1984 μέλλοντας
495 1949 649 1979 διακόνου,
664 1947 684 1982 ἢ
709 1947 915 1982 πρεσϐυτέρου

123 1996 284 2029 ἀξιοῦσθαι
297 1995 493 2031 χειροτονίας,
514 1994 743 2029 καθομολογεῖν,
759 1993 799 2025 ὡς
813 1993 914 2020 οὐκέτι

123 2043 188 2077 ταῖς
205 2043 304 2070 αὐτῶν
330 2042 537 2070 συνάπτονται
568 2040 727 2076 ταμεταῒςυ
760 2040 847 2075 ἡμεῖς
874 2039 916 2073 τῷ

124 2090 238 2124 ἀρχαίῳ
263 2088 540 2121 ὲξακολουθοῦντες
562 2087 670 2114 κανόνι
682 2109 690 2120 ,
710 2086 767 2121 τῆς
785 2086 917 2113 ἀποστο-

124 2134 214 2168 λικῆς
224 2134 376 2168 ἀκριϐείας
387 2133 437 2160 καὶ
447 2133 570 2166 τάξεως,
585 2133 622 2159 τὰ
632 2132 694 2160 τῶν
704 2130 916 2166 ιερῶνάνόρῶν

125 2181 201 2207 κατὰ
211 2180 324 2214 νόμους
338 2179 528 2212 συνοικέσια,
541 2179 590 2206 καὶ
606 2179 667 2206 ἀπὸ
679 2178 733 2206 τοῦ
747 2178 807 2205 νῦν
824 2176 913 2212 ἐρῤῶ-

126 2227 197 2253 σθαι
227 2225 419 2259 βουλόμεθα·
450 2225 593 2259 μηδαμῶς
632 2224 732 2252 αὐτῶν
754 2223 812 2258 τὴν
840 2223 916 2257 πρὸς

126 2271 257 2308 γαμετὰς
267 2270 438 2305 συνάφειαν
446 2270 633 2303 διαλύοντες,
645 2270 664 2304 ἢ
676 2269 917 2303 ἀποστεροῦντες

127 2318 238 2351 αὐτοὺς
265 2316 321 2351 τῆς
340 2317 415 2351 πρὸς
434 2315 604 2349 ἀλλήλους,
627 2315 704 2342 κατὰ
730 2317 836 2349 καιρὸν
863 2315 918 2341 τὸν

127 2364 333 2398 προσήκοντα,
350 2363 479 2398 ὁμιλίας.
493 2363 582 2390 Ὥστε
594 2362 623 2389 εἴ
636 2371 682 2395 τις
707 2361 792 2394 ἄξιος
810 2359 916 2395 εὑρεθῇ

128 2411 204 2445 πρὸς
246 2411 435 2446 χειροτονίαν
469 2409 614 2436 διακόνου
641 2407 662 2443 ἢ
694 2407 916 2438 ὑποδιακόνου,

128 2455 222 2490 οὗτος
230 2455 375 2491 μηδαμῶς
390 2455 552 2483 κωλυέσθω
570 2454 619 2481 ἐπὶ
632 2454 687 2481 τὸν
700 2454 839 2481 τοιοῦτον
846 2453 919 2485 ,βαθ-

124 2504 186 2540 μὸν
215 2501 437 2537 ἐμϐιϐάζεσθαι,
463 2499 577 2536 γαμετῇ
608 2499 761 2527 συνοικῶν
786 2499 917 2533 νομίμφο

125 2550 204 2586 μήτε
212 2550 277 2585 μὴν
290 2551 324 2576 ἐν
337 2548 378 2581 τῷ
394 2548 449 2582 τῆς
464 2547 652 2582 χειροτονίας
667 2545 761 2580 καιρῷ
783 2545 918 2573 άπαιτεί-

127 2597 190 2623 σθω
212 2593 380 2629 ὀμολυτεῖν,
406 2593 447 2626 ὡς
466 2591 675 2626 ἀποστήσεται
696 2590 753 2625 τῆς
778 2591 917 2625 νομίμου,

127 2642 203 2676 πρὸς
228 2641 287 2674 τὴν
309 2641 423 2667 οἰκείαν
450 2637 601 2674 γαμετὴν,
630 2637 760 2672 ὁμιλίας.
788 2636 851 2664 Ἵνα
873 2635 917 2670 μὴ

126 2687 280 2720 ἐντεῦθεν,
292 2686 346 2713 τὸν
363 2687 397 2713 ἐκ
417 2685 492 2713 Θεοῦ
510 2683 742 2720 νομοθετεθέντα
761 2682 810 2710 καὶ
828 2683 917 2710 εὐλο-

128 2734 257 2769 «meum
270 2732 308 2767 τῇ
323 2732 418 2760 αὐτοῦ
438 2731 590 2765 παρουσίᾳ
604 2730 712 2765 τάμον,
731 2727 918 2763 καθυϐρίζειν

129 2779 344 2814 ὲκϐιασθῶμεν,
361 2777 417 2812 τῆς
437 2777 491 2805 τοῦ
506 2776 693 2812 Εὐαγγελίου
715 2774 819 2811 φωνῆς
835 2775 918 2801 ἐκϐο-

130 2826 224 2859 ώσης,
246 2836 255 2852 ι
275 2825 334 2859 Οὓς
349 2827 365 2853 ό
380 2824 452 2857 θεὸς
476 2823 606 2856 ἔζευξεν,
632 2823 789 2858 ἅνθρωπος
801 2821 844 2856 μὴ
861 2829 917 2856 χω-

130 2873 250 2908 ριζέτω·
274 2882 284 2900 ι
321 2872 372 2900 καὶ
399 2870 453 2899 τοῦ
487 2870 672 2899 Ἀποστόλου
706 2869 914 2901 διδάσκοντος,

964 1584 1059 1606 contra
1076 1578 1187 1613 nuptias
1201 1577 1391 1604 abominantes
1407 1575 1465 1602 ait:
1483 1573 1514 1601 Si
1533 1574 1591 1607 quis
1609 1572 1752 1607 presbyter.

963 1625 1007 1660 qui
1023 1631 1130 1650 uxorem
1147 1622 1232 1653 duxit,
1249 1622 1380 1648 discernat
1402 1620 1478 1655 quasi
1504 1627 1554 1646 non
1575 1621 1705 1653 oporteat,
1723 1625 1754 1644 eo

963 1678 1040 1698 sacra
1062 1669 1208 1696 celebrante
1232 1667 1358 1695 oblationi
1383 1665 1596 1696 communicare,
1623 1663 1658 1690 sit
1685 1671 1756 1690 ana-

965 1718 1063 1745 thema.
1077 1715 1216 1743 Adversus
1235 1722 1304 1750 quos
1323 1713 1487 1742 sententiam
1509 1711 1625 1738 similem
1645 1709 1757 1745 praefert

964 1768 992 1791 et
1020 1766 1096 1790 sexta
1124 1761 1261 1797 synodus,
1288 1760 1322 1788 ad
1358 1760 1433 1787 hunc
1466 1758 1576 1795 modum
1609 1756 1755 1784 scribens:

965 1807 1182 1842 Quandoquidem
1206 1806 1235 1833 in
1253 1805 1373 1832 Romana
1394 1804 1514 1831 Ecclesia
1543 1802 1652 1829 canonis
1674 1802 1757 1827 vicem

965 1855 1082 1882 obtinere
1094 1854 1223 1884 novimus,
1242 1856 1270 1878 ut
1294 1852 1338 1887 qui
1352 1851 1387 1878 ad
1404 1851 1576 1877 diaconatum
1598 1847 1637 1875 vel
1651 1848 1758 1883 presby-

966 1905 1081 1928 teratum
1094 1897 1262 1932 promovendi
1282 1902 1354 1930 sunt,
1381 1897 1568 1931 professionem
1594 1894 1705 1928 faciant,
1729 1901 1758 1919 se

965 1955 1018 1974 non
1041 1946 1156 1980 amplius
1172 1944 1384 1972 consuetudinem
1410 1950 1523 1970 uxorum
1544 1949 1654 1968 suarum
1682 1939 1759 1966 habi-

961 1998 1052 2025 turos;
1067 2000 1112 2018 nos
1124 1991 1262 2026 antiquum
1277 1997 1404 2016 canonem
1427 1987 1578 2023 apostolicis
1592 1984 1759 2022 perfectionis

966 2038 1115 2073 ordinisque
1130 2037 1304 2068 observantes,
1318 2042 1410 2061 eorum
1427 2034 1472 2068 qui
1488 2038 1548 2060 sunt
1569 2034 1597 2059 in
1617 2032 1701 2059 sacris
1715 2039 1760 2058 or-

966 2084 1070 2112 dinibus
1081 2083 1226 2115 constituti,
1243 2081 1366 2116 conjugia
1379 2081 1510 2113 deinceps,
1523 2079 1555 2106 ab
1569 2080 1616 2106 hoc
1634 2078 1759 2112 temporis

965 2136 1107 2162 momento,
1127 2130 1206 2165 ﬁrma
1224 2134 1250 2156 et
1270 2128 1376 2155 stabilia
1405 2135 1461 2155 esse
1494 2126 1623 2157 volumus,
1660 2131 1762 2158 nequo-

967 2187 1047 2214 quam
1062 2185 1153 2205 eorum
1173 2185 1230 2203 cum
1246 2175 1370 2203 uxoribus
1389 2175 1444 2202 suis
1458 2174 1579 2208 copulam
1603 2172 1760 2201 dissuentes,

969 2225 1009 2252 vel
1034 2233 1076 2251 eos
1100 2228 1193 2250 mutua
1215 2221 1400 2249 consuetudine
1427 2219 1581 2255 opportunis
1600 2216 1762 2251 temporibus

970 2271 1117 2306 privantes.
1136 2268 1310 2301 Quamobrem
1327 2267 1349 2294 si
1359 2267 1417 2302 quis
1431 2266 1526 2301 dignus
1537 2265 1657 2291 inventus
1669 2263 1760 2297 fuerit,

970 2316 1015 2352 qui
1030 2315 1234 2351 ltypodiaconus,
1249 2313 1388 2343 diaconus,
1405 2311 1542 2346 presbyter
1558 2309 1705 2338 ordinetur.
1720 2308 1762 2335 hic

970 2361 1005 2387 ad
1020 2360 1099 2387 talem
1116 2360 1229 2394 gradum
1243 2357 1344 2384 assumi
1361 2363 1528 2391 nequaquam
1544 2353 1723 2388 prohibeatur,
1740 2352 1763 2379 si

970 2415 1030 2434 cum
1042 2414 1091 2433 sua
1112 2405 1231 2440 legitima
1255 2411 1336 2430 uxore
1359 2401 1500 2428 collabitet.
1515 2399 1566 2426 Sed
1591 2407 1636 2425 nec
1654 2398 1765 2424 ordina-

971 2453 1050 2479 tionis
1068 2457 1194 2486 tempore,
1211 2450 1242 2476 ab
1265 2449 1312 2476 illo
1327 2448 1450 2482 exigatur
1464 2446 1600 2482 professio,
1622 2453 1649 2472 se
1667 2453 1684 2471 a
1699 2444 1764 2479 legi-

970 2497 1035 2523 tima
1051 2504 1110 2522 cum
1127 2502 1209 2521 umore
1230 2501 1278 2520 sua
1300 2491 1487 2519 consuetudine
1506 2491 1610 2526 penitus
1631 2489 1766 2516 abstentu-

970 2550 1051 2569 rum:
1065 2541 1106 2569 Ne
1120 2549 1166 2575 per
1185 2539 1253 2566 illud
1277 2538 1395 2573 nuptias,
1411 2546 1427 2564 a
1447 2537 1500 2564 Deo
1515 2536 1663 2567 institutas,
1678 2539 1703 2563 et
1716 2543 1767 2562 sua

970 2591 1111 2627 prementia
1136 2590 1287 2616 honestatos
1312 2585 1472 2613 contumelia
1495 2585 1597 2619 aﬂicere
1618 2583 1765 2610 rideamur'

969 2636 1128 2672 Evangelica
1139 2643 1198 2662 voce
1210 2635 1311 2661 dicente
1323 2640 1333 2659 :
1346 2642 1356 2658 ι
1368 2631 1433 2664 Quia
1446 2632 1513 2659 Deus
1527 2630 1672 2664 conjunxit,
1687 2629 1764 2656 homo

969 2690 1001 2708 ne
1015 2685 1149 2715 separetp
1166 2684 1190 2707 et
1207 2678 1332 2714 Apostolo
1341 2678 1448 2705 docente
1459 2684 1469 2703 :
1483 2685 1493 2702 ι
1507 2675 1683 2703 Honorabilcs
1710 2682 1765 2701 esse

969 2727 1086 2761 nuptias,
1105 2731 1129 2754 et
1152 2731 1238 2753 torum
1258 2724 1478 2754 immaculatum;
1493 2732 1502 2747 ι
1518 2728 1554 2756 et,
1570 2731 1580 2748 ι
1591 2721 1724 2756 Alligatus
1737 2729 1766 2749 cs

970 2774 1064 2801 uxori?
1079 2772 1133 2800 noli
1159 2780 1275 2807 quaerere
1299 2770 1508 2798 dissolutionem.
1523 2779 1532 2795 ι
1557 2769 1587 2796 Si
1606 2769 1664 2804 quis
1682 2768 1765 2803 igitur

969 2825 1061 2848 contra
1077 2827 1188 2846 canones
1199 2817 1356 2853 apostolicos
1371 2815 1520 2843 incitauerit
1542 2814 1657 2850 aliquem
1671 2822 1763 2841 eorum

969 2866 1015 2902 qui
1029 2870 1090 2894 sunt
1109 2866 1136 2893 in
1149 2864 1244 2898 sacris,
1258 2862 1470 2898 presbyterorum
1486 2861 1623 2893 nimirum,
1643 2859 1683 2887 vel
1701 2860 1762 2887 dia-
