1940 3087
187 143 240 174 735

753 143 887 174 ΡΗΟΤΙΙ
904 142 1157 174 PATRIARCH/E
1176 141 1220 171 CP

1764 139 1817 170 1'36

187 209 331 234 canorum,
355 201 396 229 vel
419 201 681 236 hypmliaconorum,
709 203 892 237 conjunctione
919 210 980 229 cum

1035 210 1044 227 ι
1076 200 1176 235 Τίμων
1205 201 1258 226 τὸν·
1279 199 1375 234 γάμον
1389 198 1425 225 ἐν
1447 196 1534 228 πᾶσι,
1557 196 1605 224 καί
1625 195 1686 230 Τὴν
1711 196 1818 229 aettur

188 246 304 283 legitima
340 255 390 274 sua
424 255 504 274 uxore
542 248 665 282 privari,
692 249 840 283 deponatur
872 249 979 276 :1simi-

188 293 256 326 liter,
278 298 301 319 et
316 293 339 319 si
358 292 414 324 quis
424 292 570 326 presbyter.
584 292 625 320 vel
637 293 764 320 diaconus
780 301 857 320 suam
871 301 979 320 uxorem

188 339 235 365 sub
255 339 360 372 pietatis
371 344 417 365 aut
435 339 569 374 religionis
579 344 708 373 prwtextu
729 338 846 373 ejecerit,
864 346 982 374 segrege-

188 390 248 417 tur;
259 390 283 412 et
296 386 318 411 si
332 390 490 419 perseverat,
504 385 660 419 deponatur.

1031 245 1190 280 ἀμίαντον,
1201 245 1261 276 καὶ,
1273 244 1394 271 Δέδεσαι
1407 241 1527 278 γυναικί
1535 240 1593 276 uti]
1602 240 1683 274 ζήτει
1691 240 1793 267 λύσιν.
1806 250 1815 264 ι

1032 292 1070 319 Εἴ
1082 300 1128 325 τις
1145 289 1203 319 οὖν
1219 290 1375 325 τολμήσει,
1405 289 1484 324 παρὰ
1501 287 1573 320 τοὺς
1595 286 1818 318 ἀποστολικοὺς

1033 339 1166 371 κανόνας
1181 337 1370 372 κινούμενος,
1381 335 1448 362 τινὰ
1464 334 1524 362 τῶν
1536 332 1713 367 ίερωμένων,
1728 340 1819 366 πρεσ-

1035 384 1169 418 ϐύτερον,
1202 383 1312 418 φαμὲν,
1341 382 1362 416 ἢ
1390 380 1542 412 διάκονον.
1559 379 1579 413 ἣ
1598 378 1817 410 ὐποὸιάκονον,

187 432 367 465 ἀποστερεῖν
381 432 437 465 τῆς
451 431 527 466 πρὸς
552 432 610 466 τὴν
628 432 756 466 νόμιμον
775 430 905 466 γυναῖκα
922 431 1092 465 συναφείας
1117 439 1149 458 τε
1170 424 1220 458 καί
1249 429 1417 462 κοινωνίας.
1430 427 1635 461 καθαιρείσθω·
1664 425 1818 458 ὡσαύτως»
1848 427 1850 429 ’

188 476 237 503 καὶ
262 477 350 510 εἴτις
376 479 578 512 πρεσϐύτερος
599 478 618 512 ἢ
641 478 782 511 διάκονος
805 478 864 512 τὴν
886 476 981 504 αὐτοῦ
997 477 1137 512 γυναῖκα,
1163 475 1313 512 προφάσει
1333 476 1501 509 εὐλαϐείας,
1531 472 1686 503 ἐκϐάλλει,
1716 472 1821 506 ἀφορι-

188 522 281 552 ζέσθω
290 530 297 537 °
314 522 464 557 ἐπιμένων
478 523 522 555 δὲ,
534 523 741 557 καθαιρείσθω.

223 569 268 596 5‘2.
299 568 397 596 Verum
426 569 567 596 enimvero
598 570 691 604 prima:
722 569 900 596 hebdomadis
931 575 982 604 per

190 623 238 642 eos
264 615 374 642 inducta
395 615 548 648 dissolutio,
565 615 604 643 uti
622 620 650 643 et
679 615 877 651 baptizatorum
900 619 982 649 atque

189 661 251 687 oleo
267 660 443 687 inunctorum
457 661 591 692 reunctio,
610 669 666 688 non
685 669 754 696 opus
769 661 871 700 habent
887 665 918 687 ut
934 667 983 695 per

190 713 308 732 canones
325 706 454 733 recitatos
469 706 637 733 damnationi
649 706 845 741 subjiciantur:
861 713 925 733 nam
939 705 982 732 vel

190 751 361 778 solummodo
381 752 548 780 mentionem
578 761 672 780 eorum
699 753 808 786 fecisse,
833 753 981 788 impietatis

193 797 381 831 cujuscunque
398 798 573 825 eminentiam
589 799 803 834 supergreditur.

1064 567 1115 603 λβ’.
1140 567 1171 594 Ἦ
1186 568 1216 595 δὲ
1232 567 1381 599 κατάλυσις
1393 567 1444 602 τῆς
1461 565 1574 601 πρώτης
1587 564 1752 600 ὲὸδομάδος,
1772 563 1821 591 καὶ

1028 614 1043 640 ὁ
1060 613 1251 650 ἀναμυρισμδς
1267 613 1322 640 τῶν
1339 613 1389 648 ἢδη
1407 611 1643 648 βεϐαπτισμένων,
1660 610 1708 637 καὶ
1730 618 1821 644 μεμυ-

1030 659 1176 695 ρισμένων,
1191 658 1253 685 οὐδὲ
1269 657 1402 690 κανόνων,
1424 655 1513 692 οἶμαι,
1525 656 1652 691 δεήσεται
1668 656 1709 687 είς
1732 654 1820 682 κατά-

1029 713 1141 740 γνωσιν,
1169 705 1282 730 αὐτόθεν
1304 705 1352 730 καὶ
1377 703 1461 738 μόνης
1485 703 1535 738 τῆς
1555 702 1710 738 διηγήσεως
1729 701 1820 727 πᾶσαν

1030 751 1184 787 ὑπερϐολὴν
1201 750 1353 785 ἐκνικώσης
1370 749 1584 785 δυσσεὸήματος.

225 845 270 872 55.
291 843 343 872 Sed
364 849 392 872 et
411 845 455 872 illa
478 845 504 872 in
524 845 655 879 Spiritum
679 851 813 879 sam-tum,
829 845 873 873 vel
896 849 980 873 totam

1066 843 1118 876 λγ’.
1139 842 1176 868 Οὐ
1208 841 1262 876 μὴν
1285 840 1354 869 ἀλλὰ
1376 840 1424 867 καὶ¹
1444 838 1546 874 ὴκατὰ
1569 837 1616 865 τοῦ
1644 837 1820 873 Πνεύματος,

190 891 281 926 potius
302 896 501 918 sacrosanctam
519 891 692 923 Trinitatem,
715 891 894 926 blasphemia,
918 892 981 918 nul-

190 936 243 963 lam
252 944 268 977 al
281 945 309 963 se
319 937 465 964 secundam
476 936 591 967 habens.
601 937 623 963 si
633 942 730 964 cauere
743 937 832 964 omnia
842 937 980 970 abessent,

190 982 327 1009 sulliceret
341 982 375 1009 ad
388 982 462 1009 mille
479 982 713 1010 anathematismis
731 990 778 1010 eos
790 983 934 1010 feriendos.

226 1068 271 1096 '54.
293 1068 407 1095 lstarum
429 1069 464 1095 ita
489 1072 748 1104 gestarumrrerum
772 1069 908 1101 notitiam,
932 1077 982 1104 pro

190 1119 299 1142 vetusta
323 1114 513 1142 Ecclesiastica
532 1103 740 1147 consuetudine,
767 1115 801 1142 ad
823 1119 929 1142 vestras
954 1116 981 1142 in

192 1160 310 1188 Domino
326 1160 511 1187 fraternitates
523 1160 640 1193 deferre,
655 1161 843 1188 statuebamus
856 1168 980 1196 aequum;

191 1215 259 1241 quos
286 1211 395 1241 paratos
415 1206 474 1234 fore
489 1214 627 1242 rogamus,
645 1212 672 1233 et
689 1207 825 1241 cupimus.
843 1207 876 1234 ad
902 1215 981 1242 opem
1003 1211 1006 1214 '

191 1259 366 1278 communem
382 1255 500 1278 vestram
512 1251 704 1278 conferendam
717 1251 745 1277 in
759 1251 871 1278 istarum
887 1251 982 1286 impia-

190 1307 252 1327 rum
265 1304 292 1327 et
305 1308 320 1326 a
336 1299 391 1326 Deo
402 1298 608 1326 abhorrentium
622 1298 838 1333 propositionum
851 1298 981 1326 condem-

190 1346 321 1378 natione;
347 1349 378 1372 ut
392 1352 562 1379 nequaquam
579 1345 724 1371 stationem
741 1349 881 1379 paternam
905 1344 982 1372 dele-

191 1392 270 1424 ratis,
285 1399 365 1426 quam
383 1391 460 1418 vobis
478 1391 560 1418 vestri
578 1395 777 1422 antecessores,
794 1397 844 1424 per
858 1397 921 1417 suas
938 1397 982 1418 res

191 1441 290 1472 gestas,
320 1436 449 1464 tuendam
466 1441 491 1463 cl
512 1436 661 1463 ornandam
676 1435 820 1463 tradidere.
849 1435 981 1468 Quocirca

191 1483 312 1510 studiose
327 1483 437 1514 curetis,
455 1486 482 1509 et
500 1490 562 1509 cum
583 1481 731 1517 diligentia,
748 1486 779 1508 ut
792 1487 896 1509 vestras
909 1483 981 1509 vices

1033 889 1134 924 μᾶλλον
1152 888 1180 915 δὲ
1193 887 1254 915 καθ’
1271 887 1335 922 ὅλης
1351 887 1402 921 τῆς
1417 886 1497 920 ἁγίας
1513 885 1627 921 Τριάδος
1640 905 1647 917 ,
1667 884 1821 920 ὑπερϐολὴν

1031 934 1061 961 οὺ
1077 934 1207 960 λείπουσα
1230 931 1403 968 βλασφημία,
1418 930 1469 957 κᾶν
1495 930 1577 965 μηδὲν
1592 929 1686 965 ἓτερον
1707 929 1750 963 εἴη
1766 927 1821 954 τῶν

1031 979 1242 1016 προειρημένων
1265 977 1476 1012 τετολμημένον,
1501 976 1629 1011 ἐξαρκεῖ,
1657 975 1704 1002 καὶ
1728 974 1820 1010 μόνον,

1033 1025 1141 1062 μυρίοις
1160 1024 1258 1055 αὐτοὺς
1277 1023 1429 1056 ὑπαγαγεῖν
1445 1021 1623 1056 ἁναθέμασιν.

1066 1071 1113 1099 λδ’.
1134 1070 1244 1097 Τούτων
1263 1069 1312 1105 τὴν
1326 1068 1428 1103 γνῶσιν
1443 1067 1490 1094 καὶ¹
1504 1066 1616 1102 εἴδησιν,
1633 1069 1705 1094 κατὰ
1722 1066 1753 1092 τὸ
1767 1074 1821 1092 πα-

1032 1117 1107 1144 λαιὸν
1123 1117 1172 1152 τῆς
1191 1114 1354 1150 Ἐκκλησίας
1369 1113 1439 1145 ἔθος,
1455 1113 1613 1147 ἀνενεγκεῖν
1627 1113 1660 1147 τῇ
1675 1112 1798 1147 ἡμετέρᾳ
1808 1116 1821 1128 '

1032 1164 1062 1190 ὲν
1075 1162 1174 1198 Κυμίῳ
1188 1161 1349 1196 ἀδελφότητι
1359 1181 1366 1193 ,
1380 1158 1589 1194 ὲδικαιὼσαμεν·
1603 1159 1650 1185 καὶ
1664 1157 1822 1193 προθύμους

1033 1209 1083 1236 καὶ
1098 1208 1301 1243 συναγωνιστὰς
1316 1206 1444 1242 γενέσθαι
1454 1225 1462 1237 ,
1480 1206 1528 1232 ἐπὶ
1542 1206 1576 1238 τῇ
1591 1204 1752 1239 καθαιρέσει
1768 1204 1822 1230 τὼν

1032 1255 1172 1284 δυσσεῦῶν
1186 1254 1290 1281 τούτων
1304 1253 1352 1280 καὶ
1368 1253 1456 1280 ἀθέων
1481 1251 1649 1285 κεφαλαίων,
1669 1249 1822 1285 παραινοῦ-

1034 1302 1084 1338 μέν
1101 1310 1132 1328 τε
1151 1301 1200 1328 καὶ
1221 1299 1346 1335 δεόμεθα’
1373 1298 1420 1326 καὶ
1444 1299 1481 1333 μὴ
1504 1297 1594 1324 λιπεῖν
1615 1297 1664 1332 τὴν
1689 1296 1822 1332 πατρῴαν

1032 1347 1121 1380 τάξιν,
1138 1347 1172 1382 ἢν
1185 1346 1257 1382 ὑμᾶς
1273 1346 1298 1372 οἱ
1315 1344 1443 1380 πρόγονοι
1455 1364 1462 1375 ,
1485 1343 1518 1370 δι’
1533 1339 1571 1369 ὧν
1591 1342 1724 1379 ἔπραξαν,
1752 1351 1820 1368 κατ’

1032 1393 1106 1429 ἐχειν
1119 1391 1353 1426 παραδεδώκασιν⁵
1369 1390 1436 1418 ἀλλὰ
1454 1389 1555 1424 σπουδῇ
1567 1389 1651 1424 πολλῇ
1663 1389 1709 1416 καὶ
1719 1387 1822 1423 προθυ-

1034 1439 1096 1474 μίᾳ,
1110 1437 1168 1465 ἀνθ’
1183 1436 1269 1472 ὑμῶν,
1282 1434 1470 1470 τοποτηρητάς
1484 1442 1559 1466 τινας
1571 1433 1680 1460 ἑλέσθαι
1691 1433 1821 1460 ἀποστεῖ-

1032 1485 1086 1515 λαι,
1102 1484 1201 1519 ἄνδρας
1220 1483 1250 1509 τδ
1264 1482 1396 1518 ὑμέτερον
1412 1481 1562 1517 ἐπέχοντας
1577 1480 1733 1517 πρόσωπον,
1744 1479 1823 1506 εὐσε-

190 1529 313 1556 obituros
330 1528 420 1555 locum
433 1531 558 1555 tenentes
574 1528 627 1555 huc
638 1527 791 1560 destinatis,
807 1528 856 1563 qui
875 1533 979 1556 vestras

1033 1529 1093 1564 6siq.
1108 1528 1137 1555 δὲ
1152 1528 1200 1555 καὶ
1218 1526 1351 1564 ἱερωσύνῃ
1361 1547 1368 1557 .
1384 1527 1430 1553 καὶ
1444 1526 1516 1562 λόγῳ
1530 1526 1577 1553 καὶ
1597 1525 1648 1561 βίῳ
1662 1547 1670 1559 ,
1683 1534 1823 1560 κεκοσμη-

191 1580 325 1608 personas
348 1577 556 1607 repraesentem,
581 1573 682 1608 pietate
709 1576 926 1606 consummatos,
952 1574 981 1601 in

191 1619 277 1646 sacris
290 1619 434 1646 ordinibus
445 1619 618 1650 constitutos,
634 1619 742 1647 dicendi
753 1619 880 1648 facultate
895 1625 924 1647 et
938 1620 982 1648 vi-

191 1669 226 1692 tae
241 1665 383 1692 honestate
399 1669 522 1698 ornatos,
538 1669 568 1692 ut
585 1665 655 1692 hanc
675 1665 729 1692 late
745 1670 899 1701 serpentem
915 1674 981 1701 gan-

191 1719 312 1746 graenam
336 1711 370 1739 de
385 1711 474 1739 media
487 1711 602 1739 ecclesia
614 1719 801 1745 amoveamus,
814 1719 916 1748 eosque
934 1713 981 1748 qui

191 1757 219 1784 in
237 1762 342 1785 tantum
364 1758 548 1793 insanierunt.
572 1762 603 1785 ut
613 1757 762 1793 impietatis
775 1766 832 1786 suae
854 1766 981 1794 superse-

191 1802 371 1830 ininationem
391 1803 652 1831 subintroducerent
671 1804 698 1830 in
715 1809 822 1840 gentem
844 1805 917 1833 hanc
931 1813 981 1834 no-

191 1849 301 1881 vellam,
328 1857 416 1884 nuper
440 1849 566 1877 coalitam
587 1853 615 1876 et
639 1850 827 1884 constitutam,
851 1851 982 1880 radicitus

191 1895 354 1930 exstirpatos
373 1895 427 1931 igni
447 1896 609 1923 mandemus
623 1896 788 1928 adurendos,
805 1897 887 1932 idque
907 1905 982 1925 com-

192 1941 268 1967 Inuni
288 1948 425 1968 consensu
446 1941 568 1968 omnium
588 1950 595 1973 ;
621 1941 694 1976 quod
715 1942 847 1971 divinitus
872 1944 981 1971 oracula

191 1987 271 2014 nobis
285 1987 357 2019 data,
374 1987 446 2022 quod
456 1988 638 2016 exsecrandos
650 1989 757 2022 attinet,
771 1993 802 2017 ut
819 1989 981 2025 suscipiant,

191 2032 380 2061 sanciverunt.

227 2078 272 2106 35.
292 2078 329 2106 ita
355 2079 428 2106 enim
450 2079 572 2107 futurum
588 2081 690 2116 optime
706 2089 858 2116 speramus,
883 2086 912 2109 et
935 2082 982 2109 de-

191 2124 271 2159 pulsa
287 2124 438 2159 impietate,
453 2130 481 2153 et
495 2126 569 2153 cultu
584 2126 692 2161 pietatis
712 2127 871 2160 constituto,
888 2127 982 2164 Bulga-

180 2179 285 2198 rorum
301 2171 447 2199 multitudo
467 2172 572 2199 noviter
588 2173 614 2200 in
631 2173 740 2200 Christo
758 2174 936 2206 catechizata.
954 2180 982 2202 et

191 2217 294 2244 lumine
309 2217 479 2252 baptismatis
495 2218 636 2250 illustrata,
649 2219 683 2247 ad
700 2219 780 2247 tidem
792 2220 859 2254 ipsis
873 2228 980 2249 annun—
995 2212 1017 2240 ί)

192 2264 287 2291 tiatam
306 2264 341 2291 sit
352 2271 505 2292 reversum.
520 2265 601 2292 Certe
615 2273 669 2292 non
682 2266 763 2293 modo
778 2274 845 2301 gens
857 2267 983 2294 universa

191 2310 332 2344 antiquam
348 2318 425 2337 suam
441 2310 609 2345 impietatem
618 2318 667 2346 pro
680 2310 733 2339 ﬁde
744 2311 772 2338 in
787 2311 895 2339 Christo
906 2319 982 2340 eom-

191 2356 324 2389 mutavit;
349 2356 396 2383 sed
411 2356 532 2391 insuper,
549 2357 621 2391 quod
636 2357 783 2385 multorum
796 2358 909 2385 vocibus
934 2358 983 2386 de—

191 2406 328 2433 cantatur,
356 2410 419 2429 cum
445 2407 555 2437 post‘se
576 2410 683 2437 omnes,
703 2404 776 2439 quod
793 2404 982 2432 crudelitatem

190 2448 291 2475 attinet
301 2452 329 2475 et
341 2448 482 2484 sanguinis
495 2448 626 2476 fundendi
639 2449 826 2484 cupiditatem,
841 2450 869 2476 in
880 2457 981 2477 secun-

191 2495 234 2522 dis
258 2494 429 2529 reliquerint,
446 2500 473 2521 et
496 2495 561 2522 illud
577 2495 650 2529 quod
673 2500 787 2523 vocatur
801 2494 886 2528 Rhos,
907 2496 980 2531 apud

190 2548 240 2568 eos
254 2541 290 2567 ita
304 2540 463 2574 obtinuerit,
491 2545 522 2568 ut
535 2541 651 2569 Romani
665 2541 772 2577 imperii
785 2541 908 2569 subditos
930 2543 980 2570 sibi

190 2594 408 2622 quaquaversum
429 2589 577 2622 proximos,
593 2589 620 2616 in
636 2589 794 2616 servitutem
814 2589 980 2624 redigerent,

190 2639 272 2668 atque
287 2634 385 2661 animis
409 2635 478 2661 ul'tra
492 2635 603 2662 modum
618 2635 697 2663 elatis
715 2643 812 2662 manus
836 2635 981 2669 iniicerent

189 2681 323 2708 violentas
338 2690 345 2707 :
368 2681 406 2708 illi
423 2681 474 2716 ipsi
485 2681 512 2708 in
529 2682 656 2716 persenti
673 2683 818 2714 sinceram,
836 2685 862 2709 et
879 2682 979 2717 imper-

189 2728 299 2755 mistam
315 2728 474 2764 religionem
481 2727 580 2755 Christi
593 2735 660 2763 pure
676 2727 850 2764 proﬁtentes,
868 2735 917 2763 pro
928 2735 978 2763 pa-

1034 1576 1141 1612 μένους·
1167 1575 1205 1606 ὡς
1226 1574 1259 1601 ἂν
1279 1574 1330 1609 τὴν
1354 1573 1491 1608 ἀρτιφανῆ
1504 1573 1555 1607 τῆς
1575 1572 1703 1604 ἀσεϐείας
1719 1571 1822 1605 ταύτης

1028 1619 1225 1656 ὲφιρπύσασαν
1249 1620 1431 1654 γαγγραίναν,
1456 1619 1488 1648 ὲκ
1504 1618 1588 1654 μέσον
1603 1618 1654 1654 τῆς
1673 1618 1823 1653 ἐκκλησίας

1032 1664 1231 1700 ποιησώμεθα·
1253 1665 1300 1691 καὶ
1316 1665 1380 1696 τοὺς
1405 1664 1576 1700 ὲκμανέντας
1596 1663 1731 1699 τοσαύτην
1760 1665 1822 1690 ἑπι-

1026 1712 1136 1748 νσπορὰν
1152 1711 1285 1748 πονηρίας
1303 1712 1342 1743 εἰς
1363 1711 1394 1738 τδ
1419 1712 1553 1745 νεοπαγὲς
1571 1711 1618 1738 καὶ
1643 1711 1823 1738 νεοσύστατον

1031 1758 1107 1791 ἔθνος
1121 1758 1297 1792 εἰσενεγκεῖν,
1312 1757 1407 1789 αὑταῖς
1422 1757 1581 1784 ανασπᾶσαι
1603 1756 1703 1793 ῥίζαις,
1718 1756 1768 1784 καὶ
1781 1756 1823 1791 τῷ

1032 1804 1100 1839 πυρὶ
1114 1803 1294 1839 παραδοῦναι,
1311 1803 1355 1830 διὰ
1366 1804 1416 1838 τῆς
1431 1803 1524 1837 κοινῆς
1536 1803 1712 1837 ἀποφάσεως·
1728 1801 1742 1828 δ
1757 1802 1823 1833 τοὺς

1032 1849 1241 1885 κατηραμένους
1255 1849 1446 1884 ὑποδέχεσθαι,
1461 1849 1496 1876 τὰ
1513 1848 1634 1884 κυριακὰ
1647 1847 1823 1880 θεσπίζουσιν

1032 1896 1122 1930 λόγια.

1067 2085 1115 2113 λε’.
1135 2084 1214 2111 Οὕτω
1235 2084 1308 2120 γὰρ,
1332 2083 1382 2118 τῆς
1401 2083 1450 2118 μὲν
1471 2082 1601 2114 ἀσεῆείας
1622 2081 1823 2118 ἑλαυνομὲνης,

1032 2131 1080 2158 καὶ
1101 2130 1153 2165 τῆς
1174 2129 1315 2160 εὐσεϐείας
1336 2128 1574 2164 κραταιουμένης,
1592 2127 1703 2159 ἐλπίδας
1722 2128 1824 2163 ἔχομεν

1032 2175 1153 2210 ἀγαθὰς,
1172 2176 1213 2207 είς
1227 2174 1276 2210 τὴν
1294 2174 1494 2209 παραδοθεῖσαν
1510 2173 1602 2205 αὐτοῖς
1617 2173 1825 2209 ἐωναπρὲψαι

1032 2223 1136 2254 πίστιν,
1150 2223 1198 2249 καὶ
1207 2221 1239 2248 τὸ
1254 2220 1457 2256 νεοκατήχητον
1470 2221 1510 2252 εἰς
1523 2220 1641 2256 Χριστὸν
1654 2219 1701 2247 καὶ
1717 2220 1825 2254 νεοφώ-

1031 2277 1123 2296 τιστον
1140 2268 1195 2295 τῶν
1209 2267 1373 2303 Βουλγάρων
1396 2268 1546 2303 πλήρωμα·
1565 2266 1680 2302 καὶγὰρ
1692 2267 1724 2294 οὐ
1741 2267 1825 2302 μόνον

1031 2316 1062 2342 τὸ
1071 2315 1148 2347 ἔθνος
1164 2314 1257 2346 τοῦτο,
1274 2314 1324 2350 τὴν
1338 2315 1378 2346 εἰς
1393 2314 1510 2350 Χριστὸν
1526 2313 1628 2347 πίστιν,
1647 2314 1697 2349 τῆς
1719 2314 1824 2348 προτέ-

1033 2369 1083 2397 ρας
1099 2361 1227 2392 ἀσεὸείας
1243 2359 1396 2395 ἠλλάξατο*
1421 2360 1491 2387 ἀλλά
1509 2368 1541 2394 γε
1561 2360 1611 2395 δὴ,
1636 2360 1684 2387 καὶ
1699 2360 1730 2386 τδ
1747 2361 1824 2396 παρὰ

1031 2407 1139 2439 πολλοῖς
1161 2407 1292 2438 πολλάκις
1317 2405 1529 2442 θρυλλούμενον,
1554 2406 1602 2433 καὶ
1625 2407 1665 2438 εις
1688 2406 1825 2441 ὠμότητα

1030 2453 1080 2480 καὶ
1097 2453 1255 2487 μιαιφονίαν
1269 2452 1373 2483 πάντας
1389 2452 1533 2487 δευτέρους
1550 2452 1726 2486 ταττόμενον.
1742 2451 1825 2477 τοῦτο

1029 2499 1063 2535 δὴ
1081 2499 1111 2525 τὸ
1125 2499 1291 2534 καλούμενον
1307 2498 1395 2534 τορῶς
1405 2505 1430 2530 τ,
1446 2499 1471 2525 οἱ
1488 2498 1519 2533 δὴ
1536 2500 1583 2525 καὶ
1597 2498 1670 2525 κατὰ
1681 2498 1731 2532 τῆς
1751 2498 1824 2524 Ῥω-

1033 2545 1134 2580 μαῖκῆς
1145 2545 1243 2580 ἀρχῆς,
1263 2544 1325 2575 τοὺς
1340 2543 1421 2579 πέριξ
1437 2543 1526 2570 αὐτῶν
1541 2543 1754 2578 δουλωσάμενοι,
1771 2543 1824 2569 κὰ.-

1031 2592 1120 2618 κεῖθεν
1143 2590 1287 2626 ὑπέρογκα
1304 2589 1593 2626 φρονηματισθέντες,
1622 2591 1716 2624 χεῖρας
1739 2589 1825 2624 ἀντῆ-

1035 2645 1095 2672 ραν·
1116 2636 1173 2663 ἀλλ’
1191 2637 1266 2671 ὅμως
1286 2635 1334 2662 νῦν
1349 2636 1396 2662 καὶ
1409 2632 1493 2667 οὗτοι,
1511 2635 1562 2670 τὴν
1581 2635 1636 2662 τῶν
1649 2635 1824 2670 Χριστιανῶν

1032 2681 1156 2717 καθαρὰν
1179 2683 1226 2708 καὶ
1241 2681 1387 2717 ἀκίϐδηλον
1407 2681 1568 2717 θρησκείαν,
1587 2682 1636 2716 τῆς
1661 2681 1825 2716 Ἑλληνικῆς

1030 2728 1079 2754 καὶ
1093 2728 1174 2754 ἀθέου
1190 2728 1287 2764 δόξης,
1305 2729 1334 2755 ὲν
1351 2725 1368 2765 ᾖ
1385 2728 1544 2764 κατείχοντο
1562 2728 1705 2764 πρότερον,
1722 2727 1827 2763 ἀντηλ-

835 2805 954 2834 VARUS
967 2805 1169 2834 LECTIONES.

228 2867 242 2883 ν
263 2864 315 2899 leg.
327 2864 458 2900 ὑμετέρᾳ.
499 2871 512 2887 ι
527 2865 571 2892 Io’.
584 2865 615 2892 τὸ
635 2864 713 2897 Ῥὦς.
