1940 3087
89 203 198 236 λάξαντο
209 222 218 235 ,
239 202 269 229 ἐν
286 202 342 245 ὖπη

89 250 146 277 ἀντὶ
161 249 210 284 τῆς
225 244 380 284 προμικροῦ
398 247 459 275 καθ’
481 247 563 282 ήμῶν
584 246 747 281 λεηλασίας,
761 244 809 272 xui.
822 244 870 271 τοῦ

91 293 204 330 μεγάλου
223 293 408 329 τολμήματος,
432 291 583 327 ἀγαπητῶς
604 289 870 325 ἐγκαταστήσαντες.

88 341 139 366 Καὶ
161 340 209 366 ἐπὶ
225 339 350 366 τοσοῦτον
364 339 463 370 αὐτοὺς
485 338 500 364 ὸ
520 338 570 373 τῆς
588 337 706 368 πίστεως
724 335 806 367 πόθος
823 334 871 361 xui.

89 385 165 421 ζῆλος
182 385 338 420 άνέφλεξεν,
364 384 481 420 (Παῦλος
499 384 582 412 πάλιν
606 383 655 419 βοᾷ
668 403 675 415 ,
699 381 872 416 Εὐλογητὸς

89 433 104 458 ὀ
117 431 187 465 Θεὸς
201 432 244 464 εἰς
265 431 336 464 τοὺς
347 430 478 465 αἰῶνας)
499 429 570 456 ὥστε
587 429 635 456 καὶ
651 428 799 455 ἐπίσκοπον
825 428 872 454 xui.

88 478 200 513 ποιμένα
224 477 363 509 δέξασθαι,
391 477 438 504 xui
466 476 501 503 τὰ
524 476 580 502 τῶν
611 475 782 510 Χριστιανῶν
805 474 872 510 θρη-

88 523 236 559 σκεύματα,
247 524 291 550 διὰ
306 523 407 558 πολλῆς
422 522 539 557 σπουδῆς
550 522 598 549 καὶ
612 521 771 557 ἐπιμελείας
785 521 871 547 ἀσπά-

86 571 187 603 (aeaut.

118 617 171 650 λς’.
191 617 300 644 Τούτων
314 616 361 644 οῦν
372 616 443 643 οὕτω
456 636 464 649 ,
480 618 514 652 τῇ
529 616 577 643 τοῦ
594 615 786 651 φιλανθρώπου
802 614 870 642 Θεοῦ

85 665 189 700 χάριτι,
205 663 253 690 τοῦ
274 664 378 695 πάντας
401 663 562 699 ἀνθρώπους
583 663 705 694 θέλοντος
730 662 869 697 σωθῆναι,

85 711 131 737 καὶ
155 711 195 741 εἰς
221 710 370 744 ἐπίγνωσιν
394 709 524 744 ἀληθείας
549 708 647 740 ἐλθεῖν,
669 708 725 734 τῶν
745 707 869 734 παλαιῶν

86 757 174 787 αὑτοῖς
194 756 371 791 δοξασμάτων
398 755 630 791 μετατιθεμένων,
652 754 700 782 xui.
721 754 771 790 τὴν
803 754 871 780 είλι-

86 803 162 838 κρινῆ
172 802 227 829 τῶν
237 801 400 837 χριστιανῶν
411 801 503 828 πίστιν
515 800 640 832 ἐκείνων,
652 799 870 834 ἀλλασσομένωνυ

86 850 109 875 εί
122 848 280 883 διανασταίη
302 848 350 874 καὶ
366 848 383 883 ἡ
404 847 526 882 ὑμετέρα
540 846 690 881 ἀδελφότης
710 845 869 881 συμπροθυ-

87 894 202 929 μηθῆναι
216 914 223 926 ,
239 893 286 920 xui.
309 891 599 927 συγκατεργάσασθαι,
615 891 657 923 εις
675 891 724 926 τὴν
746 889 868 926 ἐκκοπὴν

83 940 128 967 xui.
141 939 239 967 καῦσιν
252 939 307 966 τῶν
324 938 521 975 παραφυάδων,
539 937 567 964 ἐν
584 937 680 973 Κυρίῳ
698 937 786 972 Ἰησοῦ
800 937 867 972 Χρι-

83 985 148 1020 στῷ,
169 985 209 1021 τῷ
223 984 342 1020 ἀληθινῷ
356 983 415 1019 Θεῷ
428 983 508 1020 ἡμῶν
528 983 689 1012 πεποιθότες
709 982 804 1017 ἐσμὲν,
827 984 868 1009 ὅτι

82 1030 111 1057 τὸ
124 1030 249 1064 ποίμνιον
268 1029 362 1061 αὑτοῦ,
382 1028 428 1054 ἐπὶ
444 1027 525 1054 πλέον
543 1026 584 1053 ἐτι
607 1026 707 1061 μᾶλλον
721 1025 870 1061 αὐξηθήσεο

82 1085 137 1107 ται.
154 1077 202 1103 xui.
219 1074 429 1111 πληρωθήσεται
443 1073 474 1100 τὸ
486 1073 644 1108 εἰρημένον,
658 1074 700 1100 ὅτι
718 1072 866 1105 Ειὸήσου-

82 1123 136 1149 σίν
148 1130 187 1156 με
203 1121 315 1154 πάντες
331 1121 390 1148 ἀπὸ
409 1120 518 1155 μικροῦ
534 1120 590 1153 ἕως
602 1118 737 1154 μεγάλου
758 1117 868 1148 αὐτῶν,

82 1168 140 1201 xui,
156 1167 209 1201 Εις
220 1167 325 1195 πᾶσαν
337 1167 396 1202 τὴν
411 1166 470 1203 τῆν
483 1166 613 1201 ἐξῆλθεν
626 1168 642 1193 ὁ
656 1166 788 1201 φθόγγος
816 1164 870 1190 τῶν

83 1213 269 1241 ἁποστολικῶν
290 1213 475 1249 διδαγμάτων,
496 1212 547 1239 καὶ
566 1213 609 1245 εις
628 1213 665 1238 τὰ
681 1211 794 1246 πέρατα
815 1209 871 1244 τῆς

82 1260 260 1296 οἰκουμένης
272 1260 308 1287 τὰ
320 1260 441 1295 ῥήματα
459 1259 569 1286 αὐτῶν.

117 1306 168 1339 λζ’.
188 1308 234 1334 Δεῖ
247 1305 294 1334 οὖν
307 1308 369 1338 τοὺς
389 1307 454 1343 παρ’
468 1306 545 1342 ὑμῶν
558 1306 616 1333 ἀνθ’
631 1305 709 1341 ὑμῶν
729 1303 872 1340 στελλομέ-

82 1361 161 1386 νους,
173 1353 222 1381 καὶ
237 1353 268 1380 τὸ
283 1353 418 1389 ὑμέτερον
434 1353 633 1388 ὑποδυομένους
651 1352 722 1387 ἱερὸν
737 1352 784 1379 καὶ
798 1352 872 1378 ὅσιον

82 1398 241 1435 πρόσωπον.
270 1399 321 1434 τὴν
347 1399 484 1435 ὑμετέραν
507 1398 662 1430 αὺθεντίαν,
684 1398 718 1434 ἢν
742 1398 822 1433 ὑμεῖς
843 1398 872 1424 ὲν

83 1445 222 1481 Πνεύματι
240 1445 310 1481 ἁγίῳ
327 1445 538 1481 ἐκληρώσασθε¹,
554 1444 768 1480 ἐγχειρισθῆναι·
786 1444 824 1476 ὡς
839 1444 872 1471 ἂν

82 1492 147 1528 περί
170 1501 200 1519 τε
223 1492 324 1519 τούτων
344 1492 399 1519 τῶν
423 1491 590 1526 κεφαλαίων,
614 1491 663 1518 xui.
684 1493 748 1528 περὶ
771 1491 873 1526 ἑτέρων

662 143 933 175 EPISTOLARUM
953 143 1068 173 LIBER
1089 143 1113 173 Ι.

344 201 414 228 κόων
438 199 553 231 ἑαυτοὺς
571 199 619 226 xui.
634 198 773 234 προξένων
786 197 871 230 τάξει.

924 196 1018 231 ganica
1034 196 1173 232 impietate
1189 196 1245 229 illa,
1261 204 1313 232 qua
1328 198 1405 232 prius
1417 198 1535 234 possessi
1552 199 1715 227 detineban-

1655 147 1709 178 738

923 248 977 275 tur.
995 243 1022 270 in
1036 251 1155 270 numero
1172 248 1259 271 semet
1273 247 1301 270 et
1313 244 1408 272 ordine
1426 249 1604 279 reposuerant
1619 246 1716 273 subdi-

923 295 1022 322 torum,
1043 289 1113 317 adeo
1127 294 1167 322 ut,
1186 297 1248 317 cum
1271 297 1326 317 nou
1349 290 1386 318 ita
1402 291 1506 325 pridem
1522 292 1719 326 [przedarentur

921 340 1015 363 nostra
1041 343 1103 362 cum
1119 335 1231 363 audacia
1248 343 1364 368 summa,
1380 344 1453 364 nunc
1472 338 1539 365 satis
1551 339 1670 366 habeant
1693 339 1716 366 si

922 380 1108 414 acquiescant.
1123 381 1157 408 Et
1169 389 1202 408 eo
1217 382 1327 416 quidem
1339 390 1424 416 usque
1440 382 1500 410 ﬁdei
1514 391 1591 410 amor
1605 384 1717 411 etxelus

923 426 1041 454 intendit
1058 426 1102 462 (de
1119 435 1171 462 qua
1192 435 1222 454 re
1237 436 1299 455 cum
1314 427 1399 455 Paulo
1420 429 1545 462 dixerim,
1561 429 1718 457 Benedictus

921 474 955 500 sit
970 474 998 500 in
1018 474 1116 501 stet-uta
1133 474 1213 509 Deus)
1231 479 1261 502 ut
1281 479 1419 510 pastorem
1438 479 1464 502 et
1481 476 1638 511 episcopum
1666 477 1718 504 sibi

922 521 1093 557 propositum
1109 521 1265 554 admittant,
1282 527 1310 549 et
1325 522 1497 549 Christianos
1520 524 1589 550 ritus
1607 524 1718 559 religio-

922 568 967 595 nis
984 567 1079 595 sedulo
1097 568 1259 602 suscipiant,
1277 572 1304 595 et
1320 568 1510 603 amplexantur
1528 569 1716 596 libentissime.

957 613 1000 640 56.
1021 613 1062 641 Ad
1079 613 1153 641 hunc
1165 621 1230 649 ergo
1251 614 1373 645 modum,
1385 622 1448 641 cum
1463 621 1511 649 per
1526 614 1638 649 gratiam
1664 615 1717 642 mi-

922 660 1068 687 sericordis
1082 660 1129 687 Dei
1142 661 1190 695 qui
1206 660 1289 687 vellet
1304 668 1399 688 omnes
1421 660 1548 688 homines
1563 661 1672 693 salvari,
1690 665 1718 688 et

922 705 956 732 ad
972 705 1094 732 veritatis
1119 705 1213 732 venire
1231 705 1428 740 cognitionem,
1440 713 1456 733 a
1476 706 1590 733 vetustis
1611 706 1718 741 opinio-

923 750 1004 777 nibus
1027 750 1084 778 suis
1103 750 1132 778 bi
1155 751 1329 783 recesserint,
1352 755 1380 778 et
1408 751 1518 778 easdem
1536 759 1585 786 pro
1609 752 1719 779 sincera

923 796 1144 824 Christianorum
1160 796 1212 824 ﬁde
1228 797 1406 829 mutaverint,
1430 796 1554 832 profecto
1566 797 1586 825 si
1601 805 1718 824 consur-

924 850 987 879 gere
1001 843 1130 878 dignetur
1142 847 1233 870 vestra
1248 843 1418 875 fraternitas.
1437 847 1465 870 et
1477 851 1531 870 una
1545 851 1607 870 cum
1619 843 1718 871 affectu

923 889 1066 924 cooperari
1088 888 1233 916 nobiscum
1249 893 1281 916 ut
1301 889 1510 921 exsciudantur,
1524 894 1553 916 et
1569 889 1596 916 in
1621 890 1718 917 incen-

922 935 996 963 dium
1012 935 1167 968 mittantur,
1178 935 1224 970 qui
1237 942 1400 962 succrevere
1413 935 1545 966 slolones,
1556 935 1635 962 valde
1650 943 1718 963 con-

918 982 1028 1009 ﬁdimus
1049 989 1098 1017 per
1129 981 1272 1009 Dominum
1298 986 1422 1008 nostrum
1447 981 1543 1009 Jesum
1565 981 1715 1014 Christum,

919 1028 1005 1055 Deum
1014 1036 1121 1060 verum,
1136 1027 1258 1055 futurum
1276 1032 1307 1055 ut
1322 1027 1408 1062 ipsius
1421 1028 1511 1055 adhuc
1530 1029 1615 1064 magis
1630 1037 1719 1056 exau-

921 1080 1017 1111 geatur
1038 1075 1121 1107 ovile,
1140 1079 1167 1101 et
1192 1074 1257 1101 illud
1273 1075 1419 1109 impleatur
1431 1075 1503 1108 quod
1527 1075 1630 1102 dictum
1651 1080 1691 1103 est
1707 1085 1714 1102 :

921 1121 1079 1156 Cognoscent
1094 1129 1135 1147 me
1148 1129 1248 1152 omnes,
1263 1130 1280 1146 α
1296 1121 1404 1147 minimo
1419 1122 1454 1146 ad
1475 1121 1622 1147 maximum
1636 1122 1657 1153 ',
1676 1125 1715 1154 et,

921 1167 956 1194 In
970 1168 1118 1194 universam
1134 1172 1232 1193 terram
1248 1166 1327 1193 emivt't
1344 1174 1434 1197 sonus,
1450 1166 1581 1193 doctrina:
1601 1171 1714 1201 aposto~

921 1214 991 1246 licaa.
1008 1218 1032 1241 et
1046 1214 1082 1240 ad
1098 1213 1223 1240 terminos
1242 1217 1318 1240 term
1331 1213 1410 1239 verba
1425 1221 1516 1239 eorum
1532 1213 1565 1240 '°.

956 1314 1001 1341 57.
1021 1312 1136 1348 Oportet
1163 1312 1245 1348 igitur
1268 1311 1328 1339 illos
1346 1312 1392 1347 qui
1418 1320 1433 1339 a
1457 1312 1535 1339 vobis
1563 1320 1613 1347 pro
1636 1313 1717 1339 vobis

921 1359 1046 1386 mittendi
1073 1364 1147 1390 sunt.
1163 1358 1263 1394 quique
1280 1366 1384 1386 sacram
1398 1363 1576 1394 sanctamque.
1596 1364 1714 1386 vestram

922 1412 1067 1440 personam
1081 1404 1268 1436 sustinebunt,
1299 1411 1361 1431 cum
1375 1409 1465 1431 vestra
1483 1404 1619 1431 liberrima
1636 1409 1714 1439 pote-

922 1455 991 1478 state
1006 1450 1099 1486 legari,
1115 1458 1147 1477 ea
1163 1450 1269 1478 scilicet
1277 1458 1357 1485 quam
1370 1457 1419 1485 per
1436 1450 1568 1485 Spiritum
1589 1455 1714 1479 sanctum

923 1497 1010 1525 sortiti
1025 1498 1101 1530 estis,
1114 1501 1142 1524 et
1157 1502 1187 1524 ut
1199 1497 1363 1524 sententiam
1379 1497 1469 1524 dicere
1482 1497 1598 1532 possint,
1612 1501 1640 1524 et
1655 1498 1715 1524 suf-

81 1539 188 1570 τούτοις
207 1539 416 1575 παραπλησίων,
442 1538 472 1571 ἐξ
488 1538 632 1570 αὑθεντίας
646 1535 712 1565 ὦσιν
727 1539 870 1564 ἀποστολι-

924 1542 1038 1577 fragium
1054 1542 1125 1569 ferre
1143 1541 1249 1568 valeant
1263 1541 1297 1568 de
1313 1541 1449 1575 capitibus
1465 1540 1628 1575 propositis,
1642 1545 1670 1568 et
1691 1541 1714 1568 si

82 1584 132 1612 κοῦ
148 1585 255 1621 θρόνου,
272 1586 319 1612 καὶ
333 1585 423 1620 λέγειν
438 1586 526 1612 ἱκανοὶ
535 1606 542 1618 ,
555 1585 603 1613 xui.
617 1585 748 1621 πράττειν
763 1584 870 1611 ἀκώλυ-

82 1639 135 1659 τοι.
154 1631 209 1658 Καὶ
223 1631 277 1666 γὰρ
290 1632 341 1668 δὴ,
359 1633 406 1659 καὶ
422 1631 477 1658 ἀπὸ
489 1631 543 1658 τῶν
562 1631 611 1666 τῆς
632 1630 747 1663 Ἰταλίας
766 1631 870 1667 μερῶν,

83 1677 212 1712 συνοδική
225 1685 267 1709 τις
282 1677 413 1712 ἐπιστολὴ
430 1677 498 1713 πρὸς
521 1677 595 1713 ἡμᾶς
610 1677 829 1712 ἁναπεφοίτηκεν
844 1680 870 1708 1,

82 1724 213 1759 ἀρρήτων
240 1724 422 1759 ἐγκλημάτων
452 1723 597 1758 γέμουσα·
615 1723 694 1749 ἅτινα
722 1722 791 1748 κατὰ
823 1720 870 1747 τοῦ

82 1769 186 1796 οἰκείου
211 1769 301 1795 αὐτῶν
323 1770 486 1800 ἐπισκόπου,
510 1769 536 1795 οἱ
558 1768 609 1803 τὴν
631 1768 747 1794 Ἰταλίαν
767 1767 873 1794 οίκοῦν-

85 1823 133 1846 τες
151 1834 159 1847 ,
178 1814 248 1850 μετὰ
275 1814 378 1849 πολλῆς
401 1814 611 1849 κατακρίσεως,
640 1814 688 1840 xui
714 1814 803 1849 ὅρκων
822 1822 873 1849 μυ-

83 1860 164 1896 ρίων,
181 1860 380 1896 διετιέιαιιαντο⁸
399 1861 437 1896 μὴ
451 1860 575 1896 παριδεῖν
598 1860 697 1892 αὑτοὺς
713 1859 799 1892 οὕτως
816 1861 874 1887 οικ-

82 1906 158 1943 τρῶς
179 1906 359 1942 ὀλλυμένους,
374 1907 422 1933 xui.
439 1906 491 1932 ὑπὸ
502 1906 669 1941 τηλικαύτης
685 1905 797 1941 βαρείας
817 1914 874 1932 πιε-

84 1952 217 1988 ζομένους
239 1952 416 1988 τυραννίδος,
437 1951 485 1978 xui.
507 1951 572 1983 τοὺς
596 1952 750 1987 ἰερατικοὺς
774 1951 874 1987 νόμους

83 1997 292 2033 ὑϐριζομένους,
309 1997 356 2024 καὶ
371 1997 475 2029 πάντας
489 1997 606 2032 θεσμοὺς
630 1996 792 2032 Ἐκκλησίας
807 1998 873 2024 ἀνα-

81 2043 280 2079 τρεπομένους.
307 2044 341 2070 Ἃ
359 2043 408 2071 καὶ
430 2043 514 2070 πάλαι
540 2044 589 2078 μὲν
611 2043 655 2070 διὰ
680 2043 806 2078 μοναχῶν
826 2042 875 2070 xui.

82 2088 281 2124 πρεσϐυτέρων
311 2089 417 2116 ἐκεῖθεν
443 2089 664 2125 ἀναδραμόντων,
694 2090 734 2120 είς
764 2088 874 2116 πάντων

82 2133 171 2165 ἀκοὰς
184 2133 348 2169 διεφέροντο.
363 2134 502 2167 Βασίλειος
513 2135 536 2161 δ’
549 2136 604 2170 ἄρα
614 2133 659 2171 ἦν,
673 2135 721 2162 καὶ
733 2136 873 2170 Ζωσιμᾶς,

81 2179 272 2215 Μητροφάνης
282 2188 322 2212 τε,
338 2180 387 2206 καὶ
400 2180 448 2206 σὺν
461 2180 553 2212 αὐτοῖς
567 2181 665 2217 ἕτεροι,
680 2181 705 2207 οἰ
719 2181 769 2216 τὴν
782 2180 874 2207 τοιαύ-

81 2233 136 2261 την
152 2225 300 2260 τυραννίδα
317 2225 507 2261 ἀπωδύροντο,
523 2226 569 2252 xui.
584 2226 652 2261 πρὸς
667 2226 805 2262 ἐκδίκησιν
819 2226 872 2253 τῶν
889 2216 910 2244 Ῑ)

89 2272 261 2305 Ἐκκλησιῶν
293 2271 467 2304 ἐξεκαλοῦντο
492 2272 666 2307 δακρύοντες.
690 2272 747 2299 Νῦν
772 2273 801 2299 δὲ
826 2273 873 2307 (ὼς

82 2314 173 2350 ἔφθην
192 2314 289 2350 εἰπὼν)
309 2316 357 2343 καὶ
373 2317 526 2352 γράμματα
546 2317 678 2353 διάφορα,
703 2318 750 2344 καὶ
771 2319 802 2345 ἐκ
815 2318 874 2345 δια-

82 2361 178 2397 φόρων
200 2363 304 2390 ἐκεῖθεν
330 2363 561 2399 ἁναπεφοίτηκεν,
588 2364 741 2399 τραγῳδίας
765 2364 874 2400 ἁπάσης

81 2407 135 2435 καὶ
149 2408 254 2444 μυρίων
274 2409 381 2446 θρήνων
397 2410 526 2445 γέμοντα·
543 2406 580 2437 ὧν
599 2410 634 2437 τὰ
650 2410 694 2437 ῐσα
707 2431 715 2443 ,
739 2411 812 2438 κατὰ
824 2411 874 2446 τὴν

84 2454 202 2481 εκεινων
214 2455 325 2489 ἀξίωσίν
338 2464 367 2483 τε
383 2457 430 2483 xui.
447 2456 585 2492 ἐξαίτησιν
600 2458 609 2493 (
620 2457 668 2484 καὶ
680 2458 735 2493 γὰρ
749 2459 790 2489 εἰς
804 2459 873 2485 πάν-

82 2508 138 2532 τας
152 2501 224 2532 ,τοῦς
246 2502 455 2536 ἀρχιερατικοϋς
476 2503 524 2529 xui.
546 2503 741 2535 ἁποστολικοὺς
763 2503 874 2539 θρόνους

82 2545 243 2580 διαδοθῆναι
253 2547 340 2573 ταῦτα
352 2548 421 2582 μετὰ
437 2548 558 2583 φρικτῶν
570 2549 659 2583 ὅρκων
672 2549 719 2575 καὶ
731 2549 874 2584 παρακλὴ-

83 2599 159 2618 σεων
174 2591 376 2628 ἐδυσώπησαν),
386 2593 424 2624 ὡς
436 2594 505 2620 αὑτὰ
519 2594 612 2621 ἐκεῖνα
620 2595 790 2630 παραστήσει
805 2596 872 2622 ἀνα-

81 2638 288 2673 γινωσκόμενα.
312 2638 357 2674 Τῷ
370 2639 398 2665 δὲ
418 2640 496 2675 ἡμῶν
510 2639 549 2676 τῷ
564 2641 732 2677 γραμματίῳ
744 2641 873 2674 ἐνετάξαο

84 2692 151 2719 μεν,
165 2684 209 2712 ἴνα
227 2685 275 2712 xui
289 2694 322 2711 πε
327 2685 354 2720 pi.
369 2686 483 2720 τούτων,
501 2687 551 2722 τῆς
563 2687 643 2722 ἁγίας
656 2688 702 2715 καὶ
721 2689 874 2724 οἰκουμενι-

126 2753 138 2768 ⁹
154 2752 214 2780 Act.
233 2761 293 2788 vut,
309 2754 354 2782 10.
393 2754 415 2771 ¹⁰
431 2754 503 2783 Psal.
518 2764 595 2791 xvm,
612 2757 644 2791 5;
665 2757 745 2785 Rom.
761 2767 789 2787 κ.
811 2759 854 2786 18.

923 1595 984 1622 quae
996 1587 1047 1614 alia
1060 1586 1159 1614 similia
1173 1586 1359 1622 agitabuntur,
1377 1592 1409 1612 ea
1424 1593 1487 1612 cum
1506 1585 1643 1616 libertate,
1653 1593 1714 1620 qtue

923 1635 1050 1662 thronum
1062 1635 1141 1662 decet
1159 1633 1350 1668 apostolicum.
1368 1632 1437 1660 Cum
1454 1632 1590 1667 praecipue
1605 1632 1640 1667 ab
1660 1631 1714 1659 Ita-

921 1680 965 1709 liae
984 1681 1107 1716 partibus
1126 1679 1264 1715 synodalis
1283 1679 1317 1706 ad
1340 1686 1391 1706 uos
1418 1678 1534 1714 epistola
1563 1678 1715 1713 perscripta

921 1728 1037 1759 venerit,
1053 1726 1270 1754 aCCusationibus
1286 1725 1404 1752 infandis
1424 1725 1527 1760 repleta
1543 1733 1552 1758 ;
1566 1732 1634 1759 quas
1644 1733 1718 1752 con-

923 1780 964 1803 tra
982 1774 1122 1810 proprium
1135 1774 1256 1808 ipsorum
1274 1773 1444 1807 episcopum,
1465 1772 1524 1798 Itali
1534 1772 1567 1799 ad
1583 1779 1634 1798 nos
1651 1779 1715 1799 cum

923 1819 1065 1854 multiplici
1079 1818 1319 1849 condemnatione,
1339 1817 1540 1852 etjuramentis
1553 1825 1608 1844 non
1624 1817 1715 1852 parvis

924 1866 1145 1896 transmiserant,
1163 1869 1302 1899 rogantes,
1320 1871 1356 1890 ne
1372 1864 1488 1890 velimus
1505 1863 1558 1898 pati
1574 1863 1641 1890 adeo
1662 1862 1716 1889 mi-

923 1919 1015 1939 serum
1040 1910 1068 1937 in
1082 1910 1192 1937 modum
1205 1909 1278 1944 ipsos
1299 1909 1396 1944 perire.
1410 1909 1458 1943 qui
1477 1913 1531 1935 tam
1545 1913 1659 1943 urgente
1686 1913 1716 1935 et

924 1956 1089 1985 intolerabili
1117 1955 1261 1991 tyrannide
1274 1955 1476 1990 opprimantur,
1501 1962 1550 1989 per
1565 1962 1646 1989 quam
1668 1962 1715 1981 sa-

924 2003 1038 2031 cerdotii
1057 2003 1130 2038 leges
1153 2002 1350 2030 contumeliose
1364 2000 1524 2036 reﬁguntur,
1542 2005 1571 2028 et
1584 2008 1715 2035 quaecun-

923 2055 976 2083 que
997 2047 1212 2075 consududines
1227 2046 1421 2074 ecclesiasticae
1445 2046 1642 2072 subvertuntur
1659 2053 1666 2071 :
1688 2050 1716 2072 et

924 2097 1000 2120 certe
1015 2100 1071 2120 non
1089 2099 1163 2119 nunc
1175 2092 1306 2127 primum,
1322 2091 1371 2119 sed
1384 2095 1411 2118 et
1421 2091 1486 2118 olim
1502 2099 1551 2126 per
1567 2091 1715 2118 monachos

923 2143 951 2166 et
965 2139 1137 2174 presbyteros
1152 2137 1215 2165 inde
1233 2137 1371 2173 profugos,
1381 2137 1439 2164 haec
1453 2137 1486 2164 ad
1497 2137 1618 2164 omnium
1635 2144 1715 2163 aures

924 2185 1110 2212 dimanarunt.
1137 2183 1253 2211 Basilius
1269 2188 1337 2215 erat,
1353 2182 1486 2213 Zosimas.
1508 2187 1536 2210 et
1558 2182 1715 2218 Metropha-

926 2237 986 2260 nes,
1003 2237 1109 2257 necnon
1127 2229 1183 2262 alii,
1202 2229 1248 2264 qui
1263 2228 1434 2264 tyrannidem
1453 2229 1566 2256 istamce
1588 2228 1714 2263 deplora-

926 2277 1002 2310 bant,
1018 2276 1174 2311 etquicum
1196 2276 1321 2311 iacrymis
1344 2275 1379 2302 ad
1396 2275 1544 2302 Ecclesiam
1571 2275 1714 2302 vindican-

926 2323 988 2351 dam
1000 2330 1051 2350 nos
1063 2322 1228 2350 excitabant.
1246 2322 1275 2349 In
1292 2321 1420 2356 praesenti
1433 2325 1535 2354 autem,
1550 2321 1621 2356 quod
1637 2321 1717 2348 dice-

926 2369 1032 2400 bamus.
1054 2369 1169 2396 diversaa
1180 2368 1214 2395 de
1228 2367 1343 2395 diversis
1358 2367 1424 2393 iocis
1439 2366 1536 2394 littera:
1555 2366 1662 2393 abunde
1678 2366 1712 2393 ad

926 2423 977 2443 nos
992 2419 1136 2446 venerunt,
1151 2413 1258 2449 tragicis
1271 2412 1406 2440 sexcentis
1417 2411 1495 2439 lessis
1511 2411 1621 2446 repleta:
1633 2417 1661 2439 et
1672 2411 1711 2438 la-

927 2460 1037 2488 mentis.
1065 2459 1181 2487 lstarum
1195 2465 1277 2494 porro
1295 2458 1445 2485 litterarum
1468 2457 1643 2492 exemplaria,
1668 2465 1712 2485 se-

922 2507 1042 2536 cundum
1057 2506 1130 2541 quod
1144 2505 1271 2534 volebant
1286 2510 1313 2531 et
1325 2504 1455 2539 rogabant
1468 2503 1518 2538 ipsi
1532 2504 1577 2538 qui
1592 2511 1717 2531 summo-

922 2559 988 2587 pere
1013 2551 1211 2579 contenderant
1231 2554 1258 2577 et
1274 2557 1326 2577 nos
1340 2549 1498 2584 adjurarant
1522 2550 1714 2582 vehementer,

923 2603 953 2626 ut
968 2598 1001 2625 ad
1018 2605 1113 2625 omnes
1129 2596 1229 2631 ubique
1256 2595 1418 2631 apostolicas
1441 2595 1519 2622 sedes
1542 2594 1715 2622 transmitte-

923 2648 1030 2675 rentur,
1041 2643 1119 2670 vobis
1147 2641 1259 2677 legenda
1274 2640 1427 2672 oderimus.
1438 2644 1466 2668 et
1483 2640 1592 2675 quidem
1614 2639 1716 2666 litteris

923 2698 974 2718 nos
993 2689 1035 2719 his
1054 2689 1224 2722 inclusimus,
1241 2688 1316 2723 quod
1330 2692 1424 2716 sancta
1435 2691 1462 2715 et
1473 2685 1642 2715 oecumenica
1651 2691 1713 2719 quae

723 2816 840 2845 νΑΒιΑς
867 2814 1070 2845 LECTIONES.

124 2872 142 2894 1
157 2878 203 2904 1p.
220 2870 433 2906 ἁναπεςύτεκιν.
