1940 3087
193 174 253 207 739.

770 164 903 196 ΡΗΟΤΙΙ
922 161 1177 195 ΡΑἸἻΒΙΑΒΟΗᾸΞ
1195 159 1251 191 CP.

1767 151 1820 185 740

190 234 360 259 conventura
370 231 412 255 est
434 226 463 254 in
479 224 595 252 Domino
609 221 746 259 Isynodus,
761 225 843 256 prout
859 227 922 247 eum
937 226 983 246 ea-
997 222 1008 250 Α

1063 219 1084 253 ξς
1101 217 1130 244 ὲν
1153 216 1250 251 Κυρίῳ
1273 213 1382 241 συνόδου
1403 210 1600 248 ἁθροιζομένης
1613 232 1622 244 ,
1637 209 1671 237 τὰ
1684 209 1723 246 τῷ
1744 210 1822 246 Θεῷ.

191 277 313 306 nonibus
337 279 488 308 congruere
504 271 681 300 videbuntur,
699 275 750 296 suo
764 265 902 294 communi
926 264 983 291 suf-

193 324 278 360 fragio
291 321 445 352 conﬁrmet,
454 323 485 346 ut
499 318 539 346 sic
551 324 618 353 pace
629 315 721 351 jugiet
735 312 869 350 profunda
882 310 984 339 Christi

193 368 314 398 Ecclesia
330 371 547 402 quaquaversum
570 361 734 398 perfruatur.

229 417 274 443 58.
295 415 388 449 Neque
418 419 484 440 sane
506 415 623 438 vestram
645 406 816 435 solummodo
838 402 986 432 beatitudi-

195 469 258 489 nem
286 461 340 487 huc
359 464 553 488 convocamus,
577 454 625 482 sed
646 453 811 488 reliquarum
834 457 895 486 quae
924 452 988 476 sunt

196 504 469 541 archiepiscopalium
493 507 522 530 et
553 499 764 536 apostolicarum
787 498 893 525 sedium
917 495 989 522 auti-

197 540 346 585 stites,rvel
359 551 414 586 jam
426 549 608 580 advenerunt,
623 546 665 574 vel
676 544 834 581 propediem
847 540 988 570 adventuri

197 603 404 634 exspectantur.

233 633 277 673 39.
299 644 338 672 Ne
350 642 503 671 committat
518 641 602 676 igitur
616 638 774 667 fraternitas
788 641 878 664 vestra
894 635 921 662 in
936 633 989 662 Do-

200 691 275 719 mino
293 698 357 725 qua:
376 693 428 719 est,
458 695 508 723 per
536 687 653 722 aliquam
668 684 838 716 dilationem,
853 685 901 709 aut
927 687 991 716 pro-

201 736 425 765 crastinationem
445 734 587 768 temporis,
615 735 645 758 ut
659 731 763 758 diutius
780 736 862 764 quam
877 734 924 763 par
951 730 993 753 est

202 785 300 812 fratres
329 790 378 810 vos
396 782 440 808 hic
462 783 643 815 exspectent:
663 777 770 805 noverit
785 776 869 811 quod,
896 775 920 802 si
944 781 994 809 per

201 834 323 857 vestrum
337 827 480 862 aliqualem
493 825 631 853 defectum
645 832 689 852 res
706 831 755 850 suo
766 823 863 850 ordine
876 821 928 848 rite
939 827 993 847 non

203 879 376 911 peragautur,
391 881 446 900 non
462 873 489 900 in
500 872 593 902 alium,
614 871 662 898 sed
683 870 712 897 in
726 870 815 905 ipsum
833 868 995 902 delinquen-

205 927 260 950 tcru
277 921 378 949 recidet
389 923 529 947 contracta
541 918 631 953 culpa.

242 967 286 994 40.
306 966 359 993 Sed
371 971 399 993 et
416 965 481 992 illud
494 964 607 999 insuper
619 962 695 990 libris
705 961 805 989 nostris
817 961 944 989 duximus
955 961 999 988 in-

206 1013 359 1044 ferendum,
376 1016 406 1039 ut
416 1011 545 1039 nimirum
561 1014 683 1037 sanctam
702 1013 729 1036 et
747 1007 928 1035 universalem
953 1015 999 1034 se—

212 1059 327 1094 ptimam
348 1057 481 1093 synodum
498 1056 525 1083 in
545 1055 672 1082 eumdem
688 1061 832 1081 numerum
852 1053 942 1080 velitis
972 1057 1000 1080 et

209 1105 333 1132 ordinem
364 1103 470 1131 referre
494 1110 557 1130 cum
583 1109 630 1129 sex
645 1100 748 1128 sanctis
769 1105 797 1127 et
822 1099 1001 1127 meumenicis

209 1150 342 1180 conciliis.
371 1157 420 1185 per
436 1148 578 1176 universas
595 1151 691 1174 vestra:
710 1146 821 1173 ditionis
845 1146 1000 1178 Ecclesias;

210 1206 273 1225 cum
288 1198 322 1224 ad
337 1204 388 1224 uos
399 1204 492 1224 ruruor
519 1196 688 1223 increbuerit
703 1196 775 1230 quod
789 1186 913 1230 quredam
936 1202 1003 1229 apo-

211 1243 307 1271 stolico
330 1247 421 1270 vestro
448 1242 547 1269 throno
569 1241 685 1269 subditae
707 1240 835 1269 Ecclesiae
855 1248 942 1275 usque
969 1239 1004 1266 ad

212 1293 316 1316 sextam
335 1292 494 1323 computare
517 1287 607 1315 solent
619 1287 790 1314 universales
809 1286 936 1322 synodos,
962 1293 1006 1313 se-

216 1335 329 1370 ptimam
341 1341 513 1368 nequaquam
525 1337 703 1368 agnoscentes
717 1340 796 1367 :qum
807 1332 836 1359 in
844 1331 890 1359 illa
900 1331 1006 1359 sancie-

214 1380 324 1411 bautur,
344 1387 405 1406 cum
421 1379 598 1407 veneralione
612 1383 738 1414 suscepta
754 1379 847 1406 fovere
859 1378 1005 1410 dicuntur;

216 1425 302 1460 ipsam
320 1431 409 1452 tamen
437 1424 559 1452 nondum
574 1432 607 1452 eo
622 1424 789 1460 processisse
812 1422 1006 1458 susceptionis,

217 1475 248 1498 ut
263 1471 370 1506 publice
395 1479 443 1506 per
460 1470 596 1498 Ecclesias
614 1491 622 1504 ,
640 1470 711 1498 sicut
735 1470 849 1505 priores,
874 1469 1008 1505 depmdi-

217 1518 325 1546 catione
340 1517 516 1552 suscipiatur,
528 1517 609 1544 etiam
621 1522 678 1544 tum
690 1525 752 1544 cum
764 1517 865 1552 ubique
877 1516 935 1552 pari
946 1522 1008 1543 cum

218 1564 326 1592 ceteris
340 1563 472 1599 dignitate
485 1563 662 1599 suscipiatur.

254 1610 300 1638 Η.
321 1597 402 1637 Certe
415 1610 524 1645 quidem
541 1597 587 1637 illa
599 1609 718 1645 synodus
733 1616 868 1636 summam
882 1608 1007 1644 profliga-
1023 1597 1044 1609 υ

221 1655 261 1682 vit
273 1655 441 1690 impietatem
454 1662 462 1688 ;
481 1655 577 1682 habuit
591 1661 765 1682 consessores
780 1658 808 1681 et
821 1653 1012 1689 suﬂragatores

221 1702 266 1737 qui
282 1702 316 1730 de
330 1705 448 1736 quatuor
471 1700 748 1736 arehiepiscopalibus
769 1700 877 1727 thronis
889 1699 1013 1726 aderant.

222 1747 381 1775 Patetenim
391 1754 408 1774 ι
417 1753 507 1774 vestra
516 1746 665 1782 apostolica
673 1745 737 1773 sede
745 1746 890 1773 advenisse
897 1746 1014 1773 Alexan-

223 1793 333 1820 drinum
342 1792 474 1820 Thomam
488 1792 662 1825 monachum,
675 1796 772 1820 etcum
780 1799 814 1820 eo
824 1792 995 1828 presbyteros
1006 1799 1014 1825 ;

223 1840 258 1866 ab
273 1838 468 1874 Hierosolymis
482 1843 511 1866 et
528 1838 684 1872 Antiochia,
701 1838 830 1872 Joannes,
850 1843 879 1865 et
891 1838 937 1873 qui
952 1845 1016 1866 cum

225 1885 272 1912 illo
292 1891 443 1916 venerunt;
463 1885 498 1912 ab
517 1885 628 1921 antiqua
645 1884 741 1918 Roma,
751 1885 846 1913 aderat
864 1884 963 1912 Petrus
972 1893 1017 1912 ar-

225 1932 413 1967 chipresbyter
439 1932 671 1967 religiosissimus,
696 1937 724 1959 et
746 1932 815 1959 alius
832 1933 897 1959 item
920 1931 1016 1960 Petrus

227 1977 378 2012 presbyter,
396 1977 548 2004 monachus
561 1981 589 2005 et
604 1977 767 2012 praepositus
778 1977 910 2013 religiosa:
920 1977 1018 2005 domus

227 2023 314 2050 sancti
332 2023 438 2056 Sabbae,
455 2031 515 2058 quae
530 2023 623 2051 Roma:
640 2028 707 2051 erat.

264 2113 309 2140 Β.
331 2112 375 2140 Isti
392 2120 488 2140 omnes
505 2120 659 2140 convenere
672 2120 725 2139 una
737 2121 800 2140 cum
817 2112 909 2140 divino
925 2118 1020 2140 nostro

230 2158 321 2191 Patre,
333 2158 517 2186 sacratissimo
533 2161 561 2185 et
575 2158 733 2186 beatissimo
743 2159 810 2192 viro,
825 2159 948 2192 Tarasio,
970 2159 1020 2186 ad-

230 2209 318 2237 erant,
331 2204 580 2239 Constantinopolis
592 2205 798 2240 archiepiscopo
811 2214 817 2232 :
828 2213 954 2241 magnum
969 2205 1021 2232 hoc

1033 263 1152 295 καὶτοῖς
1169 261 1318 292 συνοδικοῖς
1333 259 1429 287 κανόσι
1443 258 1589 285 δοκοῦντα.
1604 257 1688 292 ψήφῳ
1708 255 1824 292 βεϐαιω-

1035 308 1093 344 θείη
1118 308 1197 342 σκοινῇ
1221 328 1228 340 ,
1244 307 1291 333 καὶ
1315 306 1412 340 εἰρήνη
1438 304 1534 340 βαθεῖα
1556 303 1606 335 τὰς
1628 302 1675 330 τοῦ
1701 301 1824 338 Χριστοῦ

1041 354 1206 390 Ἐκκλησίας
1221 352 1405 387 καταλήψοιτο
1411 374 1417 379 .

1071 411 1123 446 λη’.
1140 411 1195 437 Καὶ
1209 410 1263 444 γὰρ
1276 410 1323 436 καὶ
1336 409 1367 435 ού
1384 408 1463 443 μόνον
1477 407 1525 443 τὴν
1539 406 1678 442 ὑμετέραν
1692 405 1827 441 μακαριό-

1036 467 1105 493 τητα
1119 457 1165 484 ἐπὶ
1177 457 1256 483 τοῦτο
1273 454 1494 492 προκαλούμεθα·
1515 453 1585 480 ἀλλά
1600 462 1630 487 γε
1644 453 1677 488 δὴ
1687 472 1693 484 ,
1710 453 1757 479 καὶ
1771 451 1826 478 τῶν

1037 505 1125 533 ἄλλων
1149 502 1351 539 ἀρχιερατικῶν
1377 502 1425 528 καὶ
1450 500 1639 527 ἀποστολικῶν
1665 498 1779 534 θρόνων,
1802 497 1826 524 οἱ

1041 552 1089 587 μὲν
1104 551 1154 587 ¹ἢδη
1171 550 1219 577 καὶ
1242 550 1380 584 πάρεισιν,
1401 548 1426 574 οἱ
1449 547 1478 574 δὲ
1493 547 1524 573 ού
1542 546 1610 582 μετὰ
1632 546 1716 572 πολὺν
1732 544 1827 580 χρόνον

1040 598 1168 634 παρεῖναί
1181 598 1234 624 εισι
1250 596 1439 632 προσδόκιμοι.

1076 644 1126 671 λθ’.
1148 644 1193 680 Μὴ
1208 641 1254 670 οὖν
1270 644 1286 679 ἡ
1305 642 1426 678 ὑμετέρα
1443 642 1472 668 ἐν
1483 639 1580 676 Κυρίῳ
1591 638 1749 674 ἀδελφότης,
1767 639 1833 665 ἀνα-

1042 691 1107 726 ϐολῇ
1124 699 1176 717 τινι
1192 690 1239 717 καὶ
1259 690 1414 724 παρατὰοει
1427 688 1524 723 χρόνου
1535 708 1542 720 ,
1559 687 1623 717 τοὺς
1638 686 1768 719 ἀδελφοὺς
1782 685 1832 711 αὑ-

1042 739 1092 774 τῆς
1103 737 1251 773 διατρίϐειν
1268 737 1338 772 ὑπὲρ
1350 735 1380 762 τὸ
1393 735 1462 767 δέον,
1476 734 1594 770 ποιήσει·
1612 732 1785 768 γινώσκουσα
1795 731 1834 763 ὡς

1044 785 1068 812 εί
1083 786 1111 811 τὶ
1134 784 1210 820 παρὰ
1223 784 1273 819 τὴν
1288 781 1374 817 αὐτῆς
1395 781 1554 816 ὑστέρησιν,
1570 780 1601 805 οὐ
1625 779 1697 805 κατὰ
1718 779 1748 804 τὸ
1762 777 1834 807 δέον,

1045 831 1153 863 ἐλλιπές
1171 840 1197 857 τι
1216 828 1417 865 διαπραχῡείη,
1445 828 1495 862 ούχ
1515 825 1609 862 ἕτερός
1634 834 1689 858 τις,
1712 825 1769 852 ἀλλ’
1796 824 1836 856 τίς

1048 878 1146 913 ἑαυτὴν
1160 877 1230 912 αὑτὴ
1244 876 1274 903 τὸ
1290 876 1451 910 κατάκριμα
1465 873 1659 900 ἐπισπάσαιτο.

1085 971 1122 1003 μ’.
1143 967 1198 994 Καὶ
1215 965 1294 993 τοῦτο
1309 965 1337 992 δὲ
1360 963 1546 1000 προστεθῆναι
1562 961 1651 998 χρεὼν
1672 961 1730 993 τοῖς
1748 959 1839 996 γράμ-

1051 1022 1134 1050 μασιν
1157 1011 1320 1049 ἡγησάμεθα
1331 1032 1338 1045 ,
1357 1011 1400 1037 ἵνα
1416 1010 1466 1046 τὴν
1484 1010 1566 1044 ἁγίαν
1581 1009 1628 1036 καὶ
1648 1006 1841 1042 οἰκουμενικὴν

1050 1060 1168 1095 ἑϐδόμην
1191 1059 1307 1091 σύνοδον,
1330 1059 1390 1090 ταῖς
1414 1057 1507 1092 ἁγίαις
1531 1056 1579 1083 καὶ
1592 1054 1796 1090 οἱκουμενικαῖς
1813 1053 1843 1085 ἒξ

1052 1107 1171 1138 συνόδοις
1187 1105 1345 1132 συντάττειν
1367 1104 1415 1131 καὶ
1437 1103 1623 1138 συναριθμεῖν,
1641 1101 1723 1128 παντὶ
1739 1100 1778 1136 τῷ
1797 1099 1843 1135 ὑφ’

1053 1153 1129 1188 ὑμῶν
1140 1153 1190 1187 τῆς
1206 1152 1370 1187 Ἐκκλησίας
1387 1149 1554 1185 παραδοθείη
1571 1147 1745 1183 πληρώματι·
1764 1146 1843 1181 φήμη

1053 1199 1108 1234 γὰρ
1124 1196 1191 1234 ἧκεν
1205 1199 1245 1229 εἰς
1260 1197 1349 1232 ἡμᾶς,
1375 1195 1413 1227 ὥς
1432 1203 1504 1226 τινες
1525 1194 1579 1220 τῶν
1598 1193 1650 1219 ὑπὸ
1670 1191 1715 1218 τὸν
1731 1192 1846 1217 ﬁrmo-.0:

1053 1245 1128 1272 λικὸν
1152 1244 1229 1280 ὑμῶν
1251 1243 1346 1279 Θρόνον
1376 1241 1553 1276 Ἐκκλησίαι,
1572 1240 1652 1276 μέχρι
1674 1239 1725 1274 τῆς
1743 1239 1844 1274 ἕκτης,

1056 1292 1104 1322 τὰς
1117 1289 1311 1325 οἰκουμενικὰς
1329 1288 1482 1324 ἀριθμῆσαι
1504 1286 1640 1318 συνόδους,
1658 1285 1707 1321 τὴν
1724 1284 1843 1319 ἑϐδόμην

1056 1338 1106 1365 οὐκ
1127 1337 1227 1363 ἴσασιν·
1243 1335 1311 1362 ἀλλὰ
1326 1334 1361 1361 τὰ
1378 1334 1428 1369 μὲν
1445 1335 1473 1360 ὲν
1487 1333 1556 1368 αὑτῇ
1577 1331 1749 1367 κυριωθέντα
1766 1335 1790 1362 ι,
1807 1330 1847 1356 εῖ-

1057 1392 1111 1419 περ
1126 1392 1154 1410 τι
1169 1383 1243 1413 ἀλλο,
1266 1382 1311 1409 διὰ
1329 1380 1447 1416 σπουδῆς
1466 1379 1515 1407 καὶ
1530 1378 1745 1414 σεϐασμιότητος
1759 1377 1842 1411 ἄγου-

1059 1441 1112 1464 σιν,
1137 1431 1221 1466 αὐτὴν
1245 1429 1268 1457 δ’
1289 1429 1489 1464 ἀνακηρύττειν
1513 1428 1561 1455 ὲπὶ
1583 1428 1632 1462 τῆς
1663 1425 1848 1460 Ἐκκλησίας,

1060 1478 1154 1513 ὥσπερ
1166 1477 1213 1504 καὶ
1227 1477 1277 1508 τὰς
1294 1476 1388 1508 ἄλλος,
1403 1474 1479 1502 οὕπω
1494 1475 1584 1509 τυχεῖν
1600 1472 1786 1506 ἐπιγνώσεως,
1803 1471 1851 1498 καί

1060 1532 1103 1550 τοι
1114 1523 1146 1550 τὸ
1158 1521 1217 1550 ἴσον
1228 1522 1347 1554 ἐκείναις
1362 1519 1517 1556 ἁπανταχοῦ
1533 1519 1719 1554 διασωζούσης
1730 1518 1849 1553 ἀξίωμα.

1100 1609 1155 1644 μα’.
1177 1609 1233 1636 Καὶ
1253 1608 1308 1644 γὰρ
1328 1609 1375 1635 καὶ
1392 1608 1462 1644 αὕτη
1483 1609 1614 1644 μεγίστην
1629 1607 1738 1634 καθεῖλε
1755 1607 1855 1635 δυσσέ-

1063 1655 1149 1688 ϐειαν,
1169 1655 1378 1691 συμπαρέδρους
1395 1655 1465 1690 αὑτῇ
1490 1656 1538 1681 καὶ
1554 1654 1720 1690 συμψήφους
1740 1656 1804 1685 τοὺς
1822 1655 1856 1680 ἐκ

1062 1702 1117 1729 τῶν
1130 1702 1272 1737 τεσσάρων
1282 1702 1400 1737 ἥκοντας
1411 1701 1613 1737 ἀρχιερατικῶν
1624 1701 1727 1736 θρόνων
1740 1700 1854 1735 ἔχουσα·

1065 1748 1156 1784 παρῆν
1170 1748 1240 1783 γὰρ,
1258 1748 1295 1779 ὡς
1320 1748 1399 1782 δῆλον
1410 1768 1417 1780 ,
1434 1748 1488 1774 ἀπὸ
1506 1748 1555 1782 μὲν
1569 1748 1617 1774 τοῦ
1637 1747 1772 1783 ὑμετέρου
1787 1748 1857 1774 ἁπο-

1067 1793 1190 1820 στολικοῢ
1207 1794 1303 1829 θρόνου
1319 1794 1367 1829 τῆς
1391 1793 1604 1829 Ἀλεξανδρείας.
1619 1793 1722 1828 Θωμᾶς
1738 1794 1858 1828 μοναχὶις

1066 1840 1269 1876 πρεσϐύτερος,
1288 1841 1335 1867 καὶ
1360 1841 1385 1867 οἰ
1403 1841 1451 1868 σὺν
1475 1840 1559 1876 αὐτῷ,
1578 1841 1632 1868 ἀπὺ
1654 1841 1683 1867 δὲ
1705 1840 1858 1876 Ἰεροσολύ-

1069 1896 1126 1922 μων
1143 1887 1190 1914 καὶ
1210 1887 1376 1923 Ἀντιοχείας
1395 1887 1532 1924 Ἰωάννης,
1546 1888 1593 1915 καὶ
1605 1888 1631 1914 οἱ
1648 1888 1696 1914 σὺν
1709 1888 1796 1923 αύτῷ,
1811 1888 1861 1914 καὶ

1068 1932 1122 1960 ἀπό
1139 1941 1171 1967 γε
1193 1933 1244 1968 τῆς
1259 1932 1450 1969 πρεσϐυτέρας
1468 1932 1580 1968 Ῥώμης
1593 1954 1600 1965 ,
1617 1933 1722 1968 Πέτρος
1746 1934 1760 1960 ὁ
1777 1933 1860 1960 εὐλα-

1069 1979 1198 2011 ϐὲστατος
1224 1979 1520 2015 πρωτοπρεσϐύτερος,
1551 1980 1598 2006 καὶ
1629 1979 1723 2016 ἕτερος
1755 1980 1863 2015 Πέτρος

1069 2025 1267 2060 πρεσϐύτερος,
1282 2025 1400 2059 μοιαχὸς
1416 2025 1464 2052 καὶ
1477 2024 1628 2060 ἡγούμενος
1642 2027 1691 2061 τῆς
1706 2026 1778 2053 κατὰ
1798 2025 1864 2054 Ῥώ-

1072 2080 1125 2106 μην
1141 2071 1257 2105 εὺαγοῦς
1275 2070 1359 2106 μονῆς
1371 2070 1417 2097 τοῦ
1431 2071 1510 2105 ἁγίου
1524 2071 1625 2099 Σάϐϐα.

1108 2116 1163 2153 μβ¹.
1184 2117 1239 2143 Καὶ
1250 2117 1352 2144 τούτων
1367 2117 1493 2144 ἁπάντων
1509 2118 1738 2154 συνεληλυθότων,
1754 2119 1815 2153 ἅμα
1823 2119 1864 2155 τῷ

1072 2164 1197 2200 ἡμετέρῳ
1214 2163 1380 2199 πατροθείῳ,
1394 2165 1442 2191 καὶ
1456 2164 1601 2200 ἁγιωτάτῳ
1615 2165 1663 2192 καὶ
1677 2167 1866 2201 τρισμακαρί.

1073 2217 1129 2244 στῳ
1144 2208 1221 2244 ἀνδρὶ
1236 2209 1364 2245 Ταρασίῳ
1374 2229 1381 2241 ,
1413 2209 1623 2245 ἁρχιεπισκόπῳ
1639 2211 1866 2238 Κωνσταντινου-

230 2253 258 2276 et
275 2249 430 2276 universale
459 2250 605 2284 septimum
622 2250 768 2277 concilium
793 2251 1008 2286 congregabatnr

1073 2255 1177 2287 πόλεως
1188 2276 1196 2288 ,
1211 2255 1228 2291 ἠ
1250 2256 1354 2291 μεγάλη
1371 2257 1416 2283 καὶ
1434 2257 1611 2292 οἰκουμενικὴ
1632 2256 1733 2292 ἑϐδόμη
1753 2257 1868 2290 σύνοδος

232 2301 262 2323 ut
284 2295 541 2329 lconomachorum,
564 2297 606 2324 vel
626 2297 717 2332 potius
741 2297 1025 2329 Christomachorum,

233 2342 402 2376 impietatem
419 2344 597 2375 convelleret.
620 2349 647 2371 ct
661 2344 695 2371 dc
715 2344 758 2371 illa
783 2345 974 2380 triumpharet.
992 2344 1026 2371 Et

236 2389 318 2423 hujus
333 2388 403 2416 forte
417 2389 511 2424 synodi
524 2390 654 2424 practica,
672 2395 784 2426 propter
795 2391 937 2418 barbaram
951 2390 1025 2418 illam

235 2441 264 2462 et
278 2436 451 2471 peregrinam
462 2441 572 2472 gentem
595 2437 732 2470 Arabum,
757 2445 817 2472 quae
841 2438 941 2473 passim
967 2438 1026 2466 loca

234 2481 326 2508 omnia
341 2481 498 2513 infestabat.
514 2482 547 2509 ad
559 2491 607 2510 vos
619 2483 718 2510 deferri
729 2491 783 2510 non
801 2488 924 2518 potuere.
937 2485 1026 2520 Atque

235 2526 288 2552 hoc
302 2526 328 2552 in
339 2534 420 2554 causa
441 2527 525 2555 fuisse
540 2528 658 2560 videtur,
677 2536 726 2555 cur
747 2536 762 2556 a
778 2529 871 2556 multis
886 2530 958 2564 apud
976 2538 1026 2558 vos

236 2573 317 2608 huius
332 2573 428 2608 synodi
445 2574 667 2605 constitutiones.
686 2574 750 2602 licet
764 2582 826 2602 cum
847 2574 951 2603 honore
964 2584 1026 2604 sus-

236 2619 374 2654 cipiantur
389 2624 417 2647 et
432 2620 625 2653 admittantur,
636 2625 727 2648 tamen
742 2620 770 2648 in
786 2621 922 2656 publicam
932 2622 1027 2657 cogni-

238 2665 338 2693 tionem
354 2673 409 2692 non
423 2670 567 2693 venerunt.

271 2711 316 2738 43.
337 2710 390 2738 Par
405 2715 448 2739 est
467 2712 560 2747 igitur,
585 2710 656 2746 quod
681 2711 850 2745 dicebamus,
877 2717 907 2739 ut
929 2720 1027 2748 magna

237 2762 332 2786 saneta
343 2758 512 2786 meumenica
536 2759 594 2786 ιιωο
606 2760 726 2794 synodus
736 2767 790 2786 una
811 2767 874 2787 eum
890 2768 937 2787 sex
954 2760 1028 2795 prio-

1075 2301 1270 2337 συνεκροτήθη,
1285 2302 1333 2337 τὴν
1344 2302 1399 2328 τῶν
1413 2302 1611 2337 είκονομάχων,
1624 2302 1641 2338 ἢ
1656 2304 1868 2339 χριστομάχων,

1073 2347 1280 2383 θριαμϐεύσασα
1303 2349 1350 2375 καὶ
1365 2348 1518 2375 καθελοῦσα
1536 2349 1707 2376 δυσσέϐειαν·
1728 2348 1762 2386 ἦς
1779 2351 1848 2382 tam;
1860 2371 1868 2383 ,

1071 2393 1119 2420 τοῦ
1136 2393 1304 2430 βαρϐαρικοῦ
1316 2396 1364 2421 καὶ
1376 2395 1527 2429 ἀλλοφύλου
1541 2395 1596 2422 τῶν
1617 2396 1760 2432 ’Δρράϐων
1776 2405 1868 2423 κατα-

1074 2439 1184 2475 σχόντος
1204 2441 1254 2472 τὰς
1279 2440 1370 2476 χώρας
1391 2441 1496 2475 ἔθνους,
1511 2443 1562 2468 οὐκ
1575 2442 1684 2477 ἐγένετο
1706 2443 1808 2478 ῥᾷστον
1835 2444 1871 2470 τὰ

1074 2487 1213 2522 πρακτικὰ
1229 2486 1297 2522 πρὸς
1317 2487 1388 2522 ὑμᾶς
1408 2487 1631 2523 διακομισθῆναι.
1650 2489 1689 2515 Δι’
1708 2489 1743 2524 ἣν
1764 2489 1872 2522 αἰτίαν,

1074 2533 1150 2568 παρὰ
1165 2532 1271 2564 πολλοῖς
1282 2533 1335 2560 τῶν
1349 2533 1443 2560 αὐτόοι
1455 2555 1462 2565 ,
1478 2534 1581 2569 ταύτης
1593 2535 1621 2561 αἱ
1633 2534 1724 2567 τάξεις
1737 2542 1762 2566 ι,
1778 2536 1805 2562 εἰ
1822 2537 1875 2563 καὶ

1074 2579 1209 2614 τιμῶνται
1234 2581 1281 2606 καὶ
1305 2579 1493 2615 περιέπονται·
1522 2580 1580 2607 ἀλλ’
1608 2578 1667 2614 οὖν,
1695 2582 1737 2608 ὃτι
1764 2582 1874 2618 ταύτης

1075 2627 1155 2659 εἰσιν,
1171 2625 1209 2658 ὦς
1225 2635 1317 2662 φασιν,
1328 2627 1378 2654 οὐκ
1393 2627 1461 2654 εἰσὶν
1477 2629 1507 2654 ὲν
1520 2627 1631 2662 γνώσει.

1115 2714 1170 2749 μγ’.
1185 2715 1245 2751 Χρὴ
1256 2715 1278 2742 δ’
1290 2713 1337 2742 οὖν
1349 2716 1396 2742 καὶ
1405 2715 1508 2750 ταύτην
1522 2716 1660 2752 (καθάπερ
1675 2715 1813 2753 ἓφθημεν)
1828 2725 1877 2752 μι-

1077 2761 1164 2796 γάλην
1179 2769 1208 2788 τε
1223 2763 1271 2788 καὶ
1288 2762 1367 2796 ἁγίαν
1380 2762 1428 2791 καὶ
1444 2763 1649 2799 οἱκουμενικὴν,
1673 2764 1722 2790 καὶ
1735 2764 1800 2797 ταῖς
1822 2764 1879 2800 πρὸ

877 2839 996 2868 VARUS
1018 2839 1162 2869 LECTION
1168 2842 1219 2871 ES.

281 2906 295 2921 ⁸
310 2903 362 2939 leg.
377 2905 545 2940 κυρωθὲν-ια.
585 2911 598 2927 ι
615 2906 657 2934 ἵσ.
682 2906 828 2940 διατάξεις.
