1940 3087
128 152 176 184 741
704 154 907 185 EPISTULAE

961 154 974 184 Ι
993 154 1110 184 LIBER
1129 154 1155 185 Ι.
1703 154 1757 186 742

130 208 214 245 αὐτῆς
231 207 260 242 ἓξ
275 208 396 241 συνόδοις
403 209 662 246 συνανακηρύττειν.
676 211 714 238 Τὸ
723 211 778 246 γὰρ
795 211 833 247 μὴ
846 210 907 238 οΰτο

970 211 1046 238 ribus
1069 201 1232 246 publicetur.
1249 209 1316 238 Nam
1332 211 1354 239 si
1375 209 1426 237 hoc
1443 210 1500 238 ﬁeri
1517 211 1678 248 negligatur,
1702 211 1757 240 im-

126 253 340 289 διαπράττεσθαι
363 255 410 282 καὶ
428 257 526 289 ποιεῖν,
552 255 661 291 πρῶτον
675 257 725 292 μὲν
740 257 843 284 ἀδικεῖν
858 258 905 284 ἐστ

966 256 1064 291 primis
1078 256 1180 284 Christi
1197 256 1318 284 Ecclesia
1339 257 1438 292 injuria
1454 257 1578 289 aﬂicitur,
1600 257 1644 285 ubi
1656 257 1717 284 talis
1728 262 1756 285 et

125 300 175 335 τὴν
198 299 246 327 τοῦ
270 300 391 336 Χριστοῦ
425 301 601 337 Ἐκκλησίαν,
639 303 808 339 τηλικαύτην
831 303 907 338 ὑπερ

966 307 1041 331 tanta
1056 303 1175 339 synodus
1187 303 1328 339 despectui
1343 304 1468 337 habetur,
1484 308 1512 331 et
1523 304 1608 339 ipsius
1619 304 1714 338 copula
1728 308 1756 331 et

131 346 252 382 ορῶντας
266 347 386 381 σύνοδον,
403 348 450 374 καὶ
466 348 587 384 τοσούτῳ
605 348 683 384 μέρει
697 349 744 376 τὸν
768 349 907 383 σύνδεσμοι

966 350 1124 383 conjunctio
1134 357 1183 385 per
1196 350 1258 378 talis
1270 350 1342 377 modi
1355 351 1439 385 partis
1450 350 1655 377 temerationem
1667 350 1755 378 disso-

125 392 209 428 αὐτῆς
233 393 280 420 καὶ
301 393 352 429 τὴν
374 393 524 429 συνάφειαν
543 394 715 427 διασπῶντας
731 395 779 422 κα)⁵
791 395 907 422 διαλύον-

965 395 1021 422 luta
1048 395 1222 431 discerpitur.
1247 396 1383 429 Secundo,
1400 396 1505 424 accedit
1518 397 1590 431 quod
1614 396 1755 423 iconoma—

123 447 183 470 τας.
203 439 335 475 Δεύτερον
344 439 373 466 δὲ
385 459 393 472 ,
403 440 455 466 καὶ
468 440 524 467 τῶν
541 440 804 476 εἰκονομαχούντων,
820 438 858 468 ὧν
870 441 907 468 οὐ·

965 442 1079 469 chorum
1097 442 1232 477 impietas,
1247 443 1398 477 quam'scio
1414 451 1463 470 vos
1479 451 1534 470 non
1554 443 1645 470 minus
1675 443 1754 470 dete-

124 483 168 511 δὲν
189 484 300 512 ἔλαττον
321 485 375 512 τῶν
395 486 483 513 ἄλλων
503 486 661 522 αἱρετικῶν,
679 485 710 514 εὖ
732 486 781 514 οἷδ’
807 487 848 514 ὅτι
864 495 907 522 μυ-

963 487 1029 514 stari
1045 495 1125 522 quam
1135 487 1249 515 aliorum
1261 488 1463 521 haereticorum,
1479 496 1525 516 ora
1539 488 1730 516 distendentur
1744 496 1753 521 ;

124 531 269 558 σάττεσθαι
285 531 299 551 b
314 531 345 558 τὸ
366 532 537 568 δυσσέϐημα,
562 533 708 561 πλατύνειν
722 534 781 561 ἐστὶ
797 533 831 561 τὰ
853 534 907 561 στό-

964 540 1028 560 cum
1045 541 1101 561 non
1118 541 1168 568 per
1179 534 1312 569 synodum
1328 534 1519 565 universalem,
1532 534 1579 561 sed
1595 533 1676 561 unius
1693 538 1754 560 tan-

122 584 208 611 ματα·
227 577 289 612 οὐχὶ
304 578 480 614 οίκουμενικῇ
498 579 599 615 συνόδῳ
612 579 661 615 τὴν
674 579 764 606 αὐτῶν
780 579 907 616 καθαιρε-

964 583 1022 606 tum
1048 579 1121 607 sedis
1134 580 1299 608 sententiam
1322 581 1445 616 ipsorum
1461 580 1570 615 impiam
1596 580 1752 615 opinionem

122 621 202 657 θῆναι
212 623 383 656 δυσσέϐειαν,
400 624 458 651 ἀλλ’
474 625 532 657 ἑνὸς
549 625 645 661 θρόνου
659 626 759 661 κρίσει,
771 625 822 661 τὴν
832 625 907 661 δίκην

963 624 1092 653 diiﬂatam
1107 630 1135 653 et
1145 625 1249 661 judicio
1265 626 1432 659 damnatam,
1446 634 1508 654 cum
1522 626 1637 661 quadam
1653 625 1752 660 proba-

123 669 245 704 ὑπέχειν,
262 671 400 706 πρόφασιν
413 671 531 706 ἑχόντων
550 673 590 703 είς
604 672 634 698 τὸ
647 672 853 707 τερατεύεσθαι.

961 671 1069 699 bilitate
1081 673 1313 707 ampullabuntur.

159 714 212 748 μδ’.
232 716 271 741 Δι’
286 716 359 752 ἆπερ
371 716 491 750 ἅπαντα,
503 717 532 744 ἐν
544 726 574 743 τε
586 719 642 749 τοῖς
656 718 806 749 συνοδικοῖς
817 717 907 753 γράμ-

998 717 1043 744 44.
1063 716 1104 745 0b
1117 717 1169 744 ista
1189 718 1280 745 omnia
1295 726 1434 754 rogamus,
1447 723 1475 746 et
1491 722 1521 745 ut
1535 719 1634 745 fratres
1648 725 1754 753 germa-

123 768 207 795 μασι,
235 762 283 788 καὶ
322 762 353 789 ὲν
393 763 487 795 ἄλλαις
520 763 640 794 ἀπάσαις
668 764 907 800 ἐκκλησιαστικαῖς

961 770 1011 790 nos
1018 767 1126 791 nostros
1134 763 1319 797 exhortamur,
1335 768 1364 791 ut
1371 764 1442 799 quod
1452 772 1498 799 par
1508 768 1536 792 et
1546 772 1652 799 aequum
1669 768 1710 791 est
1723 763 1753 791 in

121 806 255 841 ἱστορίαις
282 808 330 835 καὶ
362 809 555 845 συζητῆσεσιν,
584 809 711 846 ἀριθμεῖν
740 810 843 846 ταύτην
862 811 907 837 καῒ

961 816 1040 835 usum
1060 809 1216 842 inducatur,
1239 810 1371 837 nimirum
1394 810 1463 837 utin
1487 810 1623 846 synodicis
1642 809 1751 840 litteris,

121 853 336 888 συγκαταλέγειν
367 856 426 887 ταῖς
462 856 556 890 ἁγίαις
577 856 627 884 καὶ
656 857 859 892 οἱκουμενικαίς
878 857 907 890 ἒξ

961 858 989 881 et
999 854 1208 889 qu‘ibuscunque
1223 854 1285 882 aliis
1309 855 1503 882 ecclesiasticis
1520 854 1602 881 rebus
1621 854 1714 888 gestis,
1725 857 1753 880 et

121 899 241 930 συνόδοις
251 919 258 931 ,
272 899 389 935 ἑϐδόμην
404 901 568 935 μετακείνας
586 906 598 921 ο
612 901 768 935 τάττοντας,
780 901 907 938 ἀξιοῦμέν

961 902 1144 936 quaestionum
1167 901 1364 936 agitationibus
1381 922 1390 934 ,
1415 901 1473 928 haec
1497 901 1612 936 septima
1632 899 1752 935 synodus

120 952 160 976 τε,
177 945 225 971 καὶ
250 945 288 977 ὡς
305 946 430 980 ἀδελφοῖς
451 947 571 981 ἀδελφοὶ,
588 947 776 983 παραινοῦμεν
793 948 829 974 τὰ
843 949 910 984 πρέ-

120 999 207 1018 ποντα
221 992 422 1027 εἰσηγούμενοι.

158 1040 209 1072 με’.
229 1038 346 1073 Χριστὸς
361 1039 401 1071 δὲ,
416 1040 431 1066 ὸ
448 1039 575 1075 ἀληθινὸς
591 1039 657 1072 Θεὸς
670 1040 760 1076 ἡμῶν,
773 1041 788 1068 ὁ
803 1041 911 1077 πρῶτος

119 1083 168 1109 καὶ
186 1083 272 1118 μέγας
294 1084 450 1119 ἀρχιερεὺς,
471 1086 485 1111 ὁ
500 1085 624 1112 ἑκούσιον
639 1086 709 1122 ὑπὲρ
721 1087 799 1122 ἡμῶν
814 1088 911 1114 ἑαυτὸν

122 1128 373 1165 καλλιερησάμενος
396 1130 522 1164 σφάγιον,
538 1131 588 1158 καὶ
610 1132 638 1158 τὸ
659 1132 760 1159 οἰκεῖον
777 1130 846 1168 αἷμα
860 1132 910 1159 λύ-

119 1183 185 1210 τρον
196 1176 266 1212 ὑπὲρ
280 1176 358 1211 ἡμῶν
370 1176 564 1211 καταθέμενος,
574 1177 633 1213 δοίη
647 1178 697 1213 μὲν
710 1179 760 1214 τὴν
774 1179 910 1215 ὑμετέραν

119 1221 316 1257 ἀρχιερατικὴν
328 1222 376 1250 καὶ
384 1223 478 1258 τιμίαν
490 1224 612 1260 κεφαλὴν
625 1225 742 1260 κρείττω
751 1226 806 1252 τῶν
817 1226 910 1262 κύκλῳ

121 1268 327 1304 καθισταμένων
347 1269 524 1306 βαρϐαρικῶν
549 1270 635 1297 ἐθνῶν
649 1270 777 1306 ὀφθῆναι·
799 1272 858 1308 δοίη
881 1272 909 1299 δὲ

119 1313 237 1350 γαληνὸν
257 1315 305 1342 καὶ
329 1316 433 1351 ἠρεμον
449 1316 573 1349 ὲξανύειν
594 1317 639 1344 τδν
652 1316 699 1343 τοῦ
717 1317 775 1352 βίου
797 1318 908 1354 δρόμον

120 1359 179 1395 δοίη
193 1360 221 1386 δὲ
236 1362 329 1396 τυχεῖν
345 1362 393 1388 καὶ
407 1362 457 1397 τῆς
472 1362 528 1389 ἀνω
543 1362 720 1398 κληρουχίας,
734 1363 909 1400 ἀνεκλαλήτῳ

119 1407 194 1442 χαρᾷ
212 1408 260 1433 καὶ
276 1408 442 1444 εὐφροσύνῃ,
458 1408 523 1435 ἔνθα
539 1409 649 1436 πάντων
668 1410 742 1436 ἐστὶν
763 1411 910 1446 εὐφραινο-

121 1452 210 1487 μένων
224 1454 241 1488 ἡ
257 1453 383 1480 κατοικία
395 1474 403 1486 ,
420 1455 468 1481 καὶ
489 1453 523 1491 ἧς
539 1456 645 1492 ἀπέδρα
668 1456 748 1492 ὀδύνη
769 1457 845 1484 πᾶσα
862 1458 909 1484 καὶ

121 1499 274 1535 στεναγμὸς
289 1501 337 1527 καὶ
360 1501 507 1536 κατήφεια·
523 1503 551 1529 ὲν
571 1502 646 1538 αὑτῷ
661 1503 772 1540 Χριστῷ
786 1503 826 1539 τῷ
839 1503 908 1539 ἀλη-

959 947 1056 974 codem
1069 951 1167 974 tenore
1181 947 1323 981 collocata,
1345 955 1407 975 cum
1425 947 1531 975 caeteris
1544 954 1592 974 sex
1606 947 1708 974 sanctis
1724 949 1752 973 et

960 993 1139 1021 (ecumenicis
1152 994 1291 1021 recitetur.

995 1039 1040 1067 45.
1062 1039 1187 1067 Christus
1211 1044 1302 1067 autem
1316 1047 1398 1067 verus
1417 1040 1463 1068 ille
1478 1039 1550 1067 Deus
1572 1044 1677 1070 noster,
1706 1039 1751 1066 ille

960 1085 1089 1120 princeps
1103 1090 1130 1113 et
1149 1086 1285 1114 maximus
1302 1086 1483 1120 sacerdotum,
1500 1087 1545 1121 qui
1570 1091 1751 1121 spontaneam

959 1138 990 1158 se
1002 1139 1051 1166 pro
1065 1130 1144 1158 nobis
1155 1131 1290 1159 oﬂ‘erebat
1302 1132 1431 1164 hostiam,
1446 1138 1472 1158 et
1487 1132 1627 1167 proprium
1642 1131 1751 1166 sangui-

959 1184 1024 1204 nem
1048 1167 1149 1204 nostrae
1166 1177 1361 1212 redemptionis
1377 1178 1496 1211 pretium
1515 1185 1565 1212 pro
1580 1177 1659 1204 nobis
1683 1185 1750 1204 con-

960 1223 1032 1254 tulit.
1045 1223 1178 1250 concedat
1194 1228 1224 1250 ut
1246 1223 1494 1251 archisacerdotale
1518 1228 1639 1250 vestrum
1653 1227 1681 1250 et
1700 1231 1750 1250 ve-

960 1268 1110 1296 nerandum
1125 1274 1218 1304 caput,
1233 1276 1316 1304 supra
1334 1269 1475 1299 barbaras,
1487 1277 1548 1304 qua:
1561 1269 1588 1296 in
1606 1269 1749 1304 procinctu

959 1315 1176 1348 circumsistunt,
1205 1315 1330 1343 nationes
1343 1315 1481 1343 attollatur
1495 1324 1502 1349 ;
1519 1316 1652 1343 concedat
1672 1320 1750 1342 tran-

959 1361 1073 1396 quillum
1091 1362 1169 1390 vobis
1191 1366 1221 1390 et
1232 1362 1356 1398 quietum
1379 1362 1441 1390 vita:
1460 1369 1570 1389 cursum
1593 1361 1748 1393 conﬁcere;

960 1408 1006 1435 det
1017 1412 1047 1435 ut
1055 1408 1232 1443 consequaris
1246 1413 1347 1436 sortem
1364 1408 1436 1435 illam
1449 1415 1593 1443 supernam
1607 1415 1669 1435 cum
1685 1415 1751 1442 gau—

960 1453 1005 1481 dio
1031 1453 1216 1489 inexplicabili
1233 1458 1262 1481 et
1280 1454 1490 1484 delectamento,
1504 1453 1550 1481 ubi
1567 1453 1618 1480 sita
1643 1453 1748 1480 exhila-

959 1504 1079 1526 ratorum
1096 1499 1237 1532 habitatio,
1252 1507 1268 1527 a
1280 1507 1333 1534 qua
1345 1500 1450 1526 exsulat
1460 1499 1549 1526 omnis
1565 1499 1651 1532 dolor,
1665 1499 1750 1534 gemi-

120 1544 186 1580 θινῷ
206 1545 265 1581 Θεῷ
286 1545 375 1582 ήμῶν,
390 1543 412 1581 ᾧ
427 1547 444 1582 ἡ
458 1547 521 1579 δόξα
544 1547 591 1574 καὶ
613 1548 644 1574 τὺ
667 1548 767 1584 κράτος
781 1549 822 1580 είς
845 1549 907 1580 τοὺς

961 1550 1005 1573 tus
1020 1550 1048 1572 et
1067 1545 1184 1580 dejectio
1199 1546 1300 1578 vultus,
1314 1546 1467 1589 per'ipsum
1487 1545 1638 1577 Christum,
1662 1545 1748 1572 Deum

119 1591 222 1623 αίῶνας
245 1591 301 1619 τῶν
318 1592 434 1620 αἰώνων.
456 1593 554 1630 Ἀμήν.

159 1682 385 1719 Ύπερευχόμεθα
401 1683 478 1719 ὑμῶν
503 1683 577 1710 κατὰ
597 1683 675 1719 χρέος
697 1684 747 1719 τῆς
771 1684 909 1720 πατρικῆς

117 1732 269 1765 ὁσιότητος,
284 1730 441 1765 μέμνησθαι
453 1730 502 1756 καὶ
511 1730 587 1756 αὺτοὶ
600 1730 649 1765 τῆς
660 1730 740 1766 ἡμῶν
753 1731 793 1766 μὴ
807 1730 909 1757 διαλεί-

119 1784 198 1804 mm
212 1775 400 1811 μετριότητος.

423 1819 536 1847 ΕΠΙΣΤ.
556 1819 606 1847 ΙΔ’.

159 1867 227 1895 Ἀπὸ
243 1866 299 1902 τῆς
313 1867 484 1902 ὑπερορίας,
499 1866 576 1901 πρὸς
590 1865 661 1900 τοὺς
673 1866 869 1899 ἐπισκόπους.

959 1596 1084 1619 nostrum
1112 1599 1217 1625 verum,
1236 1592 1278 1620 cui
1298 1583 1383 1627 glori'a
1406 1596 1434 1619 et
1458 1596 1578 1627 potestas
1594 1591 1622 1619 in
1649 1592 1748 1619 saecula

957 1638 1131 1665 saeculorum.
1147 1637 1245 1665 Amen.

992 1683 1175 1718 Maximopere
1189 1691 1237 1711 vos
1249 1692 1376 1720 rogamus
1387 1688 1418 1711 ut
1431 1683 1507 1719 juxta
1519 1683 1641 1711 debitum
1654 1687 1747 1718 pater-

956 1736 999 1756 nae
1013 1729 1176 1760 sanctitatis,
1190 1737 1225 1756 ne
1235 1730 1325 1758 velitis
1334 1729 1515 1758 intermittere
1525 1735 1626 1757 nostra
1643 1729 1748 1757 medio-

956 1773 1059 1801 critatis
1071 1773 1239 1801 meminisse.

1257 1819 1367 1848 EPIST.
1382 1820 1451 1849 XIV.

1147 1869 1188 1895 Ad
1200 1869 1342 1904 episcopos,
1356 1869 1389 1896 ab
1397 1868 1488 1895 exsilio
1498 1876 1555 1895 suo.

674 1925 745 1952 Edita
757 1934 772 1952 a
787 1927 937 1953 Montacutio
953 1928 1005 1960 (ep.
1016 1928 1070 1959 174,
1081 1935 1107 1959 p.
1118 1928 1185 1960 255).

159 1984 230 2018 Ἐγὼ
242 1981 376 2018 θαυμάζω
389 1980 448 2013 πῶς
457 1980 530 2008 οὕτω
545 1980 660 2016 ταχέως,
677 1981 751 2013 ὅστις
765 1980 832 2008 ποτε
845 1981 905 2007 ἐστὶ

118 2030 233 2062 ἐκεῖνος,
248 2028 298 2063 τῆς
310 2027 388 2063 ήμῶν
403 2026 551 2053 ἐπελάθετο
566 2026 690 2060 φύσεως·
708 2026 769 2052 οὐδὲ
778 2026 833 2062 γὰρ
849 2025 904 2053 οὐδ’

994 1980 1090 2008 Mirum
1108 1981 1181 2009 unde
1197 1981 1254 2013 ﬁat,
1265 1985 1296 2008 ut
1311 1981 1333 2008 is
1343 1981 1501 2016 quicunque
1514 1979 1623 2007 tandem
1638 1979 1682 2007 ille
1700 1979 1745 2013 sit,

958 2035 1038 2062 quem
1050 2027 1182 2063 intelligo,
1193 2032 1248 2054 tam
1260 2027 1314 2055 cito
1327 2032 1432 2055 natura:
1446 2035 1513 2054 meae
1524 2031 1551 2054 et
1559 2026 1747 2062 dispositionis

117 2075 230 2110 ὀνόματι
257 2074 304 2101 τὸν
329 2073 441 2108 ἔλεγχον
469 2072 615 2108 βουλοίμην
639 2072 672 2099 ἃν
699 2073 904 2108 προσενεγκεῖν,

961 2073 994 2100 sit
1016 2073 1136 2101 oblitus:
1163 2081 1252 2108 neque
1285 2074 1357 2101 enim
1381 2073 1448 2101 libct
1475 2073 1549 2100 illum
1577 2073 1611 2100 de
1635 2073 1747 2101 nomine

116 2121 172 2149 οὐδ’
192 2121 225 2148 ἂν
243 2118 306 2147 ἕτιά
323 2119 494 2155 προσραγείη
520 2119 726 2154 αὐθαδέστερον.
757 2118 834 2145 Ἐπεὶ
857 2119 907 2145 καὶ

961 2118 1136 2153 compellare,
1152 2126 1187 2145 ne
1204 2123 1261 2145 tum
1275 2118 1386 2153 quidem
1402 2119 1423 2146 si
1438 2118 1591 2154 protervius
1602 2118 1630 2145 in
1645 2126 1688 2145 me
1701 2118 1745 2146 fe-

118 2168 185 2204 ρᾷον
205 2165 261 2202 6ρῶ
275 2166 338 2197 τοὺς
354 2165 468 2197 πολλοὺς
481 2165 520 2201 τῷ
538 2165 593 2192 τῶν
612 2165 734 2200 ἐλέγχων
748 2164 907 2200 ἀπροσώπῳ

115 2212 362 2248 νουθετουμένους,
386 2213 403 2247 ἢ
427 2212 477 2248 τὴν
502 2213 531 2239 ἐν
548 2212 719 2248 προσηγορίᾳ
746 2211 906 2247 παραίνεσιν

115 2259 261 2294 φέροντας.
280 2257 361 2284 Ἀλλά
378 2257 436 2289 πῶς
452 2256 524 2283 οὕτω
539 2257 635 2283 θᾶττον
648 2257 723 2291 ἡμᾶς
734 2256 822 2283 ὀπίσω
838 2255 907 2291 μνήὲ

118 2314 174 2341 μης
189 2305 306 2340 ἀφῆκεν,
327 2304 397 2331 ὥστε
418 2304 465 2330 καὶ
488 2303 622 2337 τοσαύτην
638 2302 718 2338 ἡμῶν
737 2302 838 2334 ἄνοιαν,
859 2303 905 2329 καὶ

117 2351 199 2378 θείων
220 2351 311 2386 νόμων
335 2350 483 2385 ὀλιγωρίαν
506 2348 682 2382 ὶπιϐαλεῖνθ;
705 2349 786 2376 πόθεν
805 2349 833 2375 δὲ
858 2349 906 2376 ὲπὶ

117 2396 245 2423 τοσοῦτον
272 2398 321 2432 τῆς
349 2397 429 2432 ἡμῶν
457 2396 685 2429 κατεξανίσταται
715 2395 904 2431 μετριότητοςς

118 2443 221 2479 μᾶλλον
236 2443 265 2470 δὲ
275 2443 318 2475 τίς
329 2443 411 2470 αὐτὸν
424 2444 465 2475 είς
480 2441 649 2478 τηλικαύτην
662 2441 760 2478 ἀθρόον
773 2441 906 2470 ἀνάϐασιν

117 2488 236 2524 ὕψωσεν,
256 2488 327 2516 ὥστε
342 2490 389 2516 καὶ
407 2488 491 2524 μηδὲν
504 2488 584 2524 ἡμῶν
597 2487 803 2523 φθεγγομένων,
823 2488 905 2515 αὑτὸν

86 2551 89 2554 ι
116 2536 194 2570 ὅμως
222 2534 344 2566 ἀκούειν,
367 2535 414 2561 καὶ
439 2534 501 2570 μηδ’
526 2534 572 2561 ἐπὶ
602 2533 733 2569 λογισμὸν
762 2533 903 2560 τοιοῦτονί

116 2582 251 2617 ἡκόντων,
277 2581 392 2614 ἐκεῖνον,
414 2580 510 2616 ὥσπερ
534 2580 588 2607 ἀπό
603 2588 676 2612 τινος
701 2581 831 2613 σκοπιᾶς,
855 2580 905 2615 τῆς

116 2627 223 2654 οἴκοθεν
239 2626 391 2662 φαντασίας
411 2626 553 2661 ἐφορῶντα
575 2625 625 2657 τὰς
642 2625 773 2661 καρδίας,
793 2625 840 2652 καὶ
856 2625 905 2660 ἐμ-

117 2673 268 2700 ϐατεύοντα
285 2672 385 2704 αὐτοὺς
399 2671 492 2698 ἱκεῖνα
510 2671 630 2698 συνιέναι
645 2671 693 2698 καὶ
708 2672 861 2703 κατανοεῖν,
886 2670 905 2698 ἃ

119 2719 181 2756 μηδ’
195 2720 303 2752 ἑαυτοῖς
325 2727 398 2751 τινες
413 2718 641 2754 συνεγνώκεισαν.
662 2716 718 2744 Καὶ
731 2718 812 2744 πλέον
831 2716 903 2749 ἔδοξε

956 2169 1043 2192 ratur.
1065 2164 1185 2199 Intelligo
1204 2165 1279 2192 enim
1294 2165 1437 2200 plurimos,
1458 2172 1520 2192 cum
1543 2164 1594 2191 sub
1620 2164 1694 2191 larva
1718 2170 1747 2192 et

957 2210 984 2237 in
1002 2214 1160 2246 tegumento
1191 2215 1330 2243 taxentur,
1355 2210 1462 2238 facilius
1484 2210 1573 2237 redire
1592 2210 1625 2237 ad
1640 2218 1687 2237 cor
1702 2210 1746 2237 in-

957 2261 1076 2285 structos
1086 2265 1168 2292 quam
1182 2257 1229 2292 qui
1240 2258 1274 2284 de
1286 2257 1397 2284 nomine
1412 2256 1485 2284 citati
1494 2255 1745 2292 nequaquamferre

956 2302 1041 2330 velint
1070 2303 1295 2338 increpationem.
1311 2303 1364 2330 Sed
1387 2303 1432 2330 ille
1448 2307 1536 2329 tamen
1554 2303 1676 2337 quisquis
1692 2307 1744 2335 est,

956 2349 1020 2376 inde
1034 2349 1146 2382 factum,
1164 2354 1193 2377 ut
1209 2354 1264 2377 tam
1273 2349 1327 2376 cito
1342 2353 1443 2376 nostra:
1459 2354 1564 2376 natura:
1581 2348 1664 2376 fuerit
1673 2348 1752 2375 ohli-

956 2400 1012 2428 tus,
1033 2401 1061 2423 ut
1083 2396 1209 2424 amentia:
1223 2404 1267 2423 me
1286 2395 1404 2428 incusct,
1426 2399 1454 2422 et
1482 2395 1632 2422 divinarum
1655 2395 1744 2431 legum

956 2447 1149 2478 contemptus:
1172 2443 1246 2469 unde
1264 2447 1355 2469 motus
1377 2446 1425 2469 aut
1449 2441 1577 2468 incitatus
1601 2446 1745 2476 tantopere

956 2488 1080 2516 invectus
1089 2493 1131 2516 est
1142 2488 1169 2515 in
1180 2496 1269 2515 meam
1281 2487 1498 2516 mediocritatem
1513 2497 1519 2514 :
1529 2487 1594 2519 imo,
1604 2489 1665 2522 quis
1680 2497 1743 2516 eum

956 2535 1060 2569 potius,
1074 2534 1142 2562 adeo
1155 2534 1299 2561 sublimem
1308 2534 1417 2568 extulit,
1432 2538 1531 2561 utcum
1546 2534 1659 2562 omnino
1671 2539 1744 2562 tace-

955 2588 1047 2608 remus
1057 2602 1066 2614 ,
1080 2581 1125 2608 ille
1138 2585 1230 2607 tamen
1242 2587 1293 2608 nos
1306 2580 1458 2608 exaudiret.
1474 2580 1532 2608 lmo
1548 2589 1609 2608 cum
1623 2589 1658 2608 ne
1669 2581 1744 2616 cogi-

955 2627 1057 2654 tatione
1080 2626 1190 2662 quidem
1219 2626 1321 2661 aliquid
1347 2626 1481 2661 ejusmodi
1499 2628 1745 2663 comprehendera-

955 2680 1026 2704 mus,
1042 2672 1087 2700 ille
1108 2677 1198 2700 tamen
1214 2680 1231 2700 e
1250 2673 1359 2708 propria
1383 2681 1431 2701 sua
1455 2673 1660 2708 imaginatione.
1683 2678 1744 2700 tan-

955 2726 1036 2753 quam
1051 2718 1086 2746 ab
1101 2718 1154 2745 alta
1169 2718 1285 2754 quadam
1302 2719 1412 2754 specula
1430 2727 1477 2747 cor
1498 2719 1619 2747 hominis
1642 2718 1743 2746 intuitu

760 2806 875 2835 νΑιιΙΑῑ
889 2804 1095 2837 LECTIONES.

153 2879 170 2901 ὶ
184 2879 228 2907 ισ.
241 2879 418 2915 μυσάττισθι.
458 2883 470 2899 ε
485 2879 528 2906 ισ.
545 2877 606 2914 μετ’
619 2877 738 2910 ἐκείνας.
775 2876 789 2896 ά
804 2876 882 2910 εἴτις.
921 2881 934 2897 ο
949 2869 1100 2904 ἐπικαλεῖν.
1141 2875 1152 2896 ί
1163 2874 1296 2904 τοιοῦτον.
