1940 3087
191 169 244 201 743

770 164 901 195 ΡΗΟΤΙΙ
919 164 1173 195 PATRIARCH/E
1190 165 1246 195 (ΣΡ.

1770 167 1817 200 744

192 234 242 254 suo
258 232 413 261 permeans,
429 231 460 250 ea
473 221 655 257 deprehendit
667 224 696 248 et
708 221 853 254 intellexit,
867 229 982 256 quorum

1035 221 1069 248 τὰ
1083 220 1138 248 τῶν
1153 220 1307 257 ἀνθρώπων
1323 221 1435 255 εἰδέναι,
1453 221 1470 256 ἢ
1486 221 1517 248 τὺ
1528 221 1638 257 πνεῦμα
1652 222 1684 249 τὸ
1702 223 1819 250 ἐνοικοῦν

193 280 275 300 nemo
291 272 342 299 sibi
362 270 412 306 ipsi
431 269 558 297 conscius
574 268 636 296 fuit.
655 267 689 296 Et
705 268 739 296 de
758 269 841 296 rebus
867 269 983 295 aliorum

193 318 324 352 majorem
359 316 459 343 habere
486 315 573 342 voluit
599 314 784 350 cognitionem
817 319 982 350 arrogalam,

192 371 272 398 quam
286 363 400 397 spiritus
414 362 538 389 homines
551 361 707 389 inhabitans
721 361 804 388 habet
822 370 829 388 :
854 365 881 388 et
891 364 983 388 tamen

193 410 302 440 Paulus,
323 409 370 444 qui
390 414 553 444 proventum
570 409 686 436 istorum
707 409 849 435 hominum
864 415 919 434 non
935 415 983 434 ex-

193 457 343 491 spectabat,
361 464 454 491 parem
470 463 532 483 cum
548 455 645 490 spiritu
664 455 784 482 hominis
800 454 982 489 cognitionem

191 504 303 531 omnino
321 497 464 538 abnegavit
481 503 559 529 alicui
577 502 695 530 futuram
708 502 865 536 aliquando.
884 501 983 528 Verum

192 550 337 577 enimvero
366 549 429 583 quid
459 549 567 577 tandem
593 549 620 576 in
642 556 724 576 causa
749 548 900 583 reperietur
918 555 984 586 esse

192 596 270 628 tanti,
284 601 314 622 ut
328 596 361 622 de
371 595 514 629 multiplici
526 595 646 622 amentia
660 595 782 622 incusem
789 602 831 626 nr,
848 595 881 622 de
896 594 984 622 Eccle-

191 643 231 670 sia
248 642 380 669 catholica
392 641 509 676 prodita,
524 641 558 668 de
570 641 659 676 legum
679 644 838 675 contemptu
851 641 985 668 latarum?

192 690 257 724 quid
273 689 384 716 omnino
404 689 556 724 gessimus?
570 689 634 723 quid
654 688 838 724 agitavimus?
863 688 906 715 cui
923 692 984 714 tan-

191 735 254 762 dem
281 734 384 769 aliquid
414 734 634 761 enuntiavimus?
665 733 734 761 Nam
759 739 900 768 utcunque
929 741 984 761 non

191 780 290 807 iisdem
306 787 354 815 per
373 780 465 806 omnia
481 779 572 807 verbis
590 779 746 807 convicium
763 779 842 806 nobis
857 779 931 812 fecit,
950 787 985 807 ne

192 831 283 853 tanien
295 826 365 860 apud
377 826 499 852 animum
510 833 591 852 suum
604 825 706 852 recolat
721 829 748 852 ct
762 825 910 856 ominetur,
925 832 984 852 me-

193 872 254 899 liori
280 880 309 898 se
332 879 392 899 esse
415 871 573 899 conditione
589 879 671 906 quam
694 871 747 898 crit
761 871 807 899 ille
826 872 872 906 qui
894 871 984 899 taliter

193 918 274 945 fuerit
300 917 480 944 conviciatus.
514 917 581 944 Nam
607 925 661 944 non
687 921 800 952 gravant
819 925 930 944 sensum
955 922 982 945 et

193 964 358 991 sententiam
382 971 473 995 voces,
496 963 543 991 sed
565 964 648 990 animi
672 971 733 998 qua;
757 967 800 990 est
829 964 983 991 amaritudo

193 1010 326 1037 dictiones
350 1010 463 1037 acerbas
484 1010 569 1045 magis
591 1015 619 1037 et
644 1009 831 1037 intolerabiles
855 1010 981 1037 reddunt;

191 1056 261 1084 Cum
280 1063 346 1083 vero
366 1055 450 1083 verba
471 1056 646 1083 consentiant
669 1056 778 1088 animis,
799 1060 825 1083 et
841 1056 983 1083 sententiae

193 1101 328 1128 acerbitas
351 1107 413 1127 cum
435 1102 572 1128 sermonis
594 1100 739 1128 virulentia
758 1101 982 1135 correspondeat,

194 1147 263 1174 nihil
279 1147 394 1174 interest
415 1154 449 1173 an
464 1147 559 1174 eadem
577 1146 673 1174 iisdem
691 1147 782 1174 verbis
797 1147 982 1182 proferantur,

193 1200 228 1219 an
243 1192 316 1219 idem
329 1199 425 1219 sensus
441 1199 490 1227 per
499 1192 703 1227 aequipollentia
718 1193 802 1220 verba
816 1193 981 1228 proferatur.

194 1235 272 1268 Quod
294 1235 316 1263 si
338 1240 430 1263 autem
447 1240 637 1271 tempestatem
651 1241 678 1264 et
694 1237 828 1264 malorum
848 1238 936 1265 salum
954 1234 983 1265 in

193 1289 249 1316 quo
275 1282 393 1309 demersi
412 1283 568 1310 collidimur
592 1283 775 1318 respiciebat;
801 1284 822 1311 si
851 1284 983 1312 insultum

195 1327 302 1355 illarum
321 1328 507 1356 calamitatqu
519 1329 618 1363 quibus
634 1329 807 1364 circumsepti
820 1330 983 1366 constringi-

195 1382 267 1406 mur,
283 1374 317 1402 ad
329 1375 476 1402 amentiam
491 1375 593 1402 referre
601 1376 707 1410 justum
721 1376 913 1409 arbitrabatur,
930 1377 983 1403 bu-

195 1429 290 1447 manas
302 1421 345 1448 ille
356 1422 466 1449 fovebat
478 1422 668 1457 cogitationes,
686 1426 714 1450 et
727 1423 771 1458 pie
779 1423 981 1451 meditabatur:

195 1468 267 1501 quod
289 1468 376 1494 solum
396 1467 425 1495 in
447 1469 507 1502 eius
524 1468 638 1503 gratiam
659 1469 713 1496 dici
733 1474 831 1503 potest.
851 1469 982 1496 Malorum

195 1512 269 1539 enim
282 1513 367 1540 moles
381 1519 409 1540 et
426 1521 555 1541 excessus
576 1515 676 1541 mentis
687 1515 852 1542 emotionem
873 1520 901 1542 et
915 1515 983 1542 alie-

197 1559 335 1586 nationem
354 1560 380 1587 in
402 1560 520 1595 graviter
535 1561 675 1596 oppressis
693 1566 852 1596 operantur.
865 1561 943 1594 Quod
959 1562 981 1589 si

196 1605 231 1632 de
247 1606 382 1633 sententia
399 1613 447 1633 sua
463 1606 565 1640 aliquid
581 1606 606 1633 ei
624 1607 750 1639 decessit,
776 1607 836 1641 plus
853 1607 881 1634 in
905 1608 985 1635 nobis

196 1651 305 1678 diabolo
320 1651 463 1686 potestatis
476 1652 608 1679 tributum
623 1652 712 1685 dabit,
729 1661 809 1687 quam
825 1653 890 1680 olim
903 1653 928 1680 ei
942 1653 986 1680 tri-

197 1697 333 1724 buebatur
349 1697 376 1724 in
394 1697 516 1725 divinum
533 1697 622 1725 virum
641 1698 703 1726 Job.
722 1697 788 1725 Nam
803 1699 830 1726 in
843 1699 915 1726 illius
929 1700 986 1726 ani.

197 1751 270 1770 mam
286 1747 333 1770 aut
352 1743 435 1770 vitam
455 1751 511 1770 non
532 1744 638 1778 accepit
656 1749 831 1779 potestatem:
850 1750 878 1772 at
891 1749 985 1773 contra

197 1797 249 1816 nos
275 1790 359 1816 etiam
388 1790 417 1816 in
444 1790 562 1817 animam
587 1791 672 1825 ipsam
700 1791 861 1826 permissam
888 1792 986 1820 habeat

198 1835 364 1862 facultatem.
377 1836 405 1863 In
420 1843 453 1863 eo
467 1836 538 1863 enim
548 1837 621 1871 quod
635 1841 777 1872 postquam
791 1838 857 1866 alias
869 1839 897 1865 in
911 1839 985 1875 lcges

196 1890 213 1908 a
235 1881 314 1909 nobis
337 1882 514 1910 commissum
541 1883 623 1910 etiam
645 1891 748 1911 meram
763 1891 815 1911 nec
840 1884 984 1913 admistam

198 1928 264 1955 mihi
284 1928 417 1955 insaniam
436 1928 553 1962 affricat,
569 1929 712 1957 manifeste
728 1938 758 1957 se
781 1930 908 1965 patefacit
933 1931 985 1959 hoc

195 1973 268 2007 apud
285 1973 407 2000 animum
423 1974 539 2009 agitasse
553 1978 581 2001 et
593 1974 746 2002 certissimo
757 1975 783 2002 id
797 1976 984 2004 constituisse.

195 2018 274 2051 Quod
294 2019 318 2045 si
338 2019 427 2046 subito
451 2019 581 2054 abreptus
599 2020 633 2048 ad
649 2021 721 2048 hanc
737 2020 771 2048 de
785 2022 865 2050 nobis
881 2023 985 2059 cogita-

196 2065 301 2092 tionem
323 2065 384 2099 fuit,
408 2067 478 2093 hanc
499 2066 543 2093 ille
567 2066 638 2094 viam
657 2067 765 2095 facilem
791 2068 930 2096 adinvenit
951 2069 984 2096 ad

195 2111 249 2140 alia
267 2111 392 2140 convicia
413 2112 590 2148 pertexenda.
606 2112 643 2140 Ut
665 2113 790 2140 omittam
810 2113 838 2140 in
857 2114 985 2149 praesenti

195 2159 329 2194 apologiae
348 2158 493 2186 artificium
516 2163 544 2186 et
568 2159 687 2186 fucatam
709 2159 839 2194 speciem,
855 2168 911 2187 non
936 2161 986 2188 de-

197 2206 258 2233 buit
281 2209 355 2232 certe
381 2210 511 2240 tanquam
533 2204 567 2232 de
589 2205 648 2232 loco
668 2206 802 2240 superiori
825 2213 859 2233 cx
879 2206 986 2234 insidiis

1036 267 1065 292 ὲν
1086 267 1188 298 αὐτοῖς.
1204 267 1265 294 Κᾶν
1287 266 1410 300 Παῦλος,
1424 267 1480 294 οὐδ’
1496 268 1609 300 ἐλπίσας
1627 268 1735 304 ἀνδρῶν
1749 269 1820 304 τηλι-

1036 311 1140 339 κούτων
1155 312 1265 339 ἔσεσθαι
1281 312 1379 348 φορὰν,
1395 313 1454 340 οὐδὲ
1468 312 1518 348 τὴν
1532 313 1594 348 ίσ-ην
1608 313 1710 348 γνῶσιν
1721 314 1820 350 ἐτέροις

1035 359 1192 386 κατέλιπεν.
1226 359 1308 386 Ἀλλὰ
1329 359 1384 394 γὰρ
1400 359 1482 386 πόθεν
1503 358 1581 395 ὴμῶν
1597 361 1614 395 ἠ
1638 359 1724 395 πολλὴ
1738 369 1819 387 κατα-

1036 405 1197 436 σκεδάζεται
1212 405 1304 437 ἄνοια,
1324 405 1371 432 καὶ
1386 406 1436 440 τῆς
1457 405 1622 441 Ἐκκλησίας
1637 406 1702 441 ὅλης
1722 408 1738 440 ἡ
1756 415 1820 442 προ-

1034 451 1125 484 δοσίας
1144 452 1191 478 καὶ
1211 451 1266 478 τῶν
1297 452 1433 486 κειμένων
1460 451 1551 486 νόμων
1577 452 1594 487 ὴ
1623 452 1772 487 ὑπεροψία;
1795 452 1820 478 τί

1036 497 1214 533 πραξάντων;
1242 497 1269 524 τί
1295 498 1324 524 δὲ
1350 498 1563 533 διανοηθέντωνς
1587 500 1656 534 πρὸς
1670 499 1731 525 τίνα
1747 499 1775 525 δέ
1795 508 1820 525 τι

1034 544 1278 578 ἀπαγγειλάντων;
1297 545 1365 580 μηδὲ
1381 546 1445 581 γὰρ,
1461 545 1502 572 ὅτι
1516 546 1572 577 τοῖς
1587 546 1679 577 αὐτοῖς
1692 547 1704 566 ⁸
1720 546 1821 580 ῥήμασι

1034 590 1084 623 τὴν
1099 589 1177 625 ὕϐριν
1199 590 1249 616 οὐκ
1264 589 1342 616 ἔθετο
1352 610 1359 624 ,
1381 590 1493 625 ἄμεινόν
1508 599 1534 616 τι
1553 591 1615 618 καθ’
1631 590 1710 626 ήμῶν
1725 593 1819 624 εἰπεῖν,

1034 635 1100 667 τῶν,
1125 635 1152 661 εῐ
1168 644 1209 666 τις
1223 637 1290 670 ἡμῖν
1306 636 1340 662 τὰ
1362 635 1476 662 τοιαῦτα
1502 635 1674 672 λοιδορεῖται,
1690 638 1821 672 νομιζέτω

1035 681 1082 707 καὶ¹
1099 680 1249 715 λογίζοιτο,
1273 681 1302 708 οὐ
1325 682 1380 716 γάρ
1394 682 1424 708 αἱ
1439 680 1525 714 λέξεις
1552 683 1700 719 βαρύνουσι
1711 685 1760 715 τὰς
1780 685 1822 710 ἐν·

1034 727 1125 758 νοίας·
1147 727 1196 758 τὰς
1213 727 1242 753 δὲ
1265 727 1352 760 λέξεις
1375 729 1486 763 τραχεῖς
1501 729 1549 755 καὶ
1565 729 1718 765 δυσφόρους
1730 729 1761 756 τὸ
1777 739 1821 756 πι-

1035 772 1101 807 κρὸν
1120 772 1170 807 τῆς
1190 772 1310 804 διανοίας
1333 773 1434 807 μᾶλλον
1462 773 1620 809 ἐργάζεται.
1646 775 1710 801 Ὅτε
1731 775 1759 801 δὲ
1777 775 1823 802 καὶ

1034 817 1121 850 λέξεις
1137 819 1196 850 ταῖς
1212 818 1344 850 διανοίαις
1360 819 1496 854 ὁμολογεῖ,
1515 821 1563 846 καὶ
1582 821 1611 846 τὸ
1626 820 1696 856 βαρὺ
1715 821 1765 857 τῆς
1781 823 1823 848 ἐν·

1034 864 1119 896 νοίας,
1135 864 1174 899 τῷ
1193 866 1290 900 τρα-χεῖ
1306 866 1448 901 συντρέχει
1463 867 1513 901 τῆς
1530 866 1642 899 λέξεως,
1658 867 1685 893 τί
1700 868 1823 903 διαφέρει

998 900 1021 930 Β
1035 911 1070 937 τά
1093 911 1163 937 αὐτὰ
1181 911 1235 937 τῶν
1250 912 1382 946 ῥημάτων
1406 900 1506 945 εἰπεῖν,
1521 913 1537 948 ἢ
1561 913 1605 940 διὰ
1622 913 1676 940 τῶν
1696 900 1761 941 ἴσων
1775 900 1823 947 τὴν

1036 958 1120 993 αὐτὴν
1140 958 1318 993 παραστῆσαι
1338 959 1477 991 διάνοιαν;
1505 959 1575 985 Ἀλλ’
1591 960 1617 986 εί
1633 959 1683 995 μὲν
1699 960 1767 995 πρὸς
1779 959 1824 986 τὸν

1036 1006 1200 1041 ἐπιχυθέντα
1220 1006 1286 1041 ἡμῖν
1308 1005 1363 1032 τῶν
1379 1006 1474 1032 κακῶν
1500 1006 1610 1042 ἀφορῶν
1627 1006 1760 1042 χειμῶνα,
1778 1007 1824 1033 καὶ

1035 1052 1085 1087 τὴν
1100 1053 1270 1088 πανταχόθεν
1282 1054 1356 1088 ἡμᾶς
1371 1053 1578 1089 ἰτερίσχουοάνΙὶ
1593 1054 1640 1080 καὶ
1660 1053 1825 1089 συμπιέζους

1037 1107 1086 1124 σαν
1099 1099 1153 1125 τῶν
1162 1098 1301 1134 δυσχερῶν
1313 1099 1411 1134 φορὰν,
1432 1101 1472 1131 είς
1487 1099 1651 1135 παραφορὰν
1664 1101 1757 1126 πεσεῖν
1771 1100 1825 1126 ἐδι-

1037 1145 1165 1177 καίωσεν,
1179 1145 1350 1181 ἀνθρώπινον
1366 1146 1416 1181 μέν
1425 1154 1453 1172 τι
1467 1145 1591 1181 διενοήθη
1605 1147 1653 1172 καὶ
1665 1146 1823 1181 ἐμελέτησε.

1038 1191 1070 1217 Τί
1088 1191 1142 1226 γὰρ
1159 1190 1191 1217 ἄν
1215 1199 1257 1222 τις
1274 1191 1348 1223 ἄλλο,
1363 1191 1433 1227 ὑπὲρ
1448 1191 1543 1224 αὐτοῦ,
1567 1192 1615 1218 καὶ
1635 1192 1723 1218 εἰπεῖν
1744 1192 1824 1227 δυνη-

1037 1236 1097 1272 θείη
1109 1246 1117 1271 ;
1131 1238 1163 1263 Al
1179 1237 1233 1272 γὰρ
1245 1238 1396 1273 ὑπερὸολαὶ
1410 1237 1464 1264 τῶν
1480 1238 1630 1266 κακώσεων
1646 1239 1825 1274 παρατροπὴν

1036 1282 1085 1309 καὶ
1100 1282 1243 1309 ἀλλοίωσιν
1270 1283 1308 1315 ὡς
1324 1283 1357 1310 τὰ
1373 1283 1457 1310 πολλὰ
1472 1285 1527 1316 τοῖς
1545 1284 1727 1320 κακουμένοις
1747 1285 1825 1319 ἐνερ-

1036 1329 1176 1362 γάζονται.
1195 1329 1226 1355 Εί
1249 1329 1296 1355 καὶ
1314 1329 1426 1364 μείζονα
1439 1329 1485 1356 τὸν
1502 1331 1620 1365 πονηρὸν
1636 1331 1686 1365 τὴν
1701 1331 1826 1363 ἐξουσίαν

1036 1373 1129 1402 λαϐεῖν
1145 1374 1206 1402 καθ’
1219 1375 1309 1410 ήμῶν,
1327 1375 1344 1411 ἢ
1360 1375 1449 1402 κατὰί
1468 1376 1515 1403 τοῦ
1531 1376 1678 1404 θεσπεσίου
1702 1378 1772 1411 Ἰὼϐ,
1785 1375 1826 1410 οἷς

1036 1420 1143 1455 νομίζει
1167 1420 1337 1455 ἐψηφίσατο·
1367 1421 1426 1456 εἴγε
1454 1422 1501 1448 τοῦ
1534 1422 1584 1457 μὲν
1600 1423 1650 1458 τῆς
1667 1423 1757 1459 ψυχῆς
1776 1424 1826 1459 τὴν

1037 1466 1161 1499 ἐξουσίαν
1185 1467 1235 1494 οὑκ
1257 1468 1379 1503 εἴληφεν,
1399 1469 1413 1494 ὁ
1435 1469 1464 1495 δὲ
1479 1469 1539 1495 καθ’
1557 1469 1648 1504 ήμῶν,
1665 1471 1712 1497 καὶ⁵
1723 1471 1827 1506 ταύτης

1036 1513 1111 1549 αὐτῷ
1129 1513 1179 1548 τὴν
1199 1515 1348 1550 κυριότητα
1367 1515 1557 1551 ἐνεχείρησεν·
1577 1515 1608 1548 ἐξ
1623 1512 1662 1542 ὧν
1676 1516 1730 1552 γὰρ
1747 1517 1827 1552 ήμῶν

1036 1559 1156 1594 ἄκρατον
1172 1561 1242 1594 μετὰ
1256 1559 1304 1586 τοῦ
1320 1562 1490 1596 παρανομεῖν
1506 1563 1636 1597 καταχέει
1657 1561 1705 1597 τὴν
1721 1563 1827 1596 ἄνοιαν,

1037 1604 1130 1639 σαφῶς
1154 1605 1250 1631 ἐαυτὸν
1273 1604 1394 1632 δεικνύει
1416 1606 1495 1633 τοῦτο
1511 1607 1559 1634 καὶ
1582 1607 1762 1643 λογισάμενον
1778 1609 1828 1635 καὶ

1036 1649 1220 1684 κυριώσαντα.
1246 1650 1319 1685 Πλὴν
1343 1652 1368 1677 εὶ
1394 1652 1524 1687 καὶπρὸς
1545 1652 1647 1688 ταύτην
1664 1654 1730 1689 περὶ
1746 1654 1828 1689 ἡμῶν

1036 1696 1162 1733 ὐπεσύρῃ
1177 1697 1227 1733 τὴν
1244 1697 1384 1731 ὑπόνοιαν,
1399 1699 1447 1725 καὶ
1462 1699 1541 1726 τοῦτο
1556 1699 1626 1734 πρὸς
1638 1699 1763 1733 εὐλογίαν
1776 1701 1828 1736 τῆς

1035 1743 1118 1778 ἄλλης
1133 1743 1256 1778 εὑρίσκει
1268 1743 1413 1778 λοιδορίας.
1426 1744 1485 1771 Ἵνα
1495 1745 1543 1771 νῦν
1554 1745 1628 1772 ἐάσω
1638 1746 1669 1771 τὸ
1681 1747 1764 1781 σοφὸν
1775 1746 1828 1781 τῆς

1035 1790 1185 1823 ἀπολογίας
1210 1790 1257 1817 καὶ¹
1283 1790 1439 1826 εὔσχημον,
1456 1791 1541 1827 ἐχρῆν
1564 1792 1614 1818 οὐκ
1637 1793 1827 1826 ἐπιτίθεσθαι,

1035 1836 1094 1862 οὐδὲ
1123 1836 1273 1872 βαρύτερον
1301 1837 1387 1863 ποιεῖν
1414 1837 1445 1863 τὸ
1471 1838 1557 1870 πάθος
1582 1839 1690 1865 οἰκείων
1719 1839 1829 1874 ὖὸρεων

1036 1881 1180 1917 προσθήκῃ
1191 1889 1199 1897 ’
1213 1881 1282 1908 ἀλλὰ
1298 1881 1471 1917 παρακλήσει
1486 1886 1539 1910 τινὶ
1558 1884 1658 1919 μᾶλλον
1672 1885 1720 1911 καὶ
1734 1885 1828 1920 λόγοις

1035 1927 1229 1963 ψυχαγωγίαςὶ
1257 1928 1435 1963 διαπραΰνειν
1451 1930 1481 1956 τὺ
1503 1930 1596 1964 ἄλγος,
1612 1931 1660 1957 καὶ
1676 1932 1829 1967 πειρᾶσθαι

1034 1974 1080 2000 τὸν
1094 1974 1207 2001 δυνατὸν
1222 1975 1323 2009 τρόπον
1344 1976 1461 2002 ἐπινοεῖν
1483 1976 1668 2012 παραμύθιον.
1685 1977 1721 2003 Τὸ
1735 1978 1765 2004 δέ
1780 1978 1831 2004 ὲκ-

1035 2020 1180 2055 τραχύνειν
1204 2021 1251 2047 καὶ
1275 2021 1462 2055 ἐπεμϐαίνειν,
1487 2023 1534 2049 καὶ
1555 2023 1749 2056 κατονειδίζειν
1775 2024 1831 2057 τὰς

1037 2066 1197 2101 συμφορὰς,
1212 2066 1399 2100 ἐντρυφῶντός
1416 2067 1474 2093 ἐστι
1496 2068 1553 2098 τοῖς
1573 2067 1621 2093 τοῦ
1637 2067 1751 2101 πλησίου
1773 2077 1830 2095 κα-

1036 2113 1109 2144 κοῖς,
1126 2111 1184 2137 ἁλλ*
1198 2111 1229 2137 οὐ
1243 2111 1449 2145 συναλγοῦντος,
1465 2112 1527 2139 οὐδὲ
1540 2114 1746 2148 συμπάσχοντος
1755 2134 1762 2146 ,
1777 2115 1831 2141 καὶ

1036 2157 1066 2183 οὐ
1081 2158 1115 2184 τὰ
1129 2157 1182 2183 τῶν
1205 2157 1290 2192 φίλων
1313 2157 1563 2193 διαπραττομένου,
1584 2159 1642 2186 ἀλλ’
1659 2160 1731 2195 ἅπερ
1751 2161 1787 2187 ἂν
1803 2162 1830 2187 οξ

1036 2202 1128 2238 ἐχθροὶ
1140 2203 1366 2238 κακουργέσειαν.
1389 2203 1459 2238 Ἐγὼ
1473 2204 1512 2236 δὲ,
1530 2205 1571 2231 ὅτι
1587 2205 1636 2240 μὲν
1649 2206 1694 2232 τὸν
1709 2206 1834 2241 τρυγίαν

197 2259 242 2279 me
261 2250 382 2286 aggredi,
407 2258 458 2278 nec
476 2258 525 2286 per
541 2256 664 2286 aggestas
680 2258 695 2278 e
718 2259 768 2278 suo
791 2259 862 2286 penu
888 2257 984 2280 contu-

1038 2249 1128 2285 πάσης
1138 2249 1227 2275 αὐτῶν
1240 2250 1290 2285 τῆς
1302 2249 1401 2281 κακίας
1411 2250 1472 2277 καθ’
1483 2251 1563 2285 ήμῶν
1574 2251 1722 2284 ἐκένωσαν,
1739 2251 1833 2286 φίλων

196 2298 292 2325 melias
309 2297 468 2325 flebiliorem
485 2297 553 2325 mihi
570 2301 670 2324 statum
683 2305 844 2332 procurare:
861 2298 909 2326 sed
922 2306 988 2326 con-

195 2344 332 2371 solatione
348 2344 439 2378 potius
453 2343 593 2377 nonnulla,
607 2347 635 2370 et
646 2343 790 2370 verborum
804 2343 988 2371 delinimentis

196 2390 320 2417 dolorem
339 2390 544 2418 incumbentem
564 2389 703 2420 alleviare.
723 2394 751 2416 et
763 2389 873 2416 modum
888 2389 910 2416 si
926 2397 987 2424 qua:

198 2435 312 2462 facultas
334 2435 417 2462 fuerit
437 2434 525 2462 solatii
546 2434 719 2469 excogitare:
740 2434 789 2461 sed
813 2441 984 2469 exasperare,

198 2481 340 2514 insultare,
357 2481 522 2516 exprobrare
533 2480 711 2511 calamitates,
724 2479 892 2506 lascivientis
901 2485 943 2507 cst
958 2480 986 2507 in

198 2527 281 2553 rebus
293 2526 409 2561 proximi
424 2526 464 2553 sui
481 2525 597 2558 afflictis,
614 2533 670 2552 non
686 2525 758 2559 quod
773 2525 904 2560 oportuit,
920 2533 986 2552 con-

197 2572 328 2605 dolentis,
363 2573 404 2600 vel
433 2573 636 2607 compatientis,
665 2580 721 2599 non
750 2571 809 2607 ejus
834 2572 879 2607 qui
907 2572 986 2600 amici

199 2623 291 2654 partes
303 2623 373 2654 agat,
390 2619 436 2646 sed
448 2619 494 2653 qui
507 2619 634 2646 hostilem
645 2618 673 2645 in
683 2618 792 2646 modum
806 2619 884 2646 malis
892 2618 984 2646 afficit.

200 2666 255 2703 Ego
270 2671 344 2693 certe
368 2666 496 2700 profiteor
512 2673 567 2697 eos,
583 2665 714 2701 quidquid
729 2670 788 2692 erat
807 2665 987 2700 improbitatis

199 2712 227 2738 in
245 2711 383 2744 torculari,
399 2711 425 2738 id
444 2711 470 2738 in
489 2719 531 2739 me
547 2716 633 2738 totum
649 2710 788 2743 cﬂudisse,
805 2711 870 2738 dum
884 2711 987 2739 amicos

198 2756 482 2788 alienioresreddunt,
501 2756 594 2784 allincs
618 2757 777 2792 seiungunt,
803 2764 819 2784 a
844 2757 921 2785 vobis
944 2765 988 2785 me

1039 2295 1218 2328 ξενώσαντες,
1247 2295 1605 2332 συγγενῶν-διακόψαντες,
1630 2297 1707 2332 ὑμῶν
1734 2299 1833 2325 αὐτῶν

1036 2343 1106 2378 (τῶν
1124 2343 1200 2378 ἐμῶν
1214 2343 1308 2370 παθῶν
1328 2344 1359 2370 τὸ
1382 2345 1563 2380 πικρότατον)
1581 2345 1834 2382 προδιατέμνοντες

1036 2389 1083 2416 κα)¹
1114 2389 1371 2425 ἀπομερίσαντεςιις
1400 2390 1573 2426 θεραπόντων
1601 2392 1649 2418 καὶ
1680 2392 1833 2428 ὑπηρετῶν

1034 2435 1276 2471 ἐξερημώσαντες,
1312 2437 1582 2472 αὶχμαλωτίσαντες,
1611 2439 1748 2474 φρουροὺς
1780 2440 1834 2467 καὶ

1034 2482 1226 2517 φρουράρχους
1252 2483 1483 2518 περιστήσαντες·
1514 2484 1558 2510 ἵνα
1586 2484 1654 2519 μηδὲ
1678 2485 1713 2511 τὰ
1737 2486 1835 2513 οἰκεῖα

1035 2526 1207 2561 βουλομένοις
1218 2528 1291 2554 κακὰ
1306 2528 1409 2555 κλαίειν
1423 2529 1470 2565 ἐξῇ
1484 2531 1529 2556 καὶ
1545 2530 1743 2566 ἀποδύρεσθαιθ
1755 2532 1836 2566 μηδέ

1033 2582 1076 2605 τις
1091 2574 1164 2604 ἐλεος
1185 2574 1266 2600 πόθεν
1290 2575 1357 2609 ἡμῖν
1381 2576 1534 2612 παρεισδὺῃ
1552 2576 1589 2612 μὴ
1605 2576 1677 2612 λόγῳ
1700 2577 1739 2613 μὴ
1755 2579 1837 2614 πρά-

1035 2628 1136 2654 γματι·
1159 2620 1272 2656 μυρίους
1297 2620 1428 2653 θανάτους
1453 2622 1702 2657 ἐπικρεμάσαντες,
1725 2624 1835 2658 λογίων

1036 2665 1104 2691 Θεοῦ
1119 2666 1165 2692 καὶ
1182 2666 1283 2698 παντὸς
1296 2667 1387 2698 ἄλλου,
1401 2666 1485 2700 οἴμοι,
1499 2667 1559 2694 καθ’
1574 2668 1653 2704 ήμῶν
1668 2669 1748 2704 λιμὸν
1766 2671 1838 2697 ἑπι-

1037 2711 1198 2747 στήσαντες.
1221 2712 1276 2738 Καὶ
1289 2712 1330 2738 ὅτι
1348 2712 1409 2739 ὅλον
1425 2713 1474 2749 μὲν
1486 2713 1544 2749 ἃμα
1558 2714 1665 2746 πολλοῖς
1679 2716 1782 2748 κακοῖς
1801 2717 1838 2743 οὐ

1036 2757 1245 2792 διαλιμπάνουσι
1252 2759 1472 2795 περιὸάλλοντες,
1484 2761 1531 2788 καὶ
1536 2760 1626 2792 πάσας
1634 2761 1661 2787 δὲ
1668 2763 1684 2795 ὴ
1689 2762 1749 2797 μῶν
1760 2763 1844 2790 ἀπο-

839 2835 956 2863 νΑῐιιλΕ
974 2835 1178 2867 LECTIONES.

237 2892 359 2919 σαυτοῦ.
414 2893 428 2912 δ
444 2893 694 2930 ουμπεριέχουσαν.
735 2900 742 2914 ι
761 2893 818 2920 καί.
858 2898 865 2917 ι
889 2893 1074 2928 ψυχαγωγοῖς,
1114 2894 1398 2933 Ιιάτοιρατρήσειιντες.
