1940 3087
152 94 209 127 745

735 92 1004 123 EPISTOLABUM
1020 91 1135 122 LIBER
1153 92 1179 122 Ι.

1722 91 1774 124 746

150 150 329 187 μερισάμενοι
341 149 392 182 τὰς
404 150 556 186 αἰσθήσεις,
571 149 620 176 καί⁸
631 148 698 184 πρὸς
710 148 800 180 πάσας
813 158 938 185 παρατα-

996 149 1108 177 divisum
1140 148 1316 181 abscindunt.
1330 148 1407 184 'quod
1429 148 1462 177 ad
1487 149 1626 178 cumulum
1641 149 1773 178 malorum

150 195 260 231 ξάμενοι
270 196 367 228 καινὰς
378 196 501 231 μηχανὰς
512 195 580 230 πρὸς
591 195 710 229 ἑκάστην
718 194 868 229 ἐπενόησαν
880 194 937 228 (ὀξὺ

148 242 203 277 γὰρ
216 243 255 274 εἰς
262 241 372 273 κακίαν,
379 240 446 268 Θεοῦ
457 240 504 267 καὶ
511 239 717 275 φιλανθρωπίας
726 238 904 274 ἀλλοτρίωσις
917 239 936 274 )·

148 287 197 313 καὶ
216 286 372 321 ὀφθαλμοὺς
394 286 444 319 μὲν
463 285 631 321 ἐνέφραξαν·
656 286 683 311 τί
695 285 750 320 γὰρ
775 285 809 312 ἄν
822 293 864 316 τις
891 285 939 312 καὶ

148 332 236 365 εἴποις
251 332 334 359 me?
345 331 378 358 ἃν
384 332 453 363 ὅλως
460 332 529 367 μήτε
537 332 613 363 τινὰς
623 331 776 365 ἀνθρώπων
783 331 859 366 όρᾷν,
871 331 939 366 μηδὲ

150 378 262 413 βιϐλίοις
272 378 408 414 ὲνομιλεῖν
427 378 502 413 ἔχοι·
527 378 576 405 καὶ
602 377 720 413 μάλιστα
741 375 783 409 οἷς
798 377 870 412 μέγα
891 377 939 404 καὶ

150 423 256 458 πρῶτον
266 423 439 459 παραμύθιον
448 424 465 459 ή
475 423 639 456 ἀνάγνωσις.
651 423 708 451 Καὶ
717 423 771 458 γὰρ
781 422 829 450 καὶ
836 422 939 457 ταύτην

149 469 211 497 καθ’
220 470 299 504 ήμῶν
310 469 432 501 ἁπάσαις
445 469 547 504 ψήφοις
557 468 707 504 ἐξήνεγκαν
722 468 770 503 τὴν
781 468 919 502 ἀπόφασιν
929 475 936 482 ·

149 514 233 550 ἀκοὴν
243 515 272 541 δὲ
287 514 513 542 συναπέκλειοαν·
526 513 588 541 οὔτε
603 514 658 549 γὰρ
671 514 763 549 φωνῆς
779 513 937 548 φιλούντων,

149 560 207 588 ἀλλ’
230 560 291 587 οὐδὲ
314 560 420 596 ἐχθρῶν
437 561 488 596 (Τί
512 561 567 598 γὰρ
589 561 629 588 δεῖ
658 560 748 595 λέγειν
761 568 767 593 ;
780 559 790 595 )
804 561 939 594 ἀναγινω-

150 606 269 633 σκόντων
292 607 479 641 συγχωροῦσιν
508 605 695 638 ὲνωτίζεσθαι.
728 605 798 633 Ἀλλ’
821 606 883 632 ὅσον
907 606 939 640 γὲ

151 653 192 684 είς
215 652 306 679 αὐτῶν
329 651 380 689 ἧκε
404 653 522 690 σπουδὴν
548 653 609 680 οὐδὲ
639 652 757 688 ᾀδόντων
782 652 854 688 Θεῷ,
884 652 938 679 οὐδ’

151 699 246 734 ὕμνοις
269 699 503 734 εὐχαριστούντων
529 699 675 734 ἀκούομεν.
700 698 769 725 Οὐδὲ
796 699 852 732 γὰρ
877 699 940 725 οὐδέ

151 753 211 772 τινα
234 744 289 771 οὐδ’
306 745 353 772 ἐπὶ
369 744 467 781 βραχὺ,
494 745 555 772 οὐδὲ
572 744 626 772 τῶν
643 745 762 782 μετρίως
776 745 845 780 πρὸς
868 744 940 780 ᾠδὰς

151 791 279 826 ἐχόντων.
300 791 350 827 (Ὢ
373 793 421 819 καὶ
438 791 585 827 βαρϐάρων
601 791 716 827 γνώμας
733 791 852 826 νικώσης
864 791 939 826 ὠμό-

989 195 1175 223 tristissimnm
1195 195 1308 228 accedit,
1325 195 1389 222 dum
1409 195 1518 223 famulis
1537 200 1565 223 et
1583 195 1716 225 ministris
1730 204 1775 225 me

990 242 1107 277 privam,
1138 246 1282 276 postquam
1315 242 1343 268 in
1369 242 1536 277 ergastulum
1568 243 1774 275 concluserunt.

989 288 1120 322 appositis
1130 287 1298 320 custodibus,
1310 287 1356 322 qui
1371 288 1547 316 circumstent
1559 289 1696 323 undique:
1714 288 1775 316 ideo

989 334 1093 362 scilicet
1106 342 1141 361 ne
1156 333 1222 361 mihi
1237 334 1325 367 liceat,
1340 333 1363 361 si
1378 334 1495 361 maxime
1509 334 1627 368 cupiam,
1647 334 1774 361 miseram

989 388 1077 407 meam
1101 385 1201 408 sortem
1224 380 1382 415 deplorare:
1402 387 1437 408 ne
1451 388 1500 413 per
1514 380 1639 408 rimulam
1656 380 1774 415 aliquam

988 427 1031 453 vel
1044 426 1180 454 tantillum
1197 433 1241 454 me
1251 427 1397 461 adreperet
1410 426 1603 454 misericordiae
1615 427 1649 454 ab
1659 427 1775 461 alicujus

989 479 1116 499 sermone
1133 473 1175 500 vel
1188 472 1308 501 actione.
1325 472 1397 505 Quin
1416 472 1480 500 dum
1496 473 1660 508 multiplices
1679 473 1775 500 mortis

989 519 1094 553 species
1111 518 1276 554 excogitant,
1294 519 1365 546 fame
1383 526 1426 546 me
1438 519 1492 553 (me
1508 519 1657 554 miserum)
1673 519 1777 547 divino-

989 573 1051 592 rum
1075 565 1260 597 oraculorum.
1280 569 1308 592 ct
1329 565 1517 600 cujuscunque
1538 565 1649 592 alterius
1676 565 1776 592 allatus

989 616 1176 647 peremerunt.
1193 611 1250 638 Nec
1269 615 1379 638 cessant
1396 611 1486 638 adhuc
1507 610 1693 646 multiplicatis
1707 611 1776 639 mala

989 656 1196 691 circumsepire:
1208 663 1319 684 sensum
1334 656 1401 683 mihi
1411 664 1522 683 omnem
1546 656 1682 683 divulsum
1694 664 1778 692 expe-

990 706 1146 734 ctorarunt,
1162 706 1190 729 et
1206 702 1335 730 adversus
1342 710 1437 729 eorum
1453 701 1574 737 singulos
1589 709 1658 729 nova
1673 702 1776 729 machi-

989 753 1183 775 namentorum
1201 755 1312 783 genera,
1324 755 1357 775 ex
1373 748 1488 775 adverso
1501 748 1653 780 constituti.
1667 748 1777 776 adinve—

991 798 1092 820 nerunt
1115 793 1189 828 (nam
1207 793 1242 820 ad
1257 793 1484 820 malefaciendum
1499 793 1604 821 celeres
1631 797 1706 824 sunt.
1731 793 1777 828 qui

151 845 230 872 τητος
244 836 273 872 ί)
297 838 415 864 συνεῖναι
433 838 577 865 κατέλιπον
590 846 598 852 ·
625 837 682 864 ἀλλ’
705 838 769 865 ἀντὶ
789 837 940 873 κληρικῶν,

996 841 1059 864 sunt
1077 845 1092 864 a
1105 837 1161 865 Deo
1172 842 1200 865 et
1219 838 1389 865 humanitate
1405 838 1512 872 alieni),
1540 842 1569 866 et
1583 838 1615 866 ad
1632 844 1779 873 utrumque

152 884 213 910 ἀντὶ.
236 884 416 919 μοναζόντων,
442 884 506 911 ἀντὶ
529 884 696 919 ψαλλόντων,
714 884 777 911 ἀντὶ
802 884 938 919 ἀναγινω-

153 929 271 956 σκόντων
291 929 339 956 καὶ
364 929 591 965 ὑπογραφόντων,
608 929 670 956 ἀντὶ
686 929 772 964 φίλων
794 929 842 956 καὶ
859 929 942 964 συνή-

152 974 207 1002 θων
229 971 286 1009 (οἷς
310 973 348 1004 ὡς
371 974 406 1001 τὰ
432 973 518 1001 πολλὰ
541 974 615 1009 φιλεῖ
636 974 653 1009 ἡ
671 973 726 1000 τῶν
742 973 875 1010 θλισερῶν
892 974 942 1009 βα-

153 1021 237 1056 ρύτης
252 1020 513 1056 ἐπικουφίζεσθαι),
528 1021 590 1047 ἀντὶ
609 1020 719 1047 πάντων
734 1020 827 1051 ἁπλῶς
837 1040 845 1054 ,
861 1028 943 1055 στρα-

152 1066 259 1093 τιωτῶν
297 1065 494 1100 κουστωδίαις,
535 1066 583 1093 καὶ
616 1066 823 1101 στρατιωτικοῖς
855 1065 942 1101 λόχοις

152 1111 327 1146 ὲκδεδόμεθα.
354 1112 411 1138 Καὶ
432 1110 459 1138 τί
488 1111 529 1138 δεῖ
555 1112 617 1139 καθ’
635 1112 751 1139 ἕκαστον
774 1112 876 1146 λέγειν,
895 1113 944 1140 καὶ

153 1156 303 1188 ὲπιξαίνειν
318 1157 352 1191 τῇ
372 1156 467 1192 μνήμῃ
483 1156 546 1188 τοὺς
570 1155 723 1192 μώλωπας;
745 1156 803 1183 ἀλλ’
826 1156 866 1184 ὅτι
894 1156 944 1191 μὲν

154 1201 244 1232 πάσας
267 1200 345 1235 ἡμῶν
359 1200 410 1232 τὰς
425 1199 566 1236 αἰσθήσεις
585 1201 690 1236 μυρίων
706 1201 798 1229 κακῶν
811 1201 944 1233 ἐπινοίαις

154 1245 342 1281 ἐπετείχισαν
367 1245 429 1281 μηδ’
460 1245 546 1281 αὐτὴν
564 1246 642 1282 ¹ήμῶν
656 1246 706 1281 τὴν
723 1246 813 1283 ψυχὴν
826 1247 893 1283 (ὅσα
912 1247 945 1282 γὲ

155 1294 196 1326 είς
216 1293 307 1321 αὐτῶν
333 1293 401 1329 ἔργα
426 1293 601 1330 κεχώρηκεν)
627 1294 771 1322 ἀκάκωτον
801 1295 946 1330 συγχωρή-

155 1349 263 1372 σαντες.
294 1341 415 1376 (Ἔργον
446 1340 575 1368 ὰπὰντων
602 1341 653 1367 ὃσα
683 1340 749 1373 Θεὸς
784 1341 946 1374 ὲὸδελύξατο

157 1387 328 1424 μιαρώτερόν
350 1395 380 1414 τε
404 1387 452 1414 καὶ
476 1387 634 1423 ὠμότερον)
662 1387 753 1418 οἴκους
774 1387 842 1414 Θεοῦ
861 1395 946 1414 κατα-

155 1432 282 1465 λύοντες,
310 1432 436 1467 πτωχοὺς
460 1431 619 1467 ἀναπήρους
647 1432 695 1459 καὶ
723 1431 945 1467 λελωϐημένους,

155 1477 202 1510 οὒς
223 1479 304 1514 ἡμεῖς
329 1478 485 1514 ἱλαστήριον
500 1478 554 1505 τῶν
569 1478 713 1514 ήμετέρων
736 1479 944 1514 ἁμαρτημάτων

156 1523 386 1559 προεστησάμεθα,
403 1525 451 1558 τῆς
469 1523 572 1555 οἰκείας
588 1524 682 1555 ἑστίας
701 1524 750 1551 καὶ
761 1523 942 1556 ἀναπαύσεως

156 1569 340 1605 ὲξορίζοντες,
355 1569 403 1596 καὶ
415 1569 466 1601 τὰς
483 1569 574 1596 αὐτῶν
588 1569 731 1606 ὑπάρξεις,
741 1569 779 1602 ὡς
794 1570 943 1606 πολεμίων,

155 1615 378 1651 διαμεριζόμενοι
405 1615 529 1652 λάφυρα·
557 1616 605 1643 καὶ
633 1617 808 1651 θεραπόντων
839 1617 944 1653 σάρκας

157 1662 263 1697 νεύροις
284 1662 453 1697 κατέκοψαν·
477 1663 515 1695 ὡς
534 1662 568 1690 δι’
593 1663 655 1690 ὅλου
682 1663 730 1690 τοῦ
757 1663 893 1699 σώματος,
910 1665 945 1699 τῇ

157 1708 242 1745 πολλῇ
262 1708 317 1736 τῶν
341 1709 482 1744 μαστίγων
498 1709 573 1746 ῥύμῃ
595 1709 736 1746 χαράδρας
757 1710 946 1746 ὲναπεργάσα-

159 1754 236 1781 σθαι·
263 1754 307 1781 ἴνα
328 1754 428 1790 χρυσον
451 1755 499 1781 καὶ
527 1754 646 1790 ἄργυρον
667 1754 697 1781 ὃν
713 1755 945 1791 ἑθησαυρίσαμεν,

157 1800 188 1826 ὃν
206 1800 259 1826 οὐδ’
283 1799 350 1836 ὖναρ
377 1799 431 1826 ἴδον
458 1800 483 1826 οι
507 1799 606 1832 ἄθλιοι,
627 1800 813 1835 ὲκμηνύσωσι.
838 1800 947 1828 Καίτοι

160 1846 327 1882 σαφέστερον
339 1846 417 1873 αὐτοὶ
432 1846 487 1873 τῶν
508 1846 598 1872 ἄλλων
613 1846 638 1873 οι
652 1846 812 1878 κολάζοντες
830 1847 946 1879 ειδότες,

158 1892 198 1924 ὼς
211 1892 294 1928 ἡμεῖς
309 1891 355 1918 ἀεὶ
371 1890 440 1927 πρὸς
454 1891 585 1927 χρήματα
600 1890 811 1927 διεδεὸλήμεθα.
832 1892 888 1918 Καὶ
899 1893 949 1927 οὐχ

159 1937 245 1970 οὕτως
256 1939 356 1965 ἐκεῖνοι
371 1938 545 1974 φιλάργυροι,
566 1937 604 1969 ὡς
617 1938 703 1973 ἡμᾶς,
715 1938 732 1972 ὴ
750 1937 852 1964 τούτων
864 1937 949 1974 ὑπερ-

158 1986 236 2020 οψία,
250 1985 327 2012 οὐδὲν
338 1985 436 2018 ἄλογον
448 1984 539 2011 αὐτῶν
556 1984 637 2011 ἕνεκα
663 1984 791 2011 οὐδέποτε
814 1984 949 2010 ποιεῖσθαι

160 2032 217 2067 (μή
243 2031 268 2057 τί
288 2039 319 2065 γε
333 2030 527 2066 θησαυρίζειν)
555 2030 779 2066 παρεσκεύαζεν
801 2030 860 2057 ἁλλ’
880 2030 949 2065 ὅπερ

159 2078 235 2113 ἥλιος
256 2078 376 2113 ἀνίσχων
399 2077 472 2114 ἑώρα
486 2078 522 2112 (ἡ
536 2077 590 2104 τῶν
613 2076 823 2114 ἐπηρεαζόντων
839 2077 868 2104 δὲ
882 2077 948 2104 πολ-

160 2123 239 2154 λάκις
253 2123 360 2159 ἀνάγκη
374 2124 422 2151 καὶ
436 2124 482 2151 τὸν
495 2124 546 2157 τῆς
557 2124 659 2159 ἀρετῆς
672 2122 832 2150 διδάσκαλον
843 2122 950 2150 Παῦλον

992 882 1044 909 sibi
1060 881 1155 909 oculos
1176 882 1359 910 occluserunt.
1377 881 1447 915 Quid
1462 883 1535 910 enim
1547 883 1620 910 aliud
1633 883 1779 911 dicendum

992 928 1094 956 restat?
1108 936 1171 956 eum
1185 935 1238 956 nec
1250 929 1393 956 hominum
1408 929 1523 964 aliquem
1544 929 1629 957 libere
1643 929 1723 957 liceat
1737 930 1780 957 iu-

993 975 1074 1008 tueri,
1090 983 1142 1004 nec
1157 982 1220 1004 cum
1233 975 1310 1004 libris
1325 976 1519 1004 commercium
1535 976 1646 1009 habere,
1664 984 1779 1012 praeser-

994 1022 1042 1050 tim
1058 1022 1090 1050 iis
1109 1022 1157 1056 qui
1173 1022 1320 1050 maximum
1338 1022 1457 1050 solamen
1471 1027 1499 1049 et
1516 1022 1666 1057 principale
1687 1022 1780 1058 legen-

994 1069 1067 1096 tibus
1088 1073 1202 1103 possunt
1220 1068 1402 1103 suppeditare.
1418 1068 1493 1096 Hanc
1509 1068 1547 1095 illi
1567 1069 1594 1096 in
1607 1077 1650 1096 me
1670 1073 1781 1096 senten-

995 1115 1062 1144 tiam
1093 1113 1128 1141 de
1154 1113 1274 1149 generali
1304 1113 1426 1148 ipsorum
1455 1121 1568 1141 assensu
1597 1117 1624 1140 et
1644 1120 1780 1141 consensu

995 1160 1128 1188 tulerunt.
1144 1159 1233 1187 Aures
1248 1164 1339 1186 autem
1352 1159 1517 1186 obturarunt
1527 1166 1616 1186 meas:
1631 1166 1686 1186 non
1705 1159 1779 1186 enim

995 1206 1146 1237 admittunt
1164 1209 1198 1235 ut.
1212 1212 1353 1232 sermones
1369 1204 1529 1237 amicarum,
1555 1212 1592 1232 ne
1608 1205 1781 1232 inimicorum

996 1252 1107 1287 quidem
1133 1258 1214 1279 voces
1241 1250 1354 1278 auribus
1385 1249 1487 1277 nostris
1509 1250 1637 1277 insonare
1664 1249 1781 1284 possint.

995 1297 1066 1331 Quid
1085 1296 1158 1325 aliud
1178 1295 1311 1325 aﬂ‘eram?
1326 1303 1408 1330 quam
1422 1295 1506 1330 quod,
1521 1299 1651 1330 quantum
1671 1295 1699 1322 in
1717 1294 1783 1329 ipsis

996 1348 1048 1377 est,
1072 1351 1124 1371 nec
1152 1343 1209 1371 Deo
1231 1343 1346 1378 hymnos
1367 1342 1543 1369 concinentes
1563 1349 1627 1368 nec-
1640 1341 1782 1369 laudantes

998 1395 1046 1418 aut
1058 1389 1158 1426 gratias
1168 1393 1280 1425 agentes
1291 1387 1426 1415 audimus.
1440 1387 1499 1415 Non
1510 1387 1583 1414 enim
1594 1387 1659 1416 mihi
1674 1387 1783 1423 permit-

996 1440 1059 1464 tunt
1081 1443 1144 1464 cum
1161 1435 1253 1470 aliquo
1267 1433 1434 1467 conversari,
1451 1441 1486 1461 ne
1502 1433 1611 1468 quidem
1628 1433 1663 1461 ad
1677 1433 1785 1461 brevis-

957 1499 979 1529 ο
997 1483 1098 1510 simum
1115 1486 1223 1517 tempus
1243 1481 1290 1516 qui
1312 1480 1356 1509 vel
1371 1480 1506 1508 modicam
1524 1480 1639 1508 canendi
1659 1481 1783 1516 peritiam

997 1529 1109 1560 habent.
1130 1527 1198 1556 adeo
1214 1528 1242 1555 in
1259 1535 1309 1555 sua
1323 1527 1484 1555 crudelitate
1499 1533 1609 1553 omnem
1631 1526 1784 1554 barbariem

996 1573 1176 1609 exsuperant!
1210 1572 1258 1601 sed
1283 1572 1445 1600 clericorum
1481 1571 1551 1604 loco,
1576 1571 1784 1602 monachorum,

997 1621 1170 1658 psallentium
1190 1624 1218 1647 et
1237 1618 1394 1655 legentium,
1419 1617 1648 1646 subscribentium
1667 1617 1785 1648 dictata;

997 1674 1046 1702 pro
1057 1665 1152 1694 amicis
1163 1670 1191 1693 et
1203 1665 1354 1698 consuetis,
1368 1671 1418 1699 per
1426 1671 1495 1699 quos
1504 1663 1666 1699 plerumque
1678 1663 1787 1690 calami-

1000 1718 1121 1741 tosorum
1138 1711 1279 1739 tribulatio
1297 1711 1366 1738 solet
1386 1709 1517 1742 alleviari,
1535 1717 1585 1745 pro
1601 1710 1738 1742 omnibus,
1757 1714 1788 1736 ut

997 1766 1053 1786 uno
1066 1758 1151 1785 verbo
1165 1757 1263 1790 dicam,
1276 1757 1392 1784 militum
1404 1756 1536 1784 custodiis
1551 1759 1580 1782 et
1592 1755 1688 1782 turmis
1703 1755 1785 1782 vincti

999 1805 1141 1833 tradimur.
1162 1803 1234 1836 Quid
1249 1811 1319 1838 opus
1334 1802 1472 1838 sigillatim
1491 1808 1664 1837 percensere,
1680 1805 1727 1828 aut
1744 1801 1786 1827 vi-

998 1852 1074 1879 bices
1090 1850 1268 1878 memorando
1299 1848 1446 1877 refricare?
1465 1847 1599 1881 Profecto,
1621 1855 1716 1875 omnes
1735 1854 1787 1874 no-

999 1902 1071 1925 stros
1092 1904 1190 1924 sensus
1206 1896 1412 1923 innumerorum
1434 1894 1568 1922 malorum
1592 1893 1712 1920 inventis
1734 1892 1789 1919 cir-

999 1942 1217 1970 cumvallarunt:
1227 1948 1279 1968 nec
1290 1940 1408 1967 animam
1419 1939 1530 1974 quidem
1544 1939 1642 1973 ipsam,
1657 1941 1789 1972 quantum

1000 1997 1049 2024 per
1072 1989 1195 2024 ipsorum
1214 1994 1297 2022 opera
1317 1986 1403 2020 stetit,
1418 1986 1567 2013 immunem
1585 1984 1619 2012 ab
1636 1983 1694 2011 istis
1711 1983 1789 2011 malis

1001 2043 1062 2063 esse
1077 2034 1229 2070 patiuntur.
1246 2033 1349 2068 Ecquid
1365 2037 1407 2059 est
1423 2032 1494 2059 inter
1507 2030 1598 2059 omnia
1612 2037 1673 2065 quae
1686 2029 1790 2071 abomi-

1001 2086 1081 2109 natur
1108 2081 1191 2114 Deus,
1216 2079 1407 2108 detestandum
1432 2078 1528 2113 magis,
1548 2082 1575 2104 et
1589 2076 1787 2104 truculentius:

1002 2126 1109 2154 divinas
1141 2126 1214 2153 aedes
1248 2124 1448 2152 demoliuntur:
1482 2122 1634 2155 mendicos,
1667 2121 1788 2152 mutilos,

160 2170 200 2200 είς
212 2169 324 2196 τοιαῦτα
334 2168 508 2202 ὲξεόιόάζετο
521 2169 660 2205 ῥήματα).
670 2170 756 2196 Τοῦτο
768 2169 818 2205 τῆς
832 2169 945 2205 ἡμέρας,

1002 2172 1132 2199 membris
1154 2172 1321 2203 deeurtatos,
1350 2177 1419 2205 quos
1443 2169 1477 2196 ad
1503 2167 1675 2203 propitianda
1697 2171 1791 2194 nostra

161 2216 211 2241 καὶ
224 2216 343 2250 μάλιστα
366 2215 415 2250 τῆς
431 2215 528 2247 νυκτὸς
547 2217 562 2242 ό
585 2216 681 2251 καιρδς
703 2216 828 2251 ἐξεφόρει
842 2225 889 2247 τε,
903 2216 952 2243 καὶ

161 2261 372 2298 ἁπεφορτίζετο.
391 2261 462 2288 Ἀλλ’
473 2261 548 2296 ὅμως
558 2262 645 2288 ταῦτα
659 2261 714 2288 τῶν
724 2264 833 2289 πάντων
846 2262 952 2294 οὐδενὸς

162 2308 273 2334 ἔλαττον
296 2307 408 2340 ειδότες,
427 2308 621 2343 ὲκρεούρτουν,
647 2307 809 2343 ἐμάστιζον·
834 2308 884 2343 οὐχ
908 2309 953 2336 ἵνα

162 2363 189 2380 τι
211 2351 249 2381 ὧν
268 2354 433 2382 ὲπλάττοντο
457 2354 551 2388 ζητεῖν
575 2354 704 2389 εὑρῶσιν,
720 2355 745 2381 ει
762 2355 800 2390 μὴ
813 2353 952 2382 καὶτοῦτο

163 2401 426 2436 προσεκμεμήνασι.
457 2400 550 2434 ζητεῖν
577 2400 667 2435 εὑρεῖν
693 2399 764 2435 ἆπερ
791 2399 880 2427 ἴσασιν
903 2400 952 2434 οὐχ

164 2447 341 2482 ὑπάρχοντα,
366 2447 424 2473 ἀλλ’
441 2447 484 2473 ῖνα
504 2447 632 2474 κάκεῖθεν
654 2447 728 2481 ἡμᾶς
743 2446 887 2478 ἀνιάσωσι,
904 2445 952 2473 καὶ

165 2492 268 2528 μηδένα
287 2493 386 2528 τρόπον
405 2493 583 2529 κακουργίας.
607 2493 637 2520 ὃν
657 2494 724 2528 ἡμῖν
736 2492 767 2519 οὐ
782 2492 952 2528 προσάξωσι.

164 2538 379 2574 παραλείψωσιν.
404 2539 472 2565 Ἀλλ’
488 2539 530 2566 ὅτι
547 2538 596 2574 μὲν
609 2538 695 2566 ταῦτα
709 2538 757 2566 καὶ
769 2537 824 2564 τῶν
838 2537 953 2573 εἰρημέ-

164 2594 218 2612 νων
231 2585 297 2611 πολὺ
314 2585 433 2618 πλείονα,
452 2585 513 2612 καθ’
526 2585 606 2620 ὴμῶν
619 2584 633 2610 ὁ
646 2584 770 2615 Σατανᾶς
780 2604 788 2616 ,
801 2583 818 2618 ἢ
829 2583 879 2609 οὐκ
895 2579 954 2609 οἶδα

163 2634 178 2660 ὃ
189 2642 216 2659 τι
231 2633 278 2659 καὶ
301 2632 380 2664 εἴπω,
395 2632 555 2667 ὲξητήσασιο,
567 2631 616 2658 καλ⁸
626 2630 733 2661 τούτοις
745 2631 826 2666 ἡμεῖς
841 2638 954 2665 περιαν-

163 2678 301 2713 τλούμεθα
328 2677 377 2704 οὐκ
405 2677 438 2704 ἂν
464 2677 628 2712 ἀρνηθείην·
668 2677 709 2703 ὃτι
726 2676 754 2702 δὲ
778 2676 832 2702 τῶν
848 2675 954 2710 φρενῶν

165 2726 239 2760 ἡμᾶς
250 2726 268 2759 ή
282 2723 400 2759 τοσαύτη
416 2724 501 2750 κακία
518 2723 647 2758 ἐξέστησε
657 2742 664 2755 ,
682 2723 729 2749 καὶ
743 2721 824 2748 θείων
839 2721 954 2747 ἐντολῶν

166 2771 322 2805 ὑπερόπτας
342 2770 502 2802 ἀπετέλεσε,
518 2770 565 2796 καὶ
580 2770 687 2801 κοινοὺς
702 2768 834 2804 προδότας
860 2768 954 2803 εἰργά-

167 2825 242 2850 σατο,
259 2818 309 2844 οὐκ
321 2815 379 2844 οῖδα
390 2817 449 2844 ἀνθ’
459 2817 520 2843 ὅτου
536 2816 576 2849 τίς
592 2816 667 2851 ἡμᾶς
681 2814 843 2851 αἰτιώμενος
857 2814 953 2848 ταῦτα,

328 2864 460 2894 ΡΑτιιοιι.
476 2865 533 2894 Gn.
555 2865 618 2894 Cll.

1003 2223 1114 2254 peccata
1129 2218 1359 2245 constitueramus
1369 2237 1376 2248 ,
1397 2215 1432 2242 de
1447 2214 1564 2250 propriis
1580 2213 1700 2249 ipsorum
1720 2213 1792 2240 sedi-

1002 2265 1054 2293 bus
1067 2269 1093 2291 et
1103 2264 1196 2299 quiete
1209 2263 1400 2292 exturbarunt,
1415 2266 1443 2288 et
1460 2267 1555 2287 eorum
1572 2259 1698 2286 utensilia
1710 2263 1794 2294 atque

1003 2310 1199 2345 supellectilem
1228 2313 1356 2342 tauquam
1385 2306 1470 2341 spolia
1495 2305 1530 2333 de
1560 2305 1686 2332 hostibus
1713 2310 1791 2340 capta

1003 2355 1204 2383 distribuerunt
1215 2363 1222 2382 :
1234 2353 1326 2381 nervis
1335 2359 1476 2380 servorum
1487 2358 1585 2381 carnes
1593 2350 1773 2377 conciderunt
1784 2358 1792 2381 ;

1003 2402 1040 2430 ita
1063 2406 1094 2429 ut
1118 2410 1166 2436 per
1188 2406 1276 2428 totum
1295 2407 1394 2434 corpus
1408 2402 1520 2434 propter
1537 2397 1683 2433 ﬂagrorum
1698 2397 1792 2424 incus-

1004 2448 1106 2480 siones,
1121 2446 1261 2474 charadrae
1274 2445 1349 2473 velut
1359 2444 1482 2479 quaedam
1494 2443 1677 2471 ducerentur:
1689 2443 1717 2469 in
1731 2449 1794 2469 eum

1004 2493 1086 2521 ﬁnem
1110 2498 1140 2520 ut
1164 2492 1297 2519 indicium
1323 2491 1463 2523 facerent,
1480 2489 1539 2516 auri
1563 2488 1668 2516 scilicet
1692 2492 1721 2515 ct
1748 2495 1794 2514 ar-

1005 2540 1091 2575 genti,
1105 2546 1166 2574 qua:
1178 2546 1222 2565 me
1235 2537 1392 2572 reposuisse
1403 2536 1572 2564 affirmabant
1585 2545 1592 2563 ε
1603 2535 1677 2570 quod
1691 2535 1795 2562 factum

1005 2594 1145 2622 nunquam
1171 2586 1289 2621 probare
1309 2589 1436 2620 possunt,
1458 2589 1486 2611 et
1505 2588 1595 2611 tamen
1616 2588 1702 2609 caesos
1719 2584 1796 2608 certo

1005 2634 1109 2660 certius
1132 2632 1159 2659 id
1187 2633 1335 2659 resciscere
1363 2630 1605 2665 pronuntiabant:
1626 2628 1662 2655 ita
1688 2633 1798 2660 semper

1005 2679 1039 2706 de
1063 2677 1178 2713 pecunia
1204 2676 1323 2711 reposita
1342 2684 1386 2703 me
1406 2680 1546 2702 accusant.
1572 2674 1628 2701 Nec
1654 2676 1719 2699 sunt
1746 2670 1797 2705 ipsi

1006 2724 1183 2758 pecuniarum
1206 2723 1242 2750 ita
1254 2722 1324 2750 avidi
1340 2729 1421 2757 quam
1439 2729 1490 2749 nos
1510 2725 1724 2754 contemptores.
1750 2715 1798 2751 qui

1006 2778 1146 2804 nunquam
1177 2770 1311 2797 hactenus
1341 2768 1432 2795 induci
1463 2767 1610 2802 potuimus.
1641 2770 1672 2792 nt
1696 2763 1797 2797 aliquid

1008 2820 1102 2843 contra
1129 2820 1232 2843 rectam
1248 2815 1383 2843 rationem
1400 2813 1577 2848 pecuniarum
1596 2818 1677 2840 causa
1695 2810 1798 2838 iacere-

1639 2857 1678 2887 21s
