1940 3087
154 108 206 139 747
726 107 856 138 ΡΗΟΤΙῘ
875 108 937 138 ΡΑἸ

990 107 1126 138 ARCHIE
1141 107 1197 137 ΟΡ.
1718 104 1774 137 ’148

153 171 224 196 mus.
239 162 339 191 nedum
354 167 386 191 ut
399 162 460 191 illas
475 161 732 190 thesaurizaremus.
748 162 802 190 Sed
813 162 886 197 quod
895 161 936 190 sol

988 162 1016 188 οὐ
1039 161 1218 197 σφοδρότερον
1244 159 1305 187 καθ’
1324 159 1404 196 ἡμῶν
1429 160 1517 192 πνεῖν,
1545 159 1562 195 ἢ
1584 159 1611 186 οί
1625 162 1771 195 προφανεῑς

152 210 278 238 etoriens
294 209 451 237 intuebatur
466 209 539 244 (nam
557 208 752 236 malevolorum
768 208 866 236 infesta
887 215 936 235 ne-

989 207 1082 243 ἐχθροὶ
1096 208 1147 234 οὐκ
1166 207 1200 234 ἂν
1222 206 1508 242 συνανομολογήσειεν.

152 258 250 294 quitia,
272 258 463 286 necessitatem
492 256 535 283 vel
561 257 640 284 beato
663 255 748 284 Paulo
769 256 879 284 virtutis
905 256 1010 284 doctori
1043 255 1179 283 interdum
1207 255 1335 290 imposuit
1365 255 1399 284 ad
1428 255 1511 283 verba
1525 254 1660 290 ejusmodi
1684 255 1771 290 prole~

152 305 258 338 renda),
269 305 320 332 hoc
335 305 423 339 ipsum
435 304 536 338 diurni,
552 304 648 332 saltem
665 304 794 332 nocturni
811 304 941 339 temporis
972 304 1160 339 opportunitas
1181 303 1337 338 ebajulavit,
1357 307 1386 330 et
1405 308 1436 331 ut
1455 310 1526 331 onus
1553 303 1710 338 impositum
1726 311 1769 331 ex-

152 352 278 386 portavit.
293 351 367 379 Istud
380 356 472 379 autem
485 359 548 379 cum
573 359 629 379 non
655 351 746 380 minus
762 352 802 379 illi
827 360 908 388 quam
924 351 970 379 alii
994 351 1170 385 resciverunt,
1202 355 1293 379 tamen
1326 358 1424 379 carnes
1455 351 1643 384 conciderunt,
1683 351 1774 388 ﬂagris

152 400 263 428 intentis
284 400 457 428 lancinabant
481 409 488 427 :
507 407 562 427 non
588 405 619 427 ut
641 400 743 435 aliquid
764 407 859 428 eorum
881 408 942 435 quae
966 407 999 427 se
1022 407 1144 435 quaerere
1175 399 1325 435 ﬁngebant,
1348 398 1505 426 invenirent
1520 398 1592 434 (nisi
1611 398 1727 426 forsitan
1747 403 1774 426 et

151 455 184 475 eo
203 446 376 482 proruperint
394 446 507 475 insaniae
523 451 554 474 ut
569 446 614 474 illa
633 454 664 474 se
678 454 854 482 conquaerere
878 447 1020 482 ﬁngerent.
1049 454 1110 481 quae
1137 453 1192 474 non
1222 446 1386 482 ignorabant
1414 449 1522 472 exstare
1553 445 1710 479 nusquam),
1725 444 1774 472 sed

151 500 183 522 ut
200 495 234 522 ab
255 495 306 522 hac
330 495 412 523 etiam
431 499 509 531 parte
531 494 612 523 nobis
634 495 776 522 inurerent
802 494 923 522 dolorem
944 501 1021 522 :nec
1045 494 1162 530 aliquam
1184 493 1312 529 nequitiae
1335 493 1469 521 rationem
1499 493 1669 525 omitterent,
1692 499 1774 528 quam

151 543 180 570 in
198 549 248 570 nos
273 541 372 570 inferre
395 545 515 576 possent.
533 540 635 569 Verum
655 541 727 577 quod
758 541 896 569 istaldum
915 545 943 569 et
969 541 1022 569 alia
1047 541 1190 569 innumera
1216 544 1311 568 contra
1337 547 1389 568 nos
1419 539 1590 568 machinatus
1622 540 1657 568 sit
1678 541 1774 573 Satan,

151 598 207 617 non
232 590 313 625 plane
339 589 472 626 intelligo;
496 589 545 617 sed
568 589 700 625 profecto,
722 590 795 625 quod
817 591 852 618 ab
871 591 930 619 istis
941 591 1127 624 exhaurimur,
1149 591 1222 619 haud
1247 591 1414 627 negaverim.
1436 590 1490 618 Sed
1503 589 1576 625 quod
1599 588 1775 624 haeeimpro-

152 637 222 665 bitas
232 637 266 664 de
280 637 379 664 mentis
405 644 472 664 meae
495 640 567 664 statu
590 645 634 664 me
655 637 811 670 dimoverit,
833 643 881 665 aut
906 638 1041 674 redegerit
1070 637 1104 665 ad
1129 637 1302 666 oraculorum
1337 636 1491 665 divinorum
1522 639 1720 670 contemptum,
1746 639 1776 662 et

152 691 246 711 eorum
264 683 416 719 proditione
441 691 484 712 me
505 684 686 717 infamaverit,
717 685 867 713 concedere
896 693 952 714 non
974 693 1085 722 possum
1112 695 1119 713 :
1142 691 1172 714 ut
1188 689 1333 721 eapropter
1357 684 1477 713 hostium
1505 691 1628 712 meorum
1645 683 1776 711 infensis-

152 729 214 757 simi
232 737 274 757 me
291 729 423 764 alllarent,
439 734 467 757 et
480 730 507 757 in
524 738 556 758 os
571 736 665 766 aperte
681 731 870 768 oggannirent.

188 777 236 804 Sin
255 777 389 812 quispiam
411 785 487 810 vero,
515 777 559 805 his
576 779 675 806 talibus
704 779 815 812 auditis,
835 780 937 815 pudore

1025 778 1058 806 Et
1070 778 1099 805 δέ
1116 785 1157 810 τις
1168 777 1256 805 ταῦτα
1266 777 1373 805 ἀκούων
1388 775 1502 812 ἐρυθριᾷ
1513 775 1562 802 καὶ
1576 774 1712 806 ἀνανεύει,
1726 775 1776 803 καὶ

153 822 331 855 suliundilur,
339 824 424 858 erigat
437 831 468 851 se
477 824 686 859 aliquantulum,
697 831 726 852 et
735 830 854 861 emergat
870 825 934 854 inde

153 876 205 897 nec
217 869 269 897 tale
284 870 431 905 quidquam
446 878 475 898 se
488 875 583 898 contra
600 879 651 899 nos
664 876 834 907 perpetrasse
847 871 934 904 dicat.

153 917 201 944 sed
216 924 267 944 nec
286 917 449 953 cogitatione
464 917 579 953 agitasse
602 917 684 950 olim;
700 917 740 945 sic
751 918 825 945 enim
838 922 935 945 natura

153 966 326 997 comparatur
349 967 500 997 peccatum,
523 967 554 990 ut
576 969 638 990 cum
657 970 707 998 per
719 963 822 998 justam
841 970 936 999 repre-

154 1007 314 1035 hcnsionem
340 1007 504 1041 denudetur,
534 1007 620 1044 magis
645 1008 741 1043 majori
764 1008 936 1036 immodestia

153 1061 235 1088 quam
251 1053 328 1089 prius
343 1061 373 1081 se
383 1053 524 1087 venditet;
539 1061 590 1081 nec
603 1053 714 1089 quidem
727 1061 742 1081 a
757 1059 871 1089 parente
884 1061 936 1082 suo

153 1107 204 1135 pro
223 1105 301 1135 partu
317 1099 436 1136 genuino
456 1105 629 1135 agnoscatur,
656 1101 705 1129 sed
727 1105 757 1129 ut
776 1102 885 1137 spurius
908 1106 938 1131 et

153 1145 336 1173 exsecrandus
349 1145 431 1174 foetus
439 1145 525 1173 oculis
539 1150 749 1181 repraesentetur
766 1155 774 1174 :
789 1147 935 1183 praecipue.

153 1192 177 1220 si
189 1200 236 1227 per
250 1191 423 1220 conscientiae
437 1192 572 1224 stimulos,
584 1199 664 1227 quam
675 1192 812 1228 sapienter
824 1193 937 1221 omnino

155 1245 245 1265 rerum
264 1237 394 1265 Conditor
407 1242 511 1265 natura:
532 1243 633 1266 nostra;
651 1238 777 1272 inseruit,
795 1239 829 1267 ad
845 1246 938 1267 rerum

155 1284 306 1312 contuitum
323 1283 488 1320 agendarum
515 1284 657 1312 excitetur.
685 1284 763 1318 Quod
789 1285 812 1313 si
846 1289 938 1312 autem

154 1334 298 1366 eapropter
313 1330 382 1358 nihil
411 1330 465 1358 tale
480 1338 510 1358 se
527 1330 554 1358 in
573 1330 693 1358 animum
709 1330 853 1359 admisisse
870 1338 939 1358 oon-

155 1375 277 1408 tendant;
290 1375 338 1403 sed
352 1375 425 1410 quod
440 1375 558 1407 videtur.
573 1382 621 1402 eos
632 1374 679 1409 qui
694 1375 831 1410 ejusmodi
845 1378 936 1403 atten-

155 1425 215 1449 tent
230 1421 267 1448 .iu
294 1425 386 1456 partes
407 1421 554 1449 amandem
576 1421 773 1449 remotissimas
789 1429 851 1449 cum
871 1421 940 1450 diris

154 1464 283 1492 dimissos
304 1465 547 1493 exsecrationibus.
563 1465 615 1492 Per
634 1465 777 1501 ipsammet
790 1466 938 1494 amicitiam

156 1510 320 1546 interrogate
331 1510 418 1543 illum,
438 1510 465 1537 in
475 1518 530 1545 quo
546 1509 638 1538 diﬂ‘ert
653 1511 716 1539 talia
728 1511 763 1539 de
774 1511 854 1539 nobis
870 1520 939 1547 prat-

155 1557 257 1589 dicare,
276 1556 311 1583 ab
329 1555 374 1583 illa
390 1556 582 1584 accusatione?
599 1557 672 1592 quod
690 1564 752 1584 cum
772 1557 896 1586 hostibus
910 1558 938 1585 in

157 1599 215 1627 acie
228 1597 442 1630 constiterimus.
459 1598 561 1626 nullam
579 1599 659 1634 plane
676 1599 858 1627 dillerentiam
882 1605 938 1628 sta-

157 1649 265 1670 tuamus
281 1643 352 1669 inter
373 1642 490 1670 amicum
518 1647 546 1670 et
564 1642 715 1676 inimicum.
735 1645 814 1679 cujus
830 1646 939 1673 autem?

156 1688 261 1716 scilicet
275 1686 376 1715 Christi
394 1695 402 1715 :
419 1694 436 1714 ο
447 1687 574 1723 injuriam
600 1688 815 1718 intolerabileml
835 1691 940 1719 amicos

156 1739 184 1762 et
207 1733 331 1761 inimicos
353 1732 466 1761 Christi.
489 1733 548 1761 Huc
569 1733 643 1761 enim
667 1735 792 1769 tendunt,
813 1737 885 1772 quod
910 1738 939 1765 in

156 1780 247 1807 album
257 1787 351 1807 eorum
363 1786 413 1807 nos
422 1778 524 1807 referre
532 1779 690 1815 satagimus,
708 1782 754 1816 qui
768 1789 818 1816 pro
830 1782 938 1811 Christo

156 1825 297 1861 patiuntur
328 1825 559 1861 persecutionem,
590 1833 653 1853 cum
682 1826 736 1854 illis
764 1828 811 1863 qui
843 1834 938 1858 contra

154 1872 296 1900 Chrismm
309 1871 409 1899 bellum
421 1875 535 1906 gerunt;
550 1871 597 1907 qui
610 1872 770 1908 sanguinem
781 1875 939 1904 testamenti

156 1918 242 1953 ipsius
258 1925 433 1945 communem
448 1917 575 1952 reddunt,
598 1921 637 1950 et,
650 1924 681 1946 ut
700 1924 798 1948 caetera
812 1921 939 1950 omittam

156 1964 185 1991 in
199 1963 339 1998 praesenti,
363 1963 471 1991 Domini
486 1964 583 1992 altaria
608 1965 798 2001 profanarum,
821 1972 849 1996 et
873 1976 939 1996 san-

156 2012 230 2035 ctum
243 2007 325 2035 simul
337 2007 470 2042 chrisma,
480 2008 536 2041 vel.
547 2013 578 2036 ut
589 2009 683 2038 verius
692 2009 792 2044 dicam,
805 2012 938 2047 Spiritum

155 2060 279 2082 sanctum
299 2061 346 2088 per
364 2061 446 2090 quem
464 2055 607 2083 coniicitur
620 2055 739 2084 chrisma
753 2057 873 2086 ludibrio
888 2059 939 2087 ha-

156 2102 284 2128 buerunt.
297 2099 464 2140 interrogate
474 2099 535 2128 illos
548 2101 649 2134 denuo,
664 2101 796 2136 obtestor,
806 2109 938 2138 quantum

155 2149 226 2174 inter
239 2147 297 2175 haec
309 2151 337 2174 et
349 2146 395 2174 illa
409 2145 445 2174 sit
456 2147 621 2176 discriminis
634 2148 687 2176 nisi
699 2149 772 2184 quod
783 2155 936 2179 extremum

155 2193 212 2221 haec
226 2192 387 2228 contingunt
405 2193 594 2228 improbitatis.
617 2193 695 2227 Quod
708 2194 731 2222 si
747 2195 808 2230 quis
822 2201 938 2224 conten-

153 2239 225 2266 derit
246 2238 348 2267 leviora
369 2239 422 2266 ista
447 2246 518 2272 esse,
548 2247 598 2266 vos
625 2244 681 2267 tum
703 2248 746 2268 me
766 2241 891 2277 desipere
910 2246 938 2270 et

153 2285 268 2313 delirare
281 2285 388 2318 dicatis,
404 2285 477 2313 illum
488 2285 628 2321 multiplici
643 2287 780 2322 praemio
793 2287 857 2316 licet
870 2288 939 2316 etl‘e-

154 2331 308 2360 ratis.Cum
320 2336 476 2360 tamennon
490 2339 549 2360 cam
559 2333 594 2360 ob
607 2340 717 2361 causam
728 2333 936 2371 illeangebatur.

153 2377 226 2411 quod
240 2377 343 2404 leviore
355 2385 405 2405 nos
416 2385 497 2412 quam
506 2378 574 2405 alios
582 2379 745 2406 contumelia
754 2379 937 2414 impetiverat,
955 2385 958 2388 ‘

153 2429 202 2451 aut
213 2430 246 2451 eo
258 2423 330 2458 quod
341 2424 448 2452 caeteris
465 2431 561 2452 ansam
577 2425 694 2458 dederit,
709 2430 740 2453 ut
753 2425 780 2452 in
794 2430 938 2453 contume-

154 2469 197 2496 liis
207 2469 361 2504 iugerendis
371 2469 405 2497 ad
414 2477 556 2497 excessum
566 2471 701 2505 progressi
714 2471 832 2498 fuerint:
844 2479 939 2499 verum

152 2515 225 2550 quod
237 2515 321 2543 libere
335 2516 458 2550 proloqui
469 2516 537 2544 nihil
556 2517 653 2552 potuit,
671 2517 743 2545 unde
755 2517 828 2552 iuste
849 2526 939 2553 repre-

153 2561 237 2589 hendi
263 2562 387 2594 debeam,
404 2562 458 2589 imo
473 2563 524 2590 nisi
536 2571 631 2598 parum
646 2564 747 2592 distare
759 2565 793 2592 ab
806 2565 937 2594 encomiis

152 2608 358 2636 criminationes
366 2616 430 2636 suas
437 2609 568 2642 docuerit,
577 2611 661 2638 nolite
671 2618 734 2638 eum
745 2611 904 2645 exsibilare;
914 2613 938 2640 si

152 2662 204 2683 nec
216 2654 245 2683 id
257 2654 436 2690 demonstret,
456 2656 564 2685 silentio
579 2657 681 2685 indicto
706 2658 867 2687 modestiam
884 2659 937 2686 im-

987 823 1198 858 ἁναδύεται,καὶ
1207 824 1312 860 μήποτε
1327 823 1361 850 ἂν
1373 822 1494 850 τοιοῦτον
1509 822 1596 848 εἰπεῖν
1612 820 1673 848 καθ’
1684 820 1775 856 ἡμῶν,

986 869 1102 905 μηδ’ἐπὶ
1110 868 1174 896 νοῦν
1181 869 1274 896 λαϐεῖν
1286 877 1295 885 ι
1304 869 1412 903 πέφυκε
1424 867 1479 903 γὰρ
1489 866 1652 903 ἁμάρτημα,
1663 866 1776 894 δικαίων

985 915 1071 950 λόγων
1079 915 1199 950 ἐλέγχοις
1207 915 1295 949 ἀπογυ
1299 913 1365 949 μνού
1369 922 1459 949 μενον,
1466 914 1536 949 ἀοχη
1540 913 1651 949 μονέστε
1655 921 1701 948 ρον
1708 912 1777 948 μᾶλ-

984 961 1031 988 λον
1043 961 1201 996 ἢπρότερον
1213 959 1440 996 καταφαίνεσθαι,
1448 958 1517 986 ὥστε
1530 959 1590 995 μηδ’
1597 958 1672 994 αὺτῷ
1681 957 1721 994 τῷ
1730 966 1777 985 τε·

985 1007 1060 1034 κόντι
1074 1007 1163 1034 δοκεῖν
1171 1006 1294 1042 γνήσιον,
1305 1006 1363 1033 ἀλλ’
1375 1005 1413 1037 ὡς
1425 1005 1554 1032 νόθονκαὶ
1564 1003 1775 1040 ἁποτρόπαιονι·

987 1053 1120 1089 μάλιστα,
1139 1052 1190 1080 τοῦ
1214 1052 1366 1083 συνειδότος
1391 1053 1433 1089 τῷ
1460 1053 1577 1088 κέντρῳ,
1605 1052 1620 1079 δ
1639 1053 1673 1088 τῇ
1694 1051 1776 1087 φύσει

986 1098 1132 1133 πανσόφως
1143 1098 1158 1125 ὁ
1169 1098 1297 1134 Πλάστης
1308 1098 1439 1134 ἐνέθηκεν
1452 1099 1493 1131 είς
1504 1098 1554 1134 τὴν
1565 1098 1620 1125 τῶν
1630 1098 1776 1134 πρακτέων

985 1144 1187 1180 διεγειρομένου
1216 1144 1367 1179 διάϐλεψιν.
1388 1144 1438 1172 Ἂν
1462 1143 1509 1172 οὗν
1530 1145 1576 1172 διὰ
1595 1143 1681 1171 ταῦτα
1698 1144 1777 1171 οὺδέν

987 1191 1110 1221 ἐκείνων,
1126 1190 1182 1217 οὐδ’
1204 1190 1244 1222 είς
1270 1190 1333 1217 νοῦν
1353 1190 1442 1218 ἐλθεῖν
1464 1190 1633 1222 διατείνοιτο,
1653 1189 1722 1222 ἀλλ’,
1736 1188 1775 1221 ὡς

987 1236 1071 1268 εῑκὺς,
1091 1235 1140 1263 καὶ
1164 1236 1227 1268 τοὺς
1242 1236 1353 1263 πώποτε
1371 1237 1484 1264 τοιαῦτα
1504 1235 1722 1272 τετολμηκότας,
1735 1236 1777 1268 είς

987 1282 1121 1315 ἐκτύπους
1142 1283 1255 1319 μοίρας,
1276 1283 1324 1310 καὶ¹
1343 1284 1383 1315 είς
1396 1283 1465 1319 ἀρὰς
1484 1283 1592 1317 ἀπάγει·
1611 1282 1775 1319 opinamur

989 1328 1058 1363 πρὸς
1069 1329 1120 1363 τῆς
1132 1329 1224 1364 φιλίας
1235 1329 1320 1365 αὐτῆς
1333 1331 1490 1366 ἐρωτήσατε
1501 1329 1594 1362 αὐτὸν,
1606 1329 1640 1356 Τί
1652 1328 1776 1364 διαφέρει

988 1374 1053 1410 περὶ
1073 1374 1153 1410 ήμῶν
1173 1376 1262 1401 εἰπεῖν
1281 1375 1316 1402 τὰ
1338 1375 1481 1411 εἰρημένα,
1499 1374 1546 1402 καὶ
1559 1374 1591 1401 τὸ
1610 1374 1718 1409 λέγειν;
1733 1374 1776 1401 δτι

991 1419 1061 1455 μετὰ
1081 1420 1137 1448 τῶν
1163 1421 1301 1456 πολεμίων
1323 1420 1466 1456 γινόμεθα,
1493 1422 1541 1448 καὶ
1553 1420 1640 1456 φίλων
1671 1420 1776 1457 μεταξὺ

989 1467 1037 1495 καὶ
1050 1468 1156 1504 ἐχθρῶν
1165 1469 1197 1495 οὐ
1211 1468 1414 1503 διαστέλλομεν,
1426 1468 1475 1496 καὶ
1489 1468 1550 1495 τότε
1568 1468 1658 1502 τίνος;
1672 1467 1710 1504 (ὣ
1726 1469 1778 1503 τῆς

989 1514 1051 1543 καθ’
1070 1514 1150 1550 ἡμῶν
1166 1515 1324 1551 ἐπηρείαςί)
1340 1515 1425 1550 φίλων
1445 1515 1566 1550 Χριστοῦ
1595 1515 1644 1543 καὶ
1668 1514 1778 1551 ἐχθρῶν

989 1559 1107 1596 Χριστοῦ
1119 1567 1127 1574 ·
1146 1561 1188 1592 είς
1207 1560 1294 1587 ταῦτα
1313 1561 1367 1596 γὰρ
1387 1560 1557 1596 ἀποτελευτᾷ
1570 1560 1618 1593 τὸ,
1634 1559 1780 1596 βούλεσθαι

989 1606 1151 1640 καταλέγειν
1170 1605 1245 1641 ἡμᾶς
1265 1605 1304 1641 τῷ
1327 1606 1422 1642 κλήρῳ
1434 1606 1490 1633 τῶν
1509 1606 1580 1642 ὑπὲρ
1593 1605 1713 1642 Χριστοῦ
1724 1614 1780 1632 πα-

990 1652 1117 1688 σχόντων,
1132 1652 1179 1679 καὶ
1198 1652 1263 1683 τοὺς
1282 1652 1341 1687 ἄμα
1360 1652 1471 1688 Χριστῷ
1484 1650 1671 1687 πολεμοῦντας
1684 1652 1777 1687 ἡμᾶς’

988 1700 1014 1726 οἱ
1032 1699 1064 1726 τὺ
1084 1697 1154 1734 αἷμα
1169 1698 1221 1733 τῆς
1241 1698 1374 1734 διαθήκης
1388 1699 1471 1726 αὐτοῦ
1486 1699 1577 1727 κοινὸν
1606 1699 1779 1735 ἡγησάμενοι

989 1745 1052 1780 (ἶνα
1076 1744 1125 1772 νῦν
1143 1744 1178 1771 τὰ
1200 1744 1268 1771 ἄλλα
1296 1745 1387 1780 ἐάσω)
1404 1744 1439 1771 τὰ
1464 1744 1647 1781 θυσιαστήρια
1671 1745 1777 1781 Κυρίου

988 1790 1175 1827 ἐϐεϐήλωσαν,
1200 1790 1248 1817 καὶ
1272 1790 1304 1817 τὸ
1327 1790 1406 1824 ἅγιον
1434 1791 1550 1826 χρίσμα.
1580 1790 1680 1826 μᾶλλον
1697 1791 1727 1818 δὲ
1745 1791 1779 1818 τὸ

988 1836 1120 1871 πανάγιον
1137 1835 1261 1871 Πνεῦμα,
1273 1835 1307 1862 δι’
1319 1832 1350 1862 οῦ
1368 1836 1399 1862 τὸ
1411 1837 1527 1872 χρίσμα,
1544 1835 1776 1873 ἐξεμυκτήρισαν.

995 1883 1167 1919 Ἐρωτήσατε
1191 1880 1238 1909 οὖν
1265 1881 1368 1915 πάλιν,
1383 1881 1466 1914 ἀξιῶ,
1494 1882 1521 1909 τί
1544 1882 1667 1918 διαφέρει
1688 1882 1778 1909 ταῦτα

989 1928 1113 1960 ἐκείνων,
1129 1927 1199 1964 πλὴν
1211 1929 1252 1960 είς
1269 1928 1368 1960 κακίας
1387 1928 1556 1964 ὑπερϐολήν;
1572 1928 1624 1955 κᾶν
1644 1928 1694 1965 μιν
1703 1929 1777 1955 ἐκεί-

988 1983 1042 2002 νων
1056 1974 1131 2010 δείξῃ
1141 1973 1226 2001 ταῦτα
1240 1973 1406 2009 κουφότερα,
1422 1974 1473 2009 ἐμὲ
1486 1973 1536 2009 μέν
1550 1974 1644 2010 ληρεῖν
1660 1974 1699 2006 ὡς
1709 1974 1777 2010 ἀλη-

989 2019 1045 2052 θῶς
1062 2020 1211 2054 νομίσατε,
1233 2019 1337 2046 ἐκεῖνον
1356 2018 1386 2046 δέ
1403 2018 1509 2055 μυρίων
1524 2019 1669 2055 ἐγκωμίων
1690 2019 1777 2053 ἀξιώο

990 2073 1071 2092 σατε·
1086 2064 1176 2092 καίτοι
1192 2073 1234 2097 γε,
1250 2065 1299 2100 οὐχ
1311 2065 1352 2092 ὅτι
1364 2065 1530 2101 κουφότερον
1553 2064 1641 2092 ἄλλων
1651 2064 1775 2102 ὕϐρισεν,

954 2121 976 2150 ι)
989 2109 1150 2145 ἠγωνίζετο,
1171 2109 1225 2136 οὐδ’
1249 2110 1291 2136 ὅτι
1314 2110 1362 2136 καὶ
1376 2109 1480 2146 ἑτέροις
1496 2110 1651 2146 ὑπερϐολὴν
1669 2111 1778 2147 ὕϐρεων

991 2155 1201 2184 καταλέλοιπεν·
1224 2155 1282 2182 ἀλλ’
1296 2156 1336 2182 ὅτι
1356 2155 1434 2182 οὐδὲν
1456 2157 1495 2189 είς
1511 2156 1608 2192 μῶμον
1624 2157 1703 2192 ἡμῶν
1715 2158 1777 2185 δια-

991 2200 1084 2227 ϐαῖνον
1106 2200 1340 2236 ἐπαρρησιάσατο,
1367 2201 1424 2228 ἀλλ’
1448 2202 1522 2237 ὅμως
1536 2202 1569 2228 ἂν
1583 2201 1686 2229 ἐλάττω
1701 2203 1777 2240 δείξῃ

990 2246 1026 2273 τὰ
1040 2244 1124 2272 αὑτοῦ
1138 2246 1192 2273 τῶν
1205 2246 1360 2281 ἐγκωμίων,
1377 2247 1416 2283 μὴ
1429 2248 1611 2285 ἐκκηρύξητε.
1630 2249 1662 2276 Et
1677 2249 1706 2276 δὲ
1723 2258 1776 2285 μη-

991 2290 1036 2319 δὲν
1050 2291 1124 2328 δείξῃ
1138 2291 1233 2327 ὥσπερ
1246 2291 1306 2318 οὺδέ
1317 2291 1401 2324 δείξει
1421 2300 1465 2327 γε,
1491 2294 1596 2320 ἐκεῖνον
1620 2294 1671 2329 μὲν
1694 2295 1777 2329 σιγᾷν

992 2339 1204 2374 σωφρονήσατε·
1230 2338 1266 2365 τὰ
1289 2337 1344 2373 ἐμὰ
1358 2339 1388 2365 δέ
1406 2338 1602 2375 δυστυχήματα
1628 2339 1778 2367 κάντεῦεεν

992 2384 1202 2418 ἀναλογίζεσθε,
1224 2384 1284 2418 ὅτι,
1306 2384 1354 2411 καὶ
1382 2385 1487 2421 ἐχθρῶν
1512 2385 1668 2419 ἐπιϐουλὰς,
1690 2385 1778 2421 φίλων

992 2430 1201 2462 ἐπαναστάσεις,
1212 2430 1260 2457 καὶ
1273 2429 1443 2465 βλασφημίαι
1457 2430 1634 2466 διαδέχοντα..
1644 2431 1707 2463 Πῶς
1720 2431 1779 2467 γὰρ

992 2477 1007 2503 ὁ
1019 2476 1133 2503 τοιαῦτα
1145 2475 1232 2510 λέγων
1246 2475 1263 2511 ἢ
1274 2475 1381 2508 ἐννοῶν,
1394 2473 1439 2502 οἷα
1455 2475 1546 2510 λέγειν
1560 2477 1634 2512 ἡμᾶς
1648 2477 1694 2504 καὶ
1706 2486 1776 2512 φρο-

990 2522 1046 2549 νεῖν
1054 2522 1069 2548 ὁ
1082 2521 1165 2553 καλὸς
1174 2522 1278 2553 ἐκεῖνος
1292 2521 1369 2555 φίλος
1382 2521 1565 2554 ἀνεπλάσατο,
1578 2522 1629 2549 οὐκ
1642 2524 1681 2555 είς
1693 2523 1777 2557 ἐσχα-

989 2576 1035 2594 τον
1054 2568 1103 2603 μὲν
1123 2567 1216 2598 ἀνοίας
1231 2567 1353 2599 ἐλαύνει,
1376 2567 1466 2598 κοινὸς
1487 2567 1517 2593 δέ
1532 2568 1665 2603 προδότης
1685 2569 1779 2604 πάσης

990 2614 1050 2640 ἐστὶ
1059 2613 1109 2648 τῆς
1129 2612 1304 2648 Ἐκκλησίας,
1318 2613 1475 2649 ὑπερόπτης
1484 2613 1513 2640 δέ
1523 2614 1572 2640 καὶ
1588 2614 1719 2650 ὑϐριστὴς
1728 2617 1779 2641 καὶ

989 2659 1044 2686 τῶν
1060 2659 1203 2694 πατρικῶν
1217 2659 1405 2694 παραδόσεων,
1417 2660 1464 2688 καὶ
1477 2660 1562 2696 μύρια
1577 2660 1644 2688 ἄλλα
1659 2660 1779 2694 ἐκείνοις

808 2744 926 2773 νΑιιιίΕ
946 2744 1148 2773 LECTIONES.

193 2800 201 2820 ι
213 2801 337 2836 ὁρᾶσθαι.
