1940 3087
157 97 212 130 ’149
734 94 1002 128 EPISTOLARUM
1021 95 1137 125 LIBER
1157 95 1182 125 I:
1668 83 1670 85 ί
1725 94 1779 126 750

156 152 402 189 ὲμπεριείληπται*
425 152 596 189 ψευδολογία,
619 152 724 187 ἀπάτη,
739 152 879 184 δυσσεὸεἴς
895 152 942 178 καὶ

998 155 1086 186 perate
1107 159 1115 178 :
1134 150 1261 178 miseram
1281 149 1390 178 interim
1403 157 1492 178 meam
1509 154 1612 180 sortem
1628 151 1778 187 deplorate,

156 201 268 228 ἄπιστοι
294 199 434 235 λογισμοὶ,
456 200 543 235 μάχαι
568 198 637 236 πρὸς
661 199 790 232 ἑαυτοὺς,
806 199 854 226 καὶ
877 198 942 226 ἄλλο

998 202 1023 225 et
1039 197 1103 224 hine
1119 197 1242 227 recolite,
1269 196 1342 231 quod
1368 196 1482 225 sull‘erre
1497 204 1578 234 cogar
1607 198 1780 226 inimicorum

157 245 259 281 πλῆθος
277 245 375 278 κακίας
390 245 514 281 ἄπειρον.

998 242 1119 276 insidias,
1131 242 1280 271 amicorum
1296 242 1500 278 coniurationes
1520 248 1547 271 et
1561 244 1695 272 convicia.
1709 244 1782 272 Fieri

156 291 230 320 enim
258 292 304 327 qui
323 292 434 328 poterit,
457 296 487 319 ut
508 292 532 319 is
557 292 604 327 qui
628 291 781 319 taliusmodi
807 295 908 319 statuat
918 295 967 318 aut
981 290 1063 323 dicat,
1092 297 1152 325 quae
1168 289 1260 318 dicere
1279 297 1330 318 nos
1344 295 1372 317 et
1387 290 1489 318 sentire
1510 290 1599 318 bonus
1614 291 1658 318 ille
1677 291 1782 318 amicus

157 338 297 371 conﬁnxit,
308 346 362 366 non
377 343 498 366 extrema
508 338 613 366 laboret
625 338 740 372 insania,
755 342 784 366 et
795 338 947 366 communis
967 337 1077 373 quidem
1105 337 1234 366 Ecclesia:
1241 337 1374 372 proditor,
1393 342 1572 365 contemnens
1582 338 1782 365 etconeulcans

159 386 319 414 traditiones
350 387 436 414 avitas
464 386 607 418 habeatur,
628 393 736 415 necnon
765 386 901 415 sexcentis
917 386 1053 414 similibus
1079 385 1140 414 aliis
1156 385 1317 414 criminibus
1331 385 1493 420 involvatur,
1508 386 1657 415 mendaciis
1671 394 1781 422 nempe,

156 432 279 465 fallaciis,
294 433 445 468 impietate,
461 433 614 461 rationibus
622 441 719 469 parum
730 432 801 466 ﬁdis,
815 433 1065 462 concertationibus
1075 433 1187 465 mutuis,
1196 440 1228 460 ac
1242 433 1385 460 innumero
1394 432 1508 460 aliarum
1520 432 1688 468 impietatum
1698 438 1781 462 ccetu.

199 478 262 514 Ἆρ’
291 480 342 507 οὐκ
372 480 405 507 ἐκ
430 480 521 507 καλῶν
557 481 710 516 χρωμάτων
741 481 756 508 ὀ
781 480 865 512 καλός
890 480 942 512 ζω-

157 527 262 562 γράφος
296 526 346 561 τὴν
373 525 452 561 ἡμῶν
478 526 664 562 διεμόρφωσεν
689 523 791 559 ἓῖκόνα,
822 526 837 552 ὁ
860 526 945 562 μηδὲν

156 571 212 598 τῶν
234 571 345 606 φαύλων
368 571 434 607 περὶ
462 572 542 607 ἡμῶν
571 573 658 599 εἰπεῖν
681 572 943 608 ἀπισχυριζόμενοςς

157 618 214 644 ἀλλ’
231 618 257 644 εί
283 618 333 652 μὲν
352 618 503 653 ἁπλότητος
520 618 607 645 ταῦτα
621 638 629 651 ,
651 618 705 654 τῷ,
720 619 848 646 Γίνεσθε
873 619 947 654 φρό-

157 672 239 700 νιμοι
263 664 305 698 ὡς
331 666 359 692 οἱ
392 665 493 699 ὄφεις,
521 665 571 693 καὶ
591 665 722 699 ἀκέραιοι
747 666 787 699 ὡς
811 667 841 693 αἱ
868 673 948 700 περι-

158 710 281 744 στεραὶ,
310 709 357 738 τοῦ
381 711 484 746 Κυρίου
517 711 633 747 βοῶντος
661 710 839 747 πειθώμεθα³
865 713 892 739 εί
918 711 948 739 δὲ

157 756 346 793 κακουργίας,
370 757 453 784 αὑτοῦ
470 757 553 785 πάλιν
576 757 787 793 διακεκραγότος
812 757 947 793 μεταϐαλ-

157 803 279 839 λώι.ι.εθα⁸
311 803 383 831 Ἐὰν
412 803 455 839 μὴ
482 804 636 838 στραφῆτε
666 803 716 831 καί
742 803 871 839 γένησθε
905 805 947 838 ὡς
961 793 982 821 Β

158 850 194 878 τὰ
219 850 341 883 παιδία,
359 851 396 878 οὐ
414 849 455 884 μὴ
469 849 625 884 εἰσέλθητε
642 850 686 882 εις
707 849 765 884 τὴν
780 850 946 882 ,βασιλείαν

157 895 216 923 τῶν
241 895 389 930 οὐρανῶν.
415 895 542 923 Μάλιστα
570 895 801 930 συνεπιστάμενοι
834 893 878 923 οἷα
905 895 945 931 τῷ

159 942 362 974 σκανδαλίζοντι
374 941 421 968 ἕνα
433 941 488 968 τῶν
498 941 647 977 ἐλαχίστων
658 941 781 975 ἀδελφῶν
793 941 810 977 ἠ
823 941 947 977 τιμωρία

158 988 312 1015 ἀπόκειται.
330 988 362 1014 Et
375 987 403 1014 δὲ
417 988 431 1014 ὁ
448 986 631 1019 σκανδαλίζων
647 987 705 1020 ἕνα,
718 987 768 1023 τὴν
782 987 858 1023 δίκην
874 988 947 1015 ἀπα-

159 1034 294 1069 ραιτήτως
309 1033 502 1069 εἰσπράττεται
521 1034 536 1060 ὁ
552 1034 633 1061 σείων
646 1033 711 1069 ὃλην
728 1034 775 1061 καὶ
791 1035 946 1062 ἀνασκευά-

153 1080 214 1112 -ζων
243 1079 425 1113 Ἐκκλησίαν,
451 1079 533 1106 αὐτὸν
558 1079 663 1107 ἐκεῖνον
686 1081 787 1107 ἐννοεῖν
810 1080 946 1116 καταλιμσ

160 1125 248 1157 πάνω,
271 1125 373 1160 ἡλίκων
392 1125 488 1151 ἑαυτὸν
506 1125 656 1152 ὑπεύθυνον
673 1126 821 1160 ἀποφαίνει
835 1126 945 1153 κακῶν·

158 1167 198 1197 ὧν
221 1170 264 1206 εῐη
283 1170 402 1204 Χριστοῦ
418 1170 528 1197 πάντων
551 1171 630 1206 ἡμῶν
654 1172 734 1207 χεῖρα
749 1172 946 1207 ὑικρέχοντος,

162 1216 256 1251 μηδεὶς
267 1215 368 1251 ἔνοχος.
384 1216 455 1243 Ἀλλ’
466 1217 555 1244 ἐκεῖνο
564 1217 622 1248 πῶς
632 1217 791 1252 ἀναλγήτως
803 1219 852 1245 καὶ
863 1218 948 1254 χωρὶς

159 1261 285 1297 δακρύων
309 1261 385 1293 οίσω,
407 1262 432 1288 εί
449 1262 508 1297 μὲν,
527 1262 575 1294 οὓς
596 1270 689 1298 φησιν,
706 1263 736 1290 οὺ
751 1264 791 1291 δεῖ
811 1264 946 1299 δέχεσθαι,

159 1307 278 1341 δέχοιτο,
293 1306 319 1333 τί
335 1307 373 1342 μὴ
388 1308 446 1342 μετ’
457 1307 568 1334 ἐκείνων
586 1308 743 1343 γινώμεθα;
759 1309 790 1335 Et
804 1308 834 1336 δὲ
850 1310 887 1345 μὴ
903 1309 948 1336 δέ·

161 1360 235 1388 χοιτο
261 1353 336 1387 φόϐῳ
358 1353 407 1387 τῆς
427 1353 579 1388 μελλούσης
600 1355 753 1390 τιμωρίας,
773 1356 820 1383 καὶ
835 1355 948 1388 ἄκοντες

160 1399 210 1434 τὴν
226 1399 366 1434 παροῦσαν
379 1399 521 1426 εὐσέϐειαν
535 1399 711 1436 φυλαξόμεθα
722 1409 728 1416 '
744 1402 808 1437 περὶ
823 1402 852 1429 δὲ
867 1401 948 1435 Θεοῦ,

160 1441 184 1471 ὦ
209 1444 346 1479 βέλτιστε,
373 1446 438 1481 περὶ
456 1445 485 1473 δὲ
514 1446 652 1480 πίστεως,
670 1446 735 1482 περὶ
758 1447 788 1474 δὲ
813 1447 868 1474 τῶν
890 1448 984 1495 sitsic

160 1491 379 1527 δικαιωτηρίων,
405 1491 471 1527 mp}.
494 1492 739 1529 ouvstdﬂcemcﬂe,
756 1493 825 1520 ἀλλὰ
850 1495 950 1529 περὶω

161 1536 302 1572 ἀληθείας,
328 1537 394 1572 περὶ
408 1526 567 1574 δὲγγνώμης
583 1526 743 1571 εύσταθοῦς,
764 1539 828 1575 περὶ
840 1539 869 1566 δὲ
887 1526 950 1567 τού-

162 1592 216 1610 των
239 1583 327 1617 οὐδὲν,
349 1583 421 1620 λήθῃ
439 1584 529 1611 πάντα
542 1584 560 1619 ἡ
577 1583 715 1619 Χάρυὸδις
731 1584 851 1612 λαϐοῦσα
867 1585 950 1611 κατέ-

162 1638 235 1657 πιεν.
256 1629 326 1664 Ἐγὼ
346 1630 375 1657 δὲ
391 1629 546 1657 τούναντίον
562 1629 595 1657 ἂν
610 1629 692 1658 αὑτὸν
711 1630 758 1657 καὶ
777 1631 885 1665 φρονεῖν
903 1631 950 1657 καὶ

161 1675 251 1709 λέγειν
264 1676 359 1710 ἠξίουν
371 1684 378 1692 ·
394 1675 432 1708 ὡς
444 1675 526 1712 εἴπερ
535 1675 582 1708 οὒς
595 1676 625 1702 οὐ
643 1676 683 1703 δεῖ
696 1676 823 1712 δέχεσθαι
837 1677 948 1712 δέχοιτο,

162 1721 263 1754 πάντες
278 1722 336 1757 ἅμα
351 1722 430 1757 τορόν
449 1730 477 1748 τι
499 1712 547 1749 καὶ
570 1721 731 1757 διαπρύσιον
751 1723 948 1758 ἐμὸοήσωμεν,

164 1767 232 1802 μηδέ
243 1776 285 1799 τις
300 1768 343 1802 είη
359 1767 472 1802 μηδενὸς
490 1767 592 1801 φειδὼ,
613 1767 651 1804 μὴ
663 1768 797 1803 πατρικοῦ
817 1768 899 1796 πόθου
921 1769 951 1795 ὲν

161 1808 184 1846 ᾧ
204 1813 393 1848 σεμνυνόμεθα
403 1833 411 1847 ,
436 1813 475 1849 μὴ
488 1814 537 1848 τῆς
553 1813 746 1849 προσηκούσης
760 1814 902 1847 εὺλαόείας
916 1815 951 1850 ἢν

161 1859 299 1894 πατράσιν
320 1860 414 1895 νέμειν
427 1860 472 1887 ἀεὶ
486 1859 675 1895 δεδιδάγμεθα.
699 1859 767 1896 μηδέ
781 1860 854 1893 τινος
867 1861 951 1896 ἄλλης

161 1903 254 1935 αἰδοῦς
279 1904 313 1939 ἥν
328 1904 393 1940 περὶ
415 1904 497 1931 αὑτὸν
523 1905 760 1940 συνετηρήσαμεν,
778 1905 847 1933 ἀλλὰ
865 1906 951 1933 ταῦτα

161 1950 252 1977 πάντα
280 1951 422 1986 πόρῤωθεν
446 1951 527 1986 ὴμῶν
548 1951 753 1984 ἀπελάσαντες,
773 1951 842 1988 ὅπερ
865 1952 949 1988 ἔφην,

160 1996 304 2030 διωλύγιον
323 1996 526 2033 ὲμὸοησόμεθα.
542 1996 575 2023 Τί
589 1997 677 2024 ταῦτα
688 1997 786 2029 ποιεῖς,
803 1997 949 2033 ἄνθρωπε;

161 2043 208 2068 ποῖ
221 2041 311 2078 φέρῃ;
325 2042 351 2068 τί
365 2042 393 2068 δὲ
404 2042 516 2069 σεαυτὸν
533 2042 641 2077 ἐχθροῖς
653 2042 761 2076 ἀγνοεῖς
771 2042 949 2078 ἑγχειρίζων;

159 2088 186 2114 τί
205 2088 268 2119 τοὺς
289 2087 368 2123 ἡμῶν
393 2088 492 2120 ἄθλους
507 2088 548 2120 είς
564 2088 661 2121 ὕθλους
673 2087 838 2124 salve-(mu;
856 2089 882 2116 τί
896 2089 950 2116 τῶν

1032 480 1131 508 Verum
1151 480 1173 507 si
1194 487 1249 508 non
1276 480 1386 515 optimis
1417 480 1555 508 coloribus
1590 482 1678 516 pictor
1703 489 1782 518 egre-

996 526 1056 561 gius
1079 531 1200 554 nostram
1215 527 1294 554 nobis
1319 526 1466 562 imaginem
1477 527 1634 562 delineavit,
1647 528 1693 563 qui
1708 533 1783 556 tanta

996 572 1167 600 vehementia
1179 577 1326 606 asseverat,
1344 573 1413 600 nihil
1425 580 1455 600 se
1465 573 1527 600 mali
1537 573 1565 600 in
1578 581 1629 601 nos
1639 574 1784 609 aliquando

995 617 1155 652 protulisse;
1166 618 1214 646 sed
1226 618 1347 651 omnino,
1360 618 1382 645 si
1394 626 1410 646 a
1420 626 1527 646 morum
1539 619 1710 654 simplicitate
1721 627 1783 655 pro-

995 662 1154 691 ﬁciscuntur
1167 664 1231 696 ista,
1246 664 1319 692 dicto
1332 663 1370 691 illi
1387 664 1541 693 Servatoris
1553 665 1783 700 obtemperemus,

996 709 1142 737 Prudentes
1159 715 1239 737 estote
1250 710 1316 737 sicut
1330 715 1472 746 serpentes,
1490 711 1641 738 innocentes
1654 716 1742 738 autem
1755 717 1784 739 ut

996 757 1164 789 columbae“,
1185 756 1329 784 credamus
1351 756 1388 784 ita
1410 764 1472 786 esse
1488 767 1495 785 :
1510 757 1584 793 quod
1607 758 1629 784 si
1651 757 1785 785 malitiam

997 801 1118 830 indicare
1140 802 1294 836 videantur,
1312 807 1451 831 mutemus
1473 803 1648 836 sententiam,
1670 808 1697 831 et
1722 811 1785 832 cum

995 848 1092 875 eodem
1113 848 1224 876 Christo
1246 849 1387 882 dicamus,
1409 849 1469 876 Nisi
1490 850 1606 877 conversi
1626 850 1738 885 fueritis,
1761 855 1786 877 et

995 894 1067 928 ﬁatit
1082 894 1148 921 sicut
1163 894 1286 929 parvuli,
1302 902 1355 922 non
1376 895 1511 923 innabilis
1530 895 1558 922 in
1578 904 1688 932 regnum
1710 896 1787 923 calo-

996 947 1056 965 rum
1066 939 1097 966 η.
1118 939 1255 974 imprimis
1274 939 1297 966 si
1317 939 1517 967 recoluerimus
1539 939 1702 974 supplicium
1719 939 1787 967 illud

997 984 1146 1020 repositum
1157 989 1253 1013 contra
1267 992 1330 1012 eum
1342 985 1388 1020 qui
1399 985 1623 1013 scandalizaverit
1638 985 1682 1013 vel
1700 993 1787 1013 unum

996 1038 1012 1058 e
1026 1031 1129 1065 pusillis
1142 1030 1283 1058 fratribus.
1297 1030 1326 1058 Si
1340 1035 1433 1059 autem
1454 1031 1483 1058 in
1497 1038 1571 1062 eum,
1586 1031 1632 1066 qui
1645 1031 1687 1058 vel
1700 1038 1787 1059 unum

997 1083 1030 1103 ex
1052 1075 1105 1103 illis
1121 1076 1297 1110 scandalizet,
1315 1084 1396 1111 poena
1415 1076 1590 1105 inexorabilis
1607 1076 1750 1113 irrogetur,
1763 1077 1789 1105 is

997 1121 1043 1156 qui
1070 1129 1231 1149 concussam
1257 1122 1356 1150 evertit
1379 1122 1535 1151 universam
1559 1121 1717 1155 Ecclesiam,
1741 1130 1787 1151 re-

997 1170 1075 1200 putet
1095 1166 1167 1201 apud
1183 1174 1212 1194 se
1229 1171 1297 1201 quot
1312 1174 1342 1194 se
1357 1167 1434 1194 malis
1453 1175 1528 1194 reum
1542 1167 1673 1195 involvit:
1687 1166 1788 1202 quibus

997 1211 1065 1238 faxit
1080 1211 1161 1244 Deus,
1178 1216 1208 1239 ut
1222 1219 1304 1239 nemo
1322 1216 1447 1239 nostrum
1462 1210 1499 1239 sit
1512 1211 1660 1244 obnoxius,
1676 1212 1787 1240 Christo

997 1264 1109 1284 manum
1140 1257 1301 1292 adjutricem
1335 1263 1363 1286 et
1399 1258 1592 1293 protec'tr‘icem
1619 1258 1786 1294 porrigente.

998 1303 1067 1331 Illud
1080 1307 1172 1331 autem
1190 1312 1361 1339 nequaquam
1380 1304 1440 1332 sine
1455 1305 1582 1340 lacrymis
1603 1305 1646 1332 vel
1664 1305 1723 1333 sine
1738 1305 1789 1334 do-

998 1349 1055 1378 lore
1069 1349 1209 1382 sull'eram,
1227 1350 1250 1377 si
1267 1350 1329 1378 illos
1349 1350 1474 1377 admittat
1497 1355 1526 1378 et
1547 1350 1582 1378 ad
1608 1357 1639 1378 se
1663 1350 1788 1385 recipiat.

998 1403 1067 1430 quos
1080 1395 1206 1424 Christus
1228 1396 1312 1424 edicit
1337 1404 1394 1424 non
1411 1396 1602 1431 recipiendos,
1620 1395 1648 1423 in
1672 1403 1790 1431 quorum

999 1449 1113 1469 numero
1129 1442 1224 1477 quidni
1238 1447 1266 1470 et
1279 1450 1331 1470 nos
1351 1442 1425 1477 ipsos
1448 1442 1550 1470 habet?
1566 1441 1645 1476 Quod
1671 1442 1695 1470 si
1722 1441 1790 1470 tales

1001 1486 1046 1514 ille
1063 1491 1174 1523 propter
1195 1491 1298 1516 metum
1318 1487 1402 1516 futuri
1417 1487 1512 1523 iudicii
1528 1495 1584 1516 non
1598 1488 1723 1524 recipiat,
1739 1495 1791 1516 nos

1000 1534 1043 1561 vel
1059 1534 1227 1562 reluctantes
1244 1539 1274 1562 et
1293 1534 1371 1562 inviti
1393 1534 1523 1570 pietatem
1546 1535 1574 1562 in
1588 1535 1684 1570 Deum,
1708 1543 1791 1571 quam

1000 1585 1163 1616 prmsentem
1175 1581 1310 1615 fovemus,
1323 1581 1458 1610 exculturi
1482 1589 1577 1610 sumus
1589 1591 1596 1609 :
1606 1583 1791 1610 verumenim-

1000 1635 1076 1661 vero,
1089 1627 1123 1655 de
1141 1628 1207 1660 Deo,
1230 1627 1272 1655 vir
1288 1628 1402 1663 optime,
1425 1628 1460 1656 de
1482 1628 1546 1661 ﬁde,
1563 1627 1655 1656 futuro
1675 1628 1790 1664 judicio,

1000 1672 1034 1700 de
1049 1673 1227 1706 conscientia,
1239 1674 1365 1707 veritate,
1386 1674 1521 1701 sententia
1544 1675 1681 1702 constanti
1700 1682 1791 1710 neque

1001 1718 1084 1752 ﬂuxa,
1096 1727 1124 1746 et
1146 1719 1282 1748 similibus
1305 1720 1373 1747 nihil
1388 1719 1508 1747 habeat:
1525 1719 1670 1747 dicendum
1691 1725 1733 1748 est
1749 1720 1789 1747 le-

1003 1765 1066 1793 theo
1084 1766 1215 1801 voragine
1229 1766 1390 1802 Charybden
1414 1766 1505 1793 omnia
1531 1765 1714 1793 absorbuisse.
1733 1766 1791 1801 Ego

1001 1816 1092 1839 autem
1119 1813 1245 1848 optarim,
1270 1816 1299 1840 ut
1322 1813 1490 1840 contrarium
1515 1820 1578 1841 cum
1604 1812 1713 1845 sentiat,
1732 1817 1791 1840 tum

1001 1859 1083 1885 etiam
1094 1859 1219 1893 loquatur
1234 1868 1242 1886 ;
1259 1860 1297 1887 ita
1321 1863 1362 1892 ut,
1381 1859 1404 1887 si
1427 1867 1497 1894 quos
1516 1866 1569 1887 non
1587 1859 1693 1893 debuit,
1712 1858 1747 1886 ad
1761 1865 1791 1886 se

1001 1903 1126 1938 recipiat,
1155 1904 1226 1932 elata
1248 1911 1316 1931 voce
1335 1908 1364 1932 et
1388 1903 1460 1932 clara
1488 1908 1554 1932 tunc
1581 1911 1678 1931 omnes
1702 1903 1791 1930 accla~

1001 1957 1119 1983 memus,
1134 1958 1186 1978 nec
1195 1950 1340 1986 quisquam
1361 1950 1425 1978 inde
1441 1949 1603 1985 excipiatur,
1629 1957 1665 1977 ne
1679 1949 1791 1985 quidem

1000 1997 1091 2024 obstet
1106 2002 1250 2032 paternum
1274 1996 1440 2025 desiderium
1462 1996 1535 2031 quod
1559 1997 1650 2032 magni
1669 1996 1791 2024 solemus

1000 2042 1137 2071 azstimare
1153 2052 1160 2070 :
1177 2051 1234 2070 non
1260 2043 1306 2070 illa
1329 2042 1483 2071 reverentia
1505 2050 1587 2078 quam
1606 2042 1739 2071 docemur
1761 2043 1791 2071 in

1001 2093 1129 2124 parentes
1157 2096 1267 2124 semper
1293 2089 1426 2117 adhibere
1452 2099 1460 2117 :
1488 2097 1543 2117 non
1570 2089 1641 2117 alius
1674 2089 1792 2123 quilibet

161 2132 346 2160 εὺσεὸούντων
374 2134 514 2169 αίσχύνεις
540 2134 571 2161 τὸ
596 2134 757 2170 σύνταγμας
785 2135 811 2162 τί
839 2136 868 2163 δὲ
894 2136 948 2163 τῶν

1001 2135 1100 2171 pudor,
1114 2143 1195 2170 quem
1212 2143 1308 2163 versus
1339 2136 1414 2163 illum
1440 2136 1632 2169 observamus;
1659 2136 1707 2163 sed
1732 2135 1791 2163 hee

161 2178 267 2214 ἐχθρῶν
277 2179 403 2215 ἐπαίρεις
416 2179 447 2206 τὸ
466 2180 610 2215 φρόνημα;
627 2180 746 2209 Τοιαῦτα
761 2181 843 2208 αὐτὸν
858 2182 946 2216 ἔγωγε

162 2222 324 2255 σπουδάζειν
351 2224 451 2259 μᾶλλον
476 2224 511 2252 ἄν
529 2225 659 2261 ἧλπιζον,
683 2227 711 2253 εί
725 2228 752 2254 τί
778 2237 812 2263 με
834 2229 949 2264 παρολι-

160 2268 281 2296 σθαίνειν
305 2269 464 2306 ᾐσθάετοιι,
493 2271 550 2298 ἀλλ’
573 2272 631 2307 οὐχ’
651 2270 695 2300 οἷα
713 2273 778 2306 νῦν,
798 2275 949 2307 παιζόντων

160 2314 274 2349 γνώμας
303 2315 493 2351 μιμούμενος,
522 2316 728 2353 διαπράττεται.
761 2319 894 2348 Ἤλπιζον
921 2321 949 2348 δὲ

162 2361 282 2394 κάκεῖνο,
304 2361 343 2393 ὡς
364 2361 391 2388 εῐ
409 2361 452 2394 τίς
467 2371 533 2389 ποτε
551 2363 606 2390 τῶν
625 2363 731 2399 ἐχθρῶν
745 2364 847 2398 ταύτας
865 2366 949 2394 αὐτοῦ

159 2405 209 2437 τὰς
225 2406 316 2440 φωνὰς
335 2407 404 2442 πρὸς
423 2407 506 2434 αὑτὸν
521 2408 672 2445 ἐτόλμησεν
689 2410 817 2444 ἀφεῖναι,
842 2411 949 2446 μυρίοις

159 2451 194 2478 ἂν
208 2453 290 2480 αὑτὸν
305 2453 411 2489 βάλλων
426 2453 551 2487 ἐξεδίωξε
562 2456 620 2486 τοῖς
634 2455 731 2488 λίθοις,
744 2456 892 2485 ἀπατεῶνα
902 2459 950 2485 καὶ

159 2497 281 2534 ψεύστην
298 2497 369 2535 [καὶ]
394 2499 527 2532 τοιούτοις
549 2499 639 2535 λόγοις
665 2501 837 2530 διαπλύνων·
858 2504 951 2540 ἀνέχε-

161 2543 224 2570 σθαι
247 2544 301 2580 γὰρ
330 2545 384 2571 τῶν
400 2545 489 2578 άλλως
505 2546 580 2582 ἡμᾶς
597 2547 811 2580 ὲξουθενούντων
834 2558 950 2586 προστε-

159 2589 306 2623 ταγμένον,
328 2590 369 2618 ὃτι
383 2594 396 2609 ο
414 2591 462 2619 τοῦ
482 2593 572 2627 πράου
588 2593 638 2620 καὶ
657 2594 799 2630 είρηνικοῦ
817 2596 948 2632 μαθηταὶ,

159 2635 200 2666 τίς
214 2638 228 2659 P
253 2634 346 2662 πίστιν
360 2635 390 2662 δὲ
414 2636 612 2673 ἐξυϐριζόντων
633 2639 722 2671 οὐδεὶς
745 2639 780 2671 ᾇν
802 2641 949 2676 ἀνάσχοιτο

212 2701 235 2718 ¹¹
246 2701 340 2730 Matth.
351 2704 436 2737 ι,16.
472 2705 494 2722 ¹¹
508 2705 603 2734 Matth.
619 2715 697 2741 xvnl,
712 2707 738 2735 3.

1000 2181 1092 2209 omnia
1119 2181 1276 2217 longissime
1301 2189 1317 2210 a
1345 2182 1425 2210 nobis
1441 2182 1622 2215 revolventes,
1649 2181 1723 2217 quod
1745 2182 1790 2209 di-

998 2229 1104 2262 cebam,
1121 2233 1230 2257 extenta
1247 2236 1315 2257 voce
1331 2230 1509 2257 inclamemus
1523 2239 1529 2256 :
1544 2228 1579 2255 Mi
1596 2229 1687 2260 homo,
1703 2236 1789 2264 quor-

997 2282 1059 2303 sum
1084 2275 1136 2302 ista
1161 2275 1198 2303 ita
1223 2275 1335 2311 patras?
1359 2282 1415 2311 quo
1437 2275 1544 2303 delatus
1568 2275 1644 2303 abis?
1671 2283 1720 2302 cur
1738 2282 1788 2310 per

998 2319 1181 2355 ignorantiam
1197 2324 1223 2348 te
1245 2321 1273 2347 in
1296 2321 1416 2348 hostium
1442 2327 1541 2347 manus
1561 2320 1697 2355 conjieis?
1721 2320 1788 2355 quid

998 2371 1093 2394 nostra
1107 2368 1258 2394 certamlna
1280 2367 1352 2394 inter
1364 2371 1529 2402 nugamenta
1542 2367 1690 2395 numeras?
1702 2375 1789 2403 quor-

997 2420 1058 2440 sum
1070 2413 1178 2448 piorum
1192 2420 1356 2441 consensum
1373 2412 1476 2440 ltedas?
1490 2421 1621 2448 quorsum
1633 2413 1733 2441 attollis
1747 2414 1789 2443 sic

999 2458 1112 2487 hostiles
1141 2458 1274 2493 spiritus?
1298 2457 1375 2486 Talia
1398 2466 1449 2495 ego
1471 2459 1509 2486 illi
1532 2459 1591 2487 l‘ore
1615 2460 1687 2487 inter
1706 2468 1788 2489 curas

998 2505 1100 2539 primas
1115 2504 1314 2538 existimabam,
1326 2505 1349 2532 si
1365 2505 1393 2532 in
1409 2505 1501 2540 aliquo
1521 2513 1565 2533 me
1585 2505 1787 2533 exorbitantem

997 2549 1234 2585 deprehendisset,
1253 2550 1345 2586 potius
1358 2559 1440 2586 quam
1454 2555 1484 2579 ut
1503 2551 1676 2579 illudentium
1696 2555 1789 2587 gestus

997 2596 1162 2625 imitaretur.
1188 2596 1347 2632 Sperassem
1373 2597 1498 2630 ulterius,
1523 2597 1596 2633 quod
1622 2598 1644 2625 si
1660 2597 1694 2625 de
1718 2597 1788 2625 meis

998 2642 1119 2670 inimicis
1131 2643 1230 2678 aliquis
1244 2643 1304 2671 illas
1325 2643 1397 2680 ipsas
1411 2651 1493 2673 voces
1512 2644 1671 2680 protulisset
1694 2650 1787 2672 coram

798 2765 914 2793 VARIAS
934 2765 1137 2795 LEGTIONES.

197 2821 217 2835 ¹²
231 2818 277 2846 καὶ
291 2818 319 2845 δὲ
334 2820 380 2847 καὶ
396 2819 471 2855 περί.

524 2826 536 2840 ιι
552 2820 594 2847 lo‘.
611 2821 755 2856 ὴσθάνετο.
796 2827 808 2842 ο
826 2824 867 2851 ίσ.
891 2823 958 2852 ἐστι.

999 2829 1012 2850 Ρ
1026 2824 1070 2852 τσ.
1087 2823 1180 2861 ἐσμεν.
