1940 3087
157 94 207 128 751

157 152 229 187 ipso,
245 159 305 186 qua:
320 154 384 180 sunt
393 159 426 179 an
442 151 488 179 illo
507 154 654 186 usurpatae.
670 149 791 186 lapidum
814 149 875 177 illos
892 150 943 176 im-
958 153 981 180 Α

158 198 206 225 bre
219 198 355 226 obruisset
369 203 495 232 tanquam
519 197 705 232 dcceptorem,
721 196 892 228 mendacem,
916 200 942 223 et

157 241 274 270 similem
289 242 419 270 conviciis
430 241 578 277 prolutum.
594 241 661 268 Nam
677 248 739 269 cum
754 240 903 268 habeamus
915 239 943 267 in

157 289 292 316 mandatis
317 288 377 315 illos
395 287 511 315 tolerare
531 288 577 322 qui
600 294 651 315 nos
675 287 743 314 alias
758 286 806 314 vili
828 285 941 316 faciunt,

156 339 299 368 propterea
313 333 384 369 quod
399 333 473 361 illius
489 333 615 369 discipuli
638 333 735 365 simus,
757 333 803 368 qui
825 331 899 360 mitis
916 336 944 359 et

156 380 286 415 paciﬁcus
309 384 555 412 commemoratur.
572 384 691 407 attamen
717 379 762 407 ille
787 378 943 407 tolerandus

155 434 211 454 non
234 432 293 458 est,
318 426 365 461 qui
396 426 476 453 ﬁdem
505 426 702 462 transgreditur
729 424 911 453 Christianam
933 432 941 451 :

154 472 280 499 Christus
303 475 377 499 certe
402 472 528 507 ipsemet,
545 473 592 507 qui
616 472 708 499 omnia
732 471 760 499 in
784 479 814 499 se
843 470 942 498 delicta

153 518 331 553 aquanimice
346 518 452 546 ferebat
471 525 523 546 nec
540 518 739 550 ulciscebatur,
761 517 822 545 Illos
840 521 941 548 tamen.

159 564 204 598 qui
227 564 335 591 domum
359 564 401 591 sui
426 564 527 596 Patris,
548 564 655 591 domum
681 564 851 591 reddiderant
877 572 942 591 cau-

153 610 319 644 ponantium,
331 617 385 637 non
395 610 456 638 sine
471 610 538 638 dura
547 615 576 638 et
585 610 740 638 vehementi
754 609 942 645 objurgatione

152 657 255 691 eiectos
271 657 334 685 inde
349 657 490 690 deturbat;
505 662 533 686 et
543 665 591 685 eos
607 658 653 693 qui
668 657 698 685 in
722 656 854 693 Spiritum
880 665 942 685 san-

152 708 229 730 ctum
244 711 309 732 suas
323 704 429 739 linguas
441 705 621 737 exacuebant,
631 704 731 739 duplici
743 704 860 732 condicit
874 711 940 731 con-

151 750 329 781 deiunationi,
343 750 412 784 ignis
424 750 554 777 nimirum
576 750 603 776 in
628 749 731 781 futuro.
753 754 782 777 et
793 750 889 777 esuriei
914 751 941 777 in

152 796 280 831 praesenti
306 795 420 826 saeculo.
439 803 500 823 cum
520 795 679 824 Judaeorum
700 796 797 824 civitas
817 796 941 824 funditus

152 842 418 870 cxscindcretur:et
443 842 508 869 alibi
526 842 716 870 vehementius
735 842 939 870 excandescens

152 888 310 922 pronuntiat
332 887 451 914 futuram
468 894 516 914 eos
527 894 634 922 pmnam
651 894 707 914 non
720 894 862 921 evasuros,
874 887 940 915 licet

152 933 232 959 etiam
245 931 359 959 ulterius
373 936 536 966 przesentem
557 931 685 958 tulerant.
707 931 759 959 Sed
783 939 844 967 ego,
867 932 939 967 quod

149 981 272 1012 apparet,
296 977 342 1012 qui
366 976 510 1011 sperabam
534 976 623 1008 aliter,
647 972 692 1004 me
709 976 743 1003 ad
763 977 938 1004 cnectionem

150 1031 198 1058 per
212 1024 311 1051 famem
327 1023 493 1051 refovebam.
511 1022 579 1055 Quis
592 1029 657 1058 ergo
666 1030 710 1050 me
726 1023 855 1051 thronum
870 1031 938 1051 cou-

148 1069 324 1097 scendentem
342 1067 602 1103 archiepiscopalem
613 1086 622 1099 ,
638 1071 666 1094 et
682 1067 877 1103 principatum,
909 1068 937 1095 in

149 1122 246 1142 manus
262 1115 390 1142 traditum
405 1113 490 1141 totius
514 1116 542 1141 et
558 1113 666 1141 consilii
688 1117 717 1141 et
734 1113 850 1142 actionis
865 1114 938 1142 reci-

148 1164 268 1197 pientem
283 1161 409 1193 intuitus,
423 1159 463 1187 illi
486 1159 688 1188 insusurravit?
711 1159 846 1196 ejusmodi
863 1162 937 1189 enim

147 1215 210 1234 cum
221 1215 301 1235 voces
324 1211 381 1234 tum
403 1205 609 1242 disquisitiones
630 1207 722 1242 impia:
745 1211 819 1240 sunt,
834 1211 862 1235 et
873 1214 936 1243 erga

147 1253 207 1281 illos
223 1252 385 1281 adhibendae
399 1256 476 1285 sunt,
498 1252 547 1288 qui
565 1252 743 1280 moderamen
763 1256 792 1280 et
815 1253 937 1281 habenas

145 1299 336 1334 gubernandas
348 1298 491 1334 splendide
501 1302 530 1326 et
546 1298 646 1326 illustri
657 1298 739 1326 modo
751 1303 934 1334 acceperunt:

145 1351 173 1373 et
190 1346 236 1381 qui
261 1346 289 1374 in
307 1346 411 1374 bonum
430 1345 571 1381 publicum
597 1345 697 1372 throno
718 1345 891 1380 praesident:
908 1349 937 1373 et

145 1391 193 1419 ubi
208 1391 242 1419 ad
267 1399 355 1428 genua
373 1392 511 1427 provoluti
534 1391 735 1426 abjiciebantur
757 1391 934 1426 puenitentes,

144 1438 190 1473 qui
213 1437 338 1465 tellurem
361 1438 546 1471 lacrymarum
573 1437 639 1465 rivis
666 1437 826 1472 irrigabant.
845 1445 878 1465 ac
899 1437 934 1465 ad

144 1484 306 1512 movendam
332 1483 547 1511 misericordiam
572 1484 657 1510 multa
682 1483 885 1518 loquebantur:
903 1491 969 1530 acc

143 1533 188 1568 qui
204 1533 238 1560 ad
248 1532 331 1560 tinem
343 1539 429 1568 usque
440 1540 489 1567 pro
502 1531 618 1559 veritate
630 1535 658 1558 et
677 1531 779 1559 virtute
793 1535 932 1559 certamen

143 1580 242 1607 initum
267 1579 439 1606 sustinebant
463 1577 672 1613 splendentibus
690 1577 800 1605 coronis
821 1577 934 1605 lemnis-

142 1625 304 1655 estbsedent
321 1632 383 1651 cum
399 1624 507 1651 Christo
522 1623 703 1658 iudicantium
718 1622 808 1651 sortiti
832 1623 933 1656 locum,

142 1679 258 1707 quorum
271 1678 411 1699 nonnemo
430 1670 464 1698 ad
493 1669 742 1698 commiserandum
765 1678 934 1706 congeneres

141 1718 192 1746 sibi
219 1717 345 1745 feruntur
361 1726 368 1744 :
384 1716 494 1752 quidam
530 1716 575 1744 alii
603 1715 739 1751 aequitatis
767 1716 870 1744 nullam
889 1717 933 1745 vel

141 1764 280 1792 canonica
301 1764 443 1799 potestatis
467 1763 602 1791 rationem
630 1763 776 1796 habentes,
802 1764 851 1792 sed
873 1769 934 1792 tan-

140 1817 222 1846 quam
241 1811 288 1846 qui
308 1810 423 1846 iustitiae
445 1810 542 1838 oculos
567 1810 601 1838 ad
619 1809 772 1838 faciendam
796 1809 932 1846 justitiam

140 1864 291 1893 provocare
308 1857 409 1884 vellent
425 1865 433 1883 τ
448 1860 523 1884 certe
541 1863 611 1892 opus
622 1860 664 1884 est
687 1861 717 1884 ut
742 1857 796 1890 hic,
815 1857 860 1886 hic
886 1857 932 1885 in-

139 1909 232 1937 quam,
253 1903 276 1929 sl
291 1901 402 1933 alicubi,
421 1901 485 1930 talia
498 1902 609 1930 obtendi
625 1902 753 1935 debeant,
774 1903 846 1939 apud
869 1903 932 1931 illos

139 1948 302 1983 praesertim,
316 1948 363 1982 qui
382 1948 410 1975 in
436 1948 483 1975 illo
507 1948 603 1976 ordine
627 1948 858 1977 constituuntur:
874 1957 930 1977 non

140 1993 166 2019 in
183 1993 236 2019 vita
251 1991 390 2027 praesenti,
405 1999 460 2019 non
475 1992 546 2028 apud
562 2000 610 2020 eos
624 1993 670 2028 qui
687 1993 769 2025 fame.
785 2001 859 2022 nunc
873 1994 929 2027 siti,

139 2037 272 2065 custodiis
295 2042 323 2064 et
350 2037 481 2065 miserum
493 2037 603 2073 quidem
628 2039 656 2066 in
683 2038 795 2066 modum
816 2038 930 2066 interci-

139 2083 262 2118 piuntur,
279 2082 312 2110 de
324 2082 380 2110 vita
407 2090 457 2110 sua
485 2083 682 2118 periclitantes.
713 2083 752 2110 Ad
772 2083 833 2110 illos
856 2083 930 2110 enim

138 2132 244 2163 spectat
260 2128 408 2163 deputatus
430 2128 544 2163 justitim
571 2128 657 2160 locus,
676 2127 785 2163 judicii,
799 2129 930 2155 condem-

139 2175 270 2208 nationis,
286 2175 457 2203 remissionis
473 2179 580 2210 tempus
597 2181 697 2208 nempe
712 2174 834 2202 futurum
849 2174 928 2208 illud,
946 2171 968 2199 D

137 2226 233 2249 etnon
249 2221 300 2249 hoc
313 2228 445 2256 praesens.
463 2222 522 2253 Ast,
536 2228 553 2248 o
573 2225 601 2248 tu
624 2221 697 2248 bone
713 2221 755 2248 vir
776 2226 805 2248 et
834 2221 930 2249 bellis-

137 2269 218 2299 sime,
237 2268 259 2295 si
291 2267 440 2303 recipiendi
468 2275 522 2295 non
547 2272 622 2300 sunt,
649 2267 744 2303 quidni
779 2271 806 2295 te
830 2267 930 2303 pudeat

137 2321 200 2340 cum
224 2313 277 2341 illis
295 2313 510 2341 connumerari?
534 2317 563 2340 et
582 2321 645 2341 cum
667 2314 756 2349 possis
782 2318 930 2341 coronatus

136 2366 307 2394 comparere,
316 2366 380 2387 cum
389 2359 504 2395 captivis
516 2359 594 2387 malis
609 2360 749 2396 aggregari
769 2369 775 2387 ι
790 2367 840 2396 per
853 2367 930 2387 som-

137 2405 214 2432 nium
229 2405 344 2433 aliorum
365 2406 564 2434 humanitatem
582 2407 695 2434 laudare
705 2427 713 2439 .
725 2414 787 2434 cum
799 2407 837 2434 sis
848 2406 928 2441 longe

135 2451 170 2478 ab
187 2451 232 2479 illa
252 2452 357 2480 caelesti
381 2453 535 2487 nobilitate,
551 2459 579 2481 et
600 2454 685 2482 libera
705 2453 863 2481 conditione
884 2461 928 2480 se-

135 2502 237 2530 motus,
258 2499 342 2526 etiam
371 2503 400 2526 et
417 2500 580 2534 proditionis
609 2500 682 2527 illius
716 2508 790 2528 reus.
808 2499 927 2527 Verum-

136 2549 228 2571 tamen
245 2544 269 2571 si
286 2551 349 2571 cum
375 2543 429 2571 illis
451 2546 559 2572 censeri
592 2553 647 2573 non
678 2545 820 2574 ferebatur
836 2549 927 2580 turpe.

135 2595 283 2626 cognoscat
293 2590 366 2625 quod
382 2596 508 2619 versatur
533 2592 606 2627 apud
627 2592 688 2621 illos
709 2593 811 2623 animo.
828 2600 843 2619 a
860 2600 929 2627 quo-

133 2644 195 2664 rum
210 2636 268 2665 v'ita
283 2636 415 2664 abhorret
436 2643 464 2665 et
487 2639 642 2667 actionibus
655 2660 662 2671 ,
689 2643 718 2666 et
743 2639 819 2666 illum
839 2639 929 2666 hono-

133 2687 176 2711 rat
186 2690 306 2719 gregem,
319 2683 363 2710 cui
378 2690 428 2718 pro
456 2684 614 2720 pastoribus
630 2685 721 2720 ’Iupos
736 2691 857 2720 praeesse
871 2691 929 2719 prae

723 94 855 125 ΡΗΟΤΠ
875 94 1129 125 PATRIARCHJE
1148 94 1203 124 CP.

1729 93 1783 126 752

995 150 1057 177 ἐπεὶ
1068 150 1125 177 «at
1139 149 1221 181 αὐτὸς
1234 148 1317 177 τᾶλλα
1333 148 1429 184 πράως
1450 148 1541 185 φέρων
1554 149 1601 176 καὶ
1619 149 1657 186 μὴ
1678 149 1781 186 ἀμυνό-

995 204 1092 231 μενος,
1109 195 1173 228 τούς
1188 204 1220 222 τε
1238 196 1291 223 τὸν
1305 195 1451 229 πατρικὸν
1471 193 1573 229 οἶκον,
1592 193 1676 227 οἷκον
1693 196 1782 232 ἐμπο-

990 241 1059 276 ρίας
1074 241 1171 269 ποιεῖν
1183 240 1422 275 ἀπονοηθέντας,
1439 241 1508 276 μετά
1522 241 1641 277 σφοδρᾶς
1652 243 1703 277 τῆς
1722 243 1781 270 επι-

992 286 1132 322 τιμήσεως
1151 286 1255 313 ἐκεῖθεν
1276 286 1417 321 ἀπήλααν
1435 286 1483 312 καὶ
1505 286 1569 318 τοὺς
1590 286 1632 318 είς
1647 286 1679 313 τὸ
1703 286 1781 322 ἅγιον

993 331 1107 367 Πνεῦμα
1115 331 1164 368 τὴν
1174 331 1299 365 γλῶσσαν
1309 331 1462 364 όξύνοντας,
1475 331 1572 367 διπλὴν
1582 331 1633 366 τὴν
1645 331 1781 367 τιμωρίαν

993 376 1229 414 ἀπειλησαμενος,
1254 377 1340 413 πυρὸς
1365 376 1415 412 μὲν
1436 377 1553 404 ἐνταῦθα
1579 377 1626 404 καὶ
1645 377 1781 413 μαχαίρας

992 424 1072 459 ἔργον
1086 424 1134 451 καὶ⁸
1144 423 1226 458 λιμοῦ
1239 423 1291 458 τὴν
1303 423 1382 450 πόλιν
1394 422 1544 459 αὖτανδρον
1558 423 1716 459 ἐποιήσατο,
1733 424 1781 451 καὶ

991 470 1042 506 τὴν
1059 470 1209 505 μέλλουσαν
1224 469 1254 496 δὲ
1268 469 1299 496 οὐ
1313 469 1484 504 διεκφυγιῖν,
1502 468 1536 496 δι’
1556 465 1594 497 ὧν
1612 469 1662 504 τὴν
1676 469 1782 505 παροῦ-

993 524 1043 544 σαν
1060 518 1130 552 μετὰ
1144 516 1245 552 πολλῆς
1263 517 1313 549 τῆς
1326 517 1412 553 όργῆς
1427 516 1584 551 ἐξήνεγκεν,
1598 515 1780 544 ἐπιστώσατο.

998 564 1067 591 ’Δλλ’
1080 562 1137 598 ἐγὼ
1151 563 1201 599 μὲν
1211 563 1351 595 τοιαύταις
1365 563 1472 590 ελπίσιν
1484 561 1614 597 ὲμαυτδν,
1628 562 1666 594 ὼς
1681 561 1779 595 ἔοικεν,

992 611 1032 642 εἰς
1056 610 1136 646 λιμὸν
1161 609 1294 646 ἔτρεφονσ
1319 609 1364 641 τίς
1381 617 1445 636 ποτε
1466 608 1496 636 δὲ
1521 608 1576 644 ἄρα
1597 607 1653 634 τῶν
1677 607 1780 643 θρόνων

992 655 1141 688 ἐπιϐάντας
1161 655 1237 691 ἡμᾶς
1260 655 1315 682 τῶν
1333 654 1551 690 ἀρχιερατικῶν,
1568 654 1616 681 κιτιλ⁸
1641 653 1672 681 τὸ
1696 653 1782 690 κύρος

992 695 1100 736 ἀπάᾶης
1124 701 1252 737 πράξεως
1276 701 1326 728 καὶ
1352 700 1507 736 βουλήσεως
1535 699 1777 736 ὲγχειρισθέντας,

991 747 1066 783 αὐτῷ
1095 748 1301 784 κατεμήνυσεν;
1332 748 1361 773 αι
1390 747 1446 782 γὰρ
1472 746 1597 774 τοιαῦται
1615 747 1705 782 φωναὶ
1731 746 1780 774 καὶ

991 793 1120 830 ζητήσεις
1133 794 1244 829 ἁνίαραι
1253 813 1261 826 ,
1282 793 1330 821 καὶ
1343 793 1386 820 δεῖ
1402 799 1417 819 ιι
1431 801 1503 820 τισιν
1525 793 1611 825 αὐτὰς
1627 793 1697 825 ὅλως
1711 801 1780 829 προ-

989 841 1135 874 τείνεσθαι,
1152 842 1210 872 τοῖς
1223 840 1273 872 τὰς
1285 840 1366 876 ἡνίας
1383 839 1518 876 λαμπρῶς
1532 839 1584 875 ἤδη
1601 840 1649 866 καὶ
1661 848 1781 876 περιφα-

989 887 1043 918 νῶς
1069 886 1119 922 τῆς
1140 887 1228 922 ἀρχῆς
1245 885 1439 922 ἑπανειληφόσι
1450 906 1458 919 ,
1472 885 1521 912 καὶ
1543 886 1590 912 ἐπὶ
1604 884 1696 913 κοινοῦ
1710 894 1780 921 προ-

988 933 1183 969 καθεζομένοις
1196 932 1243 960 τοῦ
1261 932 1383 969 βήματος
1392 941 1400 948 ·
1422 933 1536 960 καὶτῶν
1553 933 1603 969 μὲν
1616 932 1777 969 ἡμαρτηκό-

987 988 1043 1007 των
1064 980 1112 1007 επὶ
1127 980 1193 1014 γόνυ
1216 980 1372 1015 κειμένων,
1388 980 1435 1007 καὶ
1450 979 1562 1013 πολλοῖς
1583 979 1633 1015 μὶν
1655 980 1707 1016 τὴν
1727 979 1780 1015 γῆν

987 1025 1105 1061 δάκρυσι
1130 1025 1300 1061 βρεχόντων,
1318 1025 1406 1053 πολλά
1426 1026 1455 1053 δι
1477 1026 1524 1053 ἐπὶ
1540 1025 1608 1061 ἐλέῳ
1623 1025 1778 1060 λεγόντων·

987 1071 1044 1099 τῶν
1067 1071 1097 1098 δὲ
1113 1071 1197 1107 μέχρι
1211 1071 1306 1103 τέλους
1327 1071 1378 1106 τῆς
1396 1071 1497 1107 ἀρετῆς
1518 1071 1631 1106 καὶτῆς
1649 1070 1780 1107 ἀληθείας

987 1115 1219 1152 ὑτιερηθληκότων
1234 1116 1303 1152 μετὰ
1321 1115 1457 1152 λαμπριῖιν
1474 1116 1530 1143 τῶν
1551 1116 1692 1150 στεφάνων
1714 1124 1781 1150 συγ-

987 1162 1181 1197 καθεζομένων
1192 1182 1200 1195 ,
1221 1162 1269 1190 καὶ
1288 1162 1343 1189 τῶν
1357 1162 1493 1190 δικαστῶν
1515 1162 1565 1198 τὴν
1578 1163 1656 1196 τάξιν
1670 1161 1781 1194 διακλη-

987 1209 1138 1245 ρουμένων,
1153 1208 1202 1236 καὶ¹
1214 1208 1269 1236 τῶν
1282 1209 1331 1244 μὲν
1343 1209 1389 1235 ἐπὶ
1402 1207 1570 1244 συγγνώμην
1579 1208 1628 1236 τοῦ
1641 1208 1780 1244 όμοφυοῦς

987 1255 1212 1290 ὑποφερομένων,
1234 1253 1290 1280 τῶν
1308 1253 1337 1280 δὲ
1356 1253 1404 1280 τοῦ
1420 1254 1479 1281 [σου
1500 1254 1548 1281 καὶ
1566 1253 1617 1289 τῆς
1631 1254 1779 1289 κανονικῆς

986 1300 1148 1333 αὐθεντειας
1165 1300 1249 1336 μηδὲν
1264 1301 1431 1336 επιπροσθὲν
1447 1299 1620 1336 ποιουμένων
1631 1320 1640 1333 ,
1661 1299 1720 1327 ἀλλ’
1734 1296 1780 1327 οἷα

985 1347 1065 1383 δίκης
1088 1347 1248 1383 ὀφθαλμοὺς
1274 1347 1315 1380 είς
1328 1347 1380 1383 τὴν
1398 1347 1446 1374 τοῦ
1467 1347 1574 1375 δικαίου
1592 1346 1675 1381 φύσιν
1689 1346 1780 1373 πάντα

986 1393 1264 1430 καταρῥυθμιζόντων
1276 1401 1283 1409 ·
1296 1393 1358 1421 τότε
1376 1394 1416 1426 δὲ,
1445 1393 1524 1426 τότε,
1544 1393 1570 1420 εί
1594 1393 1674 1428 θέμις
1693 1392 1778 1424 ποτὶ,

985 1439 1079 1476 χώραν
1102 1439 1161 1475 ἔχει
1172 1440 1207 1467 τὰ
1220 1439 1336 1467 τοιαῦτα
1351 1439 1557 1475 προτείνεσθαι,
1574 1439 1624 1466 καὶ
1636 1439 1692 1469 τοῖς
1705 1438 1780 1465 ὲκεί-

985 1494 1036 1522 νην
1050 1486 1101 1522 τὴν
1114 1485 1192 1522 λῆξιν
1204 1485 1406 1513 καταλαδοῦσιν
1416 1493 1423 1500 ·
1438 1485 1497 1514 ἀλλ’
1512 1485 1574 1521 οὐχὶ
1584 1485 1635 1512 νῦν
1646 1484 1706 1512 οὐδὲ
1721 1485 1780 1516 τοῖς

985 1531 1059 1568 λιμῷ
1071 1532 1120 1559 καὶ
1132 1532 1215 1567 δίψει,
1228 1532 1276 1559 καὶ
1289 1532 1437 1566 φυλακαῖς,
1450 1532 1498 1559 καὶ
1511 1532 1623 1569 μυρίαις
1634 1531 1779 1559 ὲναθλοῦσι

984 1578 1197 1614 ταλαιπωρίαις,
1221 1579 1270 1605 καὶ
1284 1578 1331 1605 τὸν
1348 1578 1414 1613 περὶ
1428 1579 1518 1614 ψυχῆς
1533 1578 1628 1613 ἀγῶνα
1647 1578 1757 1614 ἔχουσιν
1769 1586 1777 1594 ·

984 1624 1101 1656 ἐκείνοις
1121 1625 1176 1660 γὰρ
1190 1626 1205 1651 δ
1226 1625 1292 1660 περὶ
1309 1624 1427 1660 κρίσεως
1446 1625 1494 1653 καὶ
1513 1625 1706 1661 κατακρίσεως
1728 1624 1778 1652 καὶ

984 1670 1110 1705 ἀφέσεως
1137 1669 1227 1704 λόγος,
1253 1671 1302 1697 καὶ
1324 1671 1339 1697 ό
1361 1670 1458 1705 καιρὸς
1479 1671 1600 1703 ἐκεῖνος,
1618 1669 1677 1697 ἀλλ’
1695 1670 1747 1705 οὐχ
1763 1669 1778 1696 ὀ

984 1716 1091 1752 παρὼν,
1110 1715 1284 1752 ἀφορίζεται.
1305 1716 1387 1749 ¹Αλλ’,
1402 1713 1425 1744 ὥ
1438 1716 1504 1744 καλὲ
1519 1717 1567 1744 καὶ.
1586 1716 1682 1752 ἀγαθὲ,
1696 1717 1720 1743 sl.
1738 1716 1778 1752 μὴ

983 1763 1024 1790 δεῖ
1037 1762 1176 1798 δέχεσθαι,
1189 1762 1250 1795 πῶς
1261 1763 1312 1790 οὐκ
1323 1762 1442 1801 αίσχύνῃ
1458 1763 1518 1797 μετ’
1532 1763 1647 1790 ἐκείνων
1661 1764 1777 1790 συντάτ-

983 1809 1097 1843 τεσθαις
1112 1809 1162 1836 καὶ
1171 1809 1232 1836 ἑνδν
1247 1810 1453 1845 στεφανηφόρον
1462 1809 1590 1844 ὀφθῆναι,
1605 1811 1661 1841 τοῖς
1674 1811 1779 1845 αίχμα-

983 1855 1079 1888 λώτοις
1091 1855 1324 1892 ιγκαταλέγεσθαι
1335 1864 1344 1890 ;
1358 1857 1405 1883 καὶ
1416 1856 1466 1891 τὴν
1478 1855 1582 1891 ἑτέρων
1593 1856 1777 1891 ὀνειροπολεῖν

983 1901 1203 1938 φιλανθρωπίαν,
1220 1901 1272 1937 τῆς
1282 1902 1385 1930 ἄνωθεν
1400 1901 1540 1936 εὐγενείας
1554 1902 1601 1928 καὶ¹
1619 1902 1778 1938 ἐλευθερίας

982 1946 1086 1983 γυμνὸν
1109 1947 1157 1974 καὶ¹
1177 1947 1312 1983 προδότην
1334 1946 1431 1974 ἑαυτὸν
1453 1946 1686 1982 καταστήσαντα·
1709 1947 1734 1973 εί
1753 1947 1777 1973 δ’

981 1993 1033 2020 οὐκ
1044 1992 1159 2029 αἰσχρὸν
1173 1993 1267 2028 ἠγεῖτο
1285 1992 1494 2024 συντάττεσθαι,
1508 1991 1574 2024 lcet.
1594 1992 1643 2019 σὺν
1659 1993 1778 2024 ἐκείνοις

981 2038 1021 2065 ὥν
1043 2040 1076 2074 τῇ
1093 2038 1209 2073 γνώμῃ.
1225 2035 1263 2065 ὥν
1280 2037 1393 2074 ἔξαρνος
1410 2038 1544 2073 ὑπάρχεις
1563 2038 1615 2073 τῆς
1629 2039 1775 2074 πράξεωςε

981 2085 1028 2111 καὶ
1047 2085 1157 2120 ἐκείνην
1178 2083 1269 2120 τιμῶν
1281 2084 1332 2119 τὴν
1346 2083 1464 2119 ἀγέλην,
1485 2082 1521 2119 ἦς
1537 2084 1598 2111 ἀντὶ
1614 2084 1753 2119 ποιμένων
1763 2089 1776 2103 ι’

981 2131 1080 2163 λύκους
1096 2131 1188 2166 λέγεις
1204 2129 1388 2166 προΐστασθαι
1399 2138 1407 2146 ⁸
1422 2130 1446 2157 εί
1463 2130 1556 2165 βούλει
1568 2130 1597 2156 δὲ
1611 2130 1659 2157 καὶ
1671 2130 1727 2156 τῶν
1745 2131 1777 2157 ἐν

981 2177 1050 2212 αὐτῇ
1063 2178 1141 2204 ἐνίων
1155 2176 1237 2204 πλέον
1250 2175 1354 2211 ταύτην
1369 2176 1522 2211 περιέπεις.
1538 2175 1573 2202 Et
1587 2176 1621 2211 γέ
1633 2185 1707 2208 τινες
1725 2177 1778 2211 μὲν

983 2223 1088 2255 αὐτῶν,
1115 2223 1205 2250 καίτοι
1234 2222 1342 2258 σώματι
1370 2222 1513 2254 συνόντες,
1544 2222 1592 2249 τοῦ
1623 2222 1777 2254 συνειδότος

982 2269 1083 2301 αὐτοὺς
1104 2268 1297 2301 στασιάζοντος
1315 2268 1377 2300 ταῖς
1391 2267 1526 2303 γνώμαις,
1548 2269 1623 2304 ὅμως
1645 2267 1777 2300 ὀκλάζου-

984 2324 1044 2343 σιν·
1070 2315 1103 2343 σὺ
1118 2315 1148 2343 δὲ
1167 2315 1216 2342 καὶ
1237 2315 1292 2351 πρὸ
1311 2315 1358 2342 τοῦ
1387 2314 1558 2350 συναφθῆναι
1583 2315 1623 2351 τῷ
1648 2316 1774 2350 σώματι,

982 2362 1123 2398 λογισμοῖς
1139 2362 1187 2388 καὶ
1206 2361 1306 2398 γνώμῃ
1329 2360 1491 2394 σπουδάζεις
1517 2362 1721 2389 συνάπτεσθαιυ
1744 2363 1777 2388 τὸ

982 2407 1048 2442 γοῦν
1073 2407 1124 2443 τῆς
1141 2407 1265 2442 συναφῆς
1287 2407 1429 2441 ἐλλεῖπον,
1449 2407 1537 2436 δειλία
1558 2410 1609 2436 οὐκ
1630 2408 1776 2439 εὐσέϐεια.

981 2453 1097 2488 αἰσχύνη
1115 2453 1147 2479 οὐ
1164 2453 1335 2489 προαίρεσις.
1351 2453 1399 2486 Τίς
1412 2454 1459 2481 οὖν
1472 2455 1487 2481 ό
1500 2454 1661 2490 δεχόμενος,
1679 2456 1693 2482 ό
1710 2456 1777 2490 μηδ’

981 2500 1047 2536 ὕναρ
1063 2500 1145 2526 τοῦτο
1161 2499 1400 2536 παραδεξάμενος·
1421 2500 1438 2537 ἢ
1456 2501 1497 2532 ὃς,
1513 2501 1555 2528 ὃτι
1572 2501 1609 2537 μὴ
1627 2502 1708 2537 μέχρι
1726 2502 1777 2529 νῦν

980 2547 1048 2582 πρὸς
1070 2546 1194 2578 ἐκείνους
1209 2546 1339 2573 ἀπέκλινε
1351 2567 1358 2579 ,
1383 2547 1423 2582 τῷ
1443 2547 1520 2582 φόϐῳ
1534 2548 1586 2583 τὴν
1601 2548 1691 2574 αἰτίαν
1710 2549 1777 2575 ἀνέ-

980 2591 1047 2625 θηκε
1058 2611 1066 2621 .
1085 2592 1133 2619 καὶ
1152 2593 1183 2618 τὸ
1200 2592 1249 2618 σὺν
1269 2593 1327 2624 τοῖς
1349 2592 1457 2629 ἐχθροῖς
1473 2593 1705 2628 καταισχύνεσϐαι
1718 2615 1725 2625 ,
1741 2594 1777 2620 ἂν

982 2638 1020 2672 μὴ
1034 2637 1072 2673 δῷ
1084 2638 1135 2673 τὴν
1147 2638 1227 2673 δίκην
1239 2638 1364 2674 ὕστερον,
1381 2641 1510 2674 κρεῖσσον
1521 2640 1629 2674 ἡγεῖται
1641 2639 1688 2666 τοῦ
1703 2641 1777 2674 μετὰ

978 2684 1032 2710 τῶν
1048 2685 1157 2711 οἰκείων
1183 2685 1273 2712 διόλου
1297 2685 1507 2721 θαυμάζεσθαι·
1527 2687 1551 2713 εί
1575 2687 1613 2722 μὴ
1636 2686 1677 2714 δεῖ
1693 2686 1777 2722 δέχε-

784 2763 900 2791 νΑῐίΙιΕ
921 2763 1124 2792 LECTIONES.

168 2822 183 2842 ιι
202 2818 247 2844 ισ.
265 2819 290 2845 εί
306 2819 363 2845 καί.
406 2823 415 2837 ⁷
431 2820 505 2850 τούς.
