1940 3087
143 138 195 170 ’ῖ53

717 119 985 173 Eplsromnuu
1004 142 1121 173 LIBER
1138 143 1165 174 ι.

1708 143 1763 176 ’154

145 194 217 227 σθαι,
233 194 276 227 τίς
287 193 320 222 ἂν
333 194 490 231 δεξάμενος,
505 195 567 222 ἀντὶ
582 194 629 222 τοῦ
644 195 734 222 δοκεῖν
745 197 867 232 ἑτέρως,
881 196 929 229 οὓς

981 204 1008 225 se
1021 197 1109 232 palam
1120 197 1182 225 fert.
1197 197 1271 230 Quos
1282 197 1369 225 multo
1384 197 1472 234 magis
1479 196 1573 226 fovere
1583 199 1762 234 eomperitur,

143 239 193 267 οὐκ
208 239 296 273 ἔξεστι
310 239 450 276 δέχεσθαι,
467 241 569 276 μᾶλλον
582 240 678 268 ἑαυτὸν
689 241 803 274 ἐκείνοις
817 243 848 269 οὐ
865 251 929 270 συν-

144 285 317 320 απολέσειενς
331 287 361 313 οὺ
376 286 431 323 γὰρ
446 286 481 315 τά
494 287 605 322 ῥήματα
616 287 716 322 βελτιοῖ
736 287 786 320 τὰς
802 287 928 325 πράξεις,

144 331 189 358 διὰ
204 331 233 358 δὲ
257 332 312 359 τῶν
328 332 417 368 ἔργων
438 334 596 361 συνίσταται
611 334 658 361 καὶ
675 334 711 362 τὰ
725 335 846 371 ῥήματα.
861 332 928 362 Εἶτα

145 375 178 403 ἀν
189 385 233 410 τις
248 377 309 404 ἰδὼν
319 377 431 414 λῃστὰς,
445 379 462 414 ἢ
473 379 578 407 πόλεων
592 380 736 416 προδότας,
753 380 805 408 ὑπὸ
816 381 926 408 πάντων

146 420 197 457 μὲν
208 421 446 459 βδελυσσομένους,
461 425 528 452 πᾶσι
538 425 567 451 δὲ
576 425 800 462 μυσαττομένους
809 434 818 442 ·
833 426 928 454 ἔπειτα

145 467 227 499 αὐτὸς
240 468 344 496 τούτων
355 469 423 501 τέως
433 470 553 505 καθαρὸς
566 471 708 507 ὑπάρχων,
719 473 925 509 φαντασιοκοπῇ

145 513 194 541 καὶ
210 513 285 549 λέγοι
309 515 377 551 πρὸς
401 516 448 543 τὸν
462 517 617 553 κρατοῦντα
629 518 694 550 τοὺς
707 518 817 554 νόμους,
837 519 863 545 ει
880 519 929 554 μὶν

145 558 192 591 οὓς
215 560 392 598 ἀναιρεθῆναι
408 563 486 595 δέον,
508 563 621 596 τούτους
644 564 836 600 ἀτιμωρήτους
861 564 927 601 ἐᾷς,

144 605 170 632 τί
192 607 229 642 μὴ
246 606 343 635 θᾶττον
361 608 484 646 λῃπεύω
504 610 553 637 καὶ
576 610 710 646 προδότης
732 610 859 646 γίνομαι,
885 611 930 639 ῐνα

145 652 313 689 συγγνώμης
328 655 402 691 τύχω
414 664 422 671 ·
438 655 472 683 ἂν
485 656 514 683 δὲ
529 656 607 692 δίκην
621 657 740 693 ἀπαιτῇς
749 677 758 691 ,
775 657 850 693 φόϐῳ
863 657 929 684 ταύ-

145 706 206 733 της,
225 699 346 732 ἐκείνους
361 701 392 728 οὐ
413 701 588 737 μιμήσομαι*
607 701 642 729 ἂν
660 702 707 730 οὖν
726 711 770 735 τις
785 702 929 738 παρελθὼν

145 742 259 771 τοιαῦτα
275 744 360 780 λέγοι,
376 744 421 782 ἆρ⁸
436 746 510 774 ἐστιν
528 747 603 780 ὅστις
617 748 668 775 οὐκ
682 748 716 775 ἂν
730 748 815 776 αὑτοῦ
838 757 930 785 παρα-

145 789 233 826 φορὰν
242 791 290 818 καὶ
302 791 459 829 ἀρρωστίαν
471 793 594 829 γνώμης,
610 793 658 821 καὶ
667 793 753 829 μυρία
766 793 835 821 ἄλλα
844 802 930 821 κατα-

144 835 223 871 γνοίη
234 845 242 869 ;
254 837 281 863 τί
301 836 331 863 δὲ
347 836 454 864 ἐκείνου
471 838 521 873 μὲν
537 837 652 870 ἕκαστος
665 839 721 865 τῶν
736 839 798 866 νοῦν
814 839 929 875 ἐχόντων

144 882 369 917 καταγνώσεται,
386 881 420 910 ἀν
447 871 478 910 δέ
493 892 546 916 τις,
567 883 630 910 ἀντὶ
646 883 696 919 μὲν
716 871 855 919 πρώοτῶν
879 884 932 911 π6‹
946 871 966 899 Β

143 926 224 960 λεως,
238 927 372 964 προδότας
391 927 522 962 πίστεως,
538 929 600 956 ἀντὶ
619 929 649 957 δὲ
668 929 774 966 λῃστῶν
797 930 930 966 σωμάτων

144 971 245 1007 λῃστὰς
261 971 340 999 θείων
356 972 447 1009 νόμων
463 974 503 1006 εἰς
515 973 598 1009 μέσον
614 974 734 1011 παράγοι
748 983 755 991 ·
771 975 868 1003 ἔπειτα
881 975 931 1008 τὰς

143 1016 230 1049 αὐτὰς
246 1017 338 1052 φωνὰς
351 1018 512 1055 ἀνακρὰζῃ,
532 1020 593 1055 οὐχὶ
606 1019 657 1055 τὴν
672 1020 734 1056 ῑσην
753 1020 836 1048 αὐτὸν
849 1021 867 1057 ἢ
884 1021 932 1049 καὶ

145 1062 259 1098 μείζονα
274 1062 364 1099 ψῆφον
377 1064 454 1100 παρά
466 1073 500 1099 γι
511 1065 565 1092 τῶν
579 1066 802 1102 σωφρονούντων,
814 1067 931 1102 ἀπενεγ-

143 1110 204 1136 κεῖν
218 1109 386 1145 οίησόμεθας
410 1110 496 1146 χωρὶς
521 1110 551 1137 δὲ
573 1110 627 1138 τῶν
643 1111 816 1147 ιίρημὲνων,
839 1112 864 1139 el
881 1113 931 1147 μὲν

143 1155 200 1186 τοῖς
215 1155 451 1191 ὲκκλησιαστικοῖς
471 1155 582 1191 θεσμοῖς
596 1155 646 1188 τὰς
659 1156 774 1192 πράξεις
790 1156 912 1185 ίθύνουσι
921 1177 930 1191 ,

143 1199 186 1232 τίς
219 1200 260 1227 δεῖ
283 1201 339 1228 τῶν
367 1200 491 1236 ἀκαίρων
521 1199 681 1237 ζητήσεων,
709 1202 758 1229 καὶ
790 1201 932 1238 λογισμοῖς

143 1246 273 1276 παλαίειν
292 1247 340 1274 καὶ
354 1247 573 1282 ἀποπνίγεσθαι;
589 1248 658 1276 ἀλλὰ
671 1249 710 1285 μὴ
724 1249 822 1278 θᾶττον
841 1251 932 1279 αὐτῶν

144 1293 193 1329 τῆς
204 1293 302 1330 μοίρας
312 1294 456 1330 γινόμενος
467 1294 567 1330 πολλὴν
577 1294 627 1331 τὴν
637 1295 803 1332 συγγνώμην
815 1297 931 1330 ὶξαιτεῖς

145 1339 194 1374 τῆς
220 1338 403 1376 βραδύτητος;
419 1340 445 1367 εἰ
466 1340 488 1367 δ’
506 1341 538 1368 ὲκ
554 1340 664 1377 θεσμῶν
684 1341 774 1378 ἔργων
792 1342 932 1378 ὑπηρέτας

145 1383 292 1412 ἐπίστασαι
300 1404 309 1418 ,
323 1385 351 1412 τί
368 1385 622 1422 πολυπραγμονεῖςς
637 1386 670 1414 ἀν
681 1395 711 1414 τε
723 1387 804 1415 δῶσιν
816 1387 933 1416 ἐνταῦθα

144 1429 234 1466 δίκην,
252 1429 286 1458 ἀν
298 1439 329 1457 τε
346 1432 399 1467 μή;
412 1432 447 1459 ἃν
463 1432 514 1468 μὲν
528 1432 583 1468 γὰρ
597 1432 691 1466 δῶσιν,
704 1433 818 1469 ἄμεινον
828 1434 931 1467 ἕξουσι,

145 1477 180 1513 τῇ
195 1477 316 1514 τιμωρίᾳ
327 1478 378 1513 τὴν
388 1478 528 1514 ἁμαρτίαν
542 1479 770 1515 ὲκκαθαιρόμενοι
780 1487 788 1496 ·
802 1480 835 1507 ἂν
849 1480 877 1507 δὲ
893 1481 932 1516 μὴ

977 250 1059 278 quam
1071 250 1167 271 eorum
1182 243 1327 278 quispiam,
1340 243 1388 279 qui
1401 243 1430 271 in
1450 243 1496 271 illo
1505 248 1578 271 metu
1597 251 1762 272 annumera-

978 294 1034 317 tur.
1049 288 1118 317 Sunt
1127 289 1201 317 enim
1214 291 1285 317 inter
1297 297 1359 324 eos,
1373 290 1421 324 qui
1442 294 1582 326 utcunque
1603 291 1763 326 corporibus

978 335 1036 364 suis
1049 335 1187 368 assistant,
1204 339 1295 363 tamen
1309 335 1344 363 ab
1358 335 1469 363 illorum
1487 337 1619 364 societate
1630 337 1762 372 praetica,

977 381 1013 407 ab
1038 380 1112 408 intus
1128 380 1279 420 dissidente
1305 380 1483 414 conscientia,
1498 381 1660 410 vacillantes
1685 390 1763 410 rece—

977 426 1056 454 dunt.
1067 426 1109 454 Tu
1123 430 1225 459 aulem,
1237 426 1360 454 nondum
1375 425 1540 461 coniunctus
1563 434 1688 462 corpore,
1717 428 1764 463 ju-

978 472 1050 501 dicio
1077 476 1106 501 et
1128 472 1227 500 ail'ectn
1254 472 1377 508 copulari
1412 472 1552 502 desideras
1577 480 1586 501 :
1606 474 1679 509 quod
1707 482 1764 502 non

977 518 1069 547 adhuc
1081 518 1163 554 plene
1180 518 1266 547 fueris
1278 518 1418 552 adunitus,
1443 518 1472 547 id
1493 527 1510 546 a
1534 518 1690 550 timiditate.
1708 527 1764 547 non

979 565 1098 600 pietate;
1118 564 1253 600 apudore
1277 564 1462 600 proficiscitur
1484 568 1512 592 et
1539 572 1595 592 non
1612 565 1763 592 voluntate.

978 610 1045 644 Quis
1058 615 1148 639 autem
1159 618 1192 638 ea
1207 611 1375 643 admitteret,
1385 618 1446 646 qua:
1460 617 1496 639 ne
1510 611 1651 638 somnians
1664 618 1765 646 appro-

978 657 1052 685 bavit
1064 657 1228 692 aliquando?
1240 657 1263 685 is
1273 657 1388 689 scilicet.
1399 656 1447 691 qui
1458 664 1569 684 causam
1592 657 1619 683 in
1635 656 1765 683 timorem

980 703 1066 738 rejicit
1091 710 1140 730 cur
1152 703 1274 730 nondum
1303 702 1414 730 illorum
1438 702 1578 730 consortio
1593 706 1765 737 aggregetur,

979 755 1041 776 cum
1053 747 1170 775 inimicis
1182 746 1315 783 pudeﬁeri
1330 746 1471 782 antiquius
1486 746 1593 780 habuit,
1605 753 1687 781 quam
1700 753 1764 772 cum

979 793 1158 821 familiaribus
1192 793 1250 821 suis
1269 797 1298 821 et
1328 792 1452 828 cognatis
1478 791 1653 819 admirationi
1682 798 1764 824 esse;

980 839 1061 867 modo
1072 839 1108 867 sit
1125 839 1151 867 ei
1165 839 1195 866 in
1218 843 1356 874 posterum
1375 838 1499 873 impune.
1524 836 1554 865 Si
1582 837 1706 872 recipere
1721 836 1766 864 vel

979 885 1125 914 admittere
1149 893 1205 913 non
1230 885 1349 918 licebat,
1377 884 1472 920 ecquis
1493 887 1555 920 post
1580 883 1766 919 receptionem

981 931 1065 964 illam,
1076 935 1108 959 ut
1117 931 1201 967 possit
1214 938 1283 966 quos
1292 938 1348 958 non
1358 930 1445 964 licuit,
1455 933 1599 965 susceptos
1609 929 1765 962 admittere,

979 977 1046 1005 velit
1071 984 1102 1006 se
1129 977 1158 1004 in
1187 976 1362 1004 manifestum
1391 976 1540 1004 discrimen
1575 974 1767 1010 praecipitare?

979 1022 1069 1051 Verba
1085 1030 1153 1051 sane
1170 1030 1225 1050 non
1245 1023 1390 1050 meliorant
1402 1022 1536 1055 actiones,
1553 1021 1602 1049 sed
1617 1028 1666 1056 per
1676 1021 1765 1048 actio-

980 1074 1030 1095 nes
1044 1067 1127 1095 verba
1138 1067 1203 1095 licet
1215 1066 1400 1102 interpretari.
1425 1065 1492 1094 Nam
1508 1066 1531 1093 si
1549 1065 1610 1101 quis
1624 1065 1768 1093 contuitus

979 1111 1110 1145 latrones,
1140 1116 1188 1139 aut
1211 1112 1353 1139 civitatum
1383 1111 1558 1146 expilatores,
1583 1110 1766 1138 detestatione

980 1157 1082 1193 ubique
1098 1156 1216 1189 habitos,
1244 1155 1477 1184 exsecrationibus
1503 1156 1678 1191 undiquaque
1700 1162 1766 1190 pro—

980 1202 1080 1232 scissos
1095 1211 1103 1230 :
1120 1202 1250 1230 immunis
1265 1201 1354 1229 adhuc
1374 1201 1432 1236 ipse
1448 1205 1476 1229 et
1501 1209 1586 1236 purus
1609 1201 1643 1228 ab
1657 1201 1768 1228 illorum

980 1249 1118 1278 consortio
1129 1248 1239 1276 tandem
1253 1248 1445 1283 phantasmate
1467 1247 1607 1283 abreptus,
1632 1247 1704 1274 dicat
1727 1246 1767 1274 le-

981 1301 1045 1330 gum
1059 1294 1169 1322 arbitris
1182 1298 1210 1322 et
1223 1293 1458 1329 dispensatoribus
1470 1312 1478 1326 ,
1492 1293 1516 1321 si
1532 1293 1616 1321 hosce
1629 1292 1766 1325 homines,

981 1347 1056 1376 rogo,
1084 1340 1145 1368 sine
1171 1347 1252 1375 paena
1277 1339 1408 1373 dimittas,
1438 1347 1508 1375 quos
1530 1347 1580 1374 par
1601 1343 1630 1367 et
1657 1346 1767 1374 equum

981 1386 1071 1414 fuerat
1084 1385 1118 1414 de
1133 1385 1189 1413 vita
1201 1385 1271 1418 tolli,
1285 1392 1335 1413 cur
1348 1393 1405 1413 non
1427 1393 1478 1421 ego
1501 1385 1594 1413 statim
1618 1385 1688 1412 latro
1704 1384 1767 1412 liam

982 1439 1015 1460 ac
1026 1431 1159 1467 proditor,
1174 1435 1205 1458 ut
1219 1431 1260 1459 sic
1274 1432 1380 1459 veniam
1404 1432 1507 1468 possim
1533 1431 1683 1459 sceleribus
1703 1438 1769 1466 pro-

982 1485 1094 1505 movere
1116 1486 1124 1505 :
1145 1477 1218 1512 quod
1247 1476 1271 1505 si
1299 1485 1408 1514 pmnam
1436 1477 1551 1513 irroges,
1579 1481 1654 1504 metu
1680 1483 1769 1512 poena)

144 1523 230 1557 δῶσι,
261 1523 342 1552 τοῦτο
364 1524 463 1557 αὐτοὺς
487 1525 673 1561 ἀθλιωτέρους
701 1526 864 1562 ἐργάζεται,
889 1527 930 1555 ὃτι

983 1523 1067 1551 nolim
1080 1531 1130 1560 ego
1148 1523 1209 1552 illos
1220 1523 1331 1552 imitari.
1352 1523 1381 1551 Si
1392 1523 1463 1559 quis,
1480 1523 1603 1559 inquam,
1617 1523 1706 1551 obiter
1717 1523 1769 1551 ista

146 1569 309 1606 πικρότερον
329 1569 422 1603 αὐτοῖς
437 1570 469 1597 τὸ
483 1570 590 1598 ἐκεῖθεν
609 1571 762 1607 ἀπαντήσει
784 1571 931 1608 δικαιωτή-

144 1623 206 1651 ριον
216 1622 224 1631 ·
236 1616 307 1644 ὥστε
319 1617 345 1644 εί
353 1625 408 1644 τινι
416 1616 471 1644 τῶν
482 1616 529 1644 δύο
538 1616 641 1644 τούτων
653 1617 760 1653 αἵρεσις
774 1617 932 1653 προῦκειτο,

145 1662 249 1695 ἐκεῖνος
264 1662 299 1690 ἂν
312 1662 343 1689 τὸ
358 1662 470 1690 ἐλαττον
485 1663 570 1690 κακὸν
591 1663 680 1699 ἐφάνη
694 1663 868 1700 αἱρούμενος,
883 1663 933 1691 καὶ

145 1707 176 1734 τὸ
200 1707 284 1735 αὑτοῦ
310 1708 452 1744 συμφέρον
475 1709 729 1745 ἐπισκοπούμενος,
755 1710 805 1746 οὐχ
826 1709 856 1741 ὃς
883 1710 932 1746 τὴν

146 1752 264 1780 ενταῦθα
282 1753 379 1788 φεύγει
393 1753 486 1781 δοῦναι
503 1754 581 1789 δίκην
590 1762 597 1770 ⁸
611 1755 668 1782 ἀλλ’
682 1754 712 1787 ὃς
727 1756 758 1782 ὲν
769 1755 809 1791 τῷ
822 1755 871 1783 νῦν
885 1755 934 1783 καὶ

147 1798 273 1826 ἰντιῦθιν
284 1799 382 1827 διδόναι
394 1800 444 1834 τὴν
460 1800 566 1827 ἐκεῖθεν
581 1801 717 1836 ὲπράῦνεν
726 1809 734 1817 ·
750 1802 814 1829 επεὶ
827 1801 875 1829 καὶ
889 1801 934 1830 τὸν

147 1844 289 1878 νοσοῦντα,
317 1844 367 1881 οὐχ
392 1844 422 1872 ὃν
446 1845 548 1881 ίατρῶν
571 1847 678 1882 χεῖρες,
698 1847 746 1874 καὶ
772 1847 866 1883 τομαὶ,
889 1847 938 1875 καὶ

147 1889 279 1923 καύσεις,
304 1890 369 1923 τοὺς
390 1890 495 1923 πάθους
516 1891 681 1927 ἀπάγουσιν,
698 1893 757 1920 ἀλλ’
774 1893 804 1920 ὃν
826 1893 861 1920 τὰ
887 1894 938 1929 τῆς

147 1935 246 1971 τέχνης
258 1935 367 1972 ὁρῶμεν
383 1936 422 1972 μὴ
437 1936 631 1972 προσιέμενον.
646 1938 751 1965 ἐκεῖνον
764 1938 816 1974 ἠδη
829 1938 940 1972 τελείως

147 1980 375 2016 ἀναγινώσκομεν
388 1986 412 2017 ³,
428 1983 476 2010 καὶ
502 1983 532 2010 ἐν
543 1982 671 2019 ἐσχάτοις
690 1985 789 2016 κακοῖς
803 1984 881 2020 ίσμὲν
894 1985 939 2019 ἐξ-

148 2026 320 2062 εταζόμενον.

983 1569 1066 1602 dicat,
1083 1569 1145 1605 quis
1159 1577 1214 1597 non
1230 1569 1306 1597 illum
1322 1569 1414 1597 furere
1438 1573 1466 1596 et
1479 1569 1616 1596 insanire?
1632 1569 1694 1604 quis
1713 1576 1770 1596 non

985 1620 1077 1643 mente
1095 1615 1123 1643 in
1140 1616 1224 1643 rebus
1237 1615 1297 1643 aliis
1309 1615 1433 1644 laberare
1455 1615 1581 1644 similiter
1603 1615 1676 1643 haud
1704 1622 1771 1650 pro-

984 1662 1137 1690 nuntiabit?
1162 1662 1241 1695 Quod
1261 1662 1283 1690 si
1296 1662 1358 1697 quis
1372 1670 1427 1690 non
1442 1662 1553 1690 urbium
1565 1661 1613 1689 sed
1630 1661 1692 1692 ﬁdei
1706 1668 1771 1696 pro-

985 1709 1098 1740 ditores,
1113 1708 1255 1744 pmdones
1269 1716 1324 1736 non
1335 1707 1517 1743 corporalium
1528 1707 1576 1734 sed
1590 1706 1690 1734 divinae
1704 1705 1773 1740 legis

986 1754 1015 1782 in
1029 1754 1149 1783 medium
1162 1754 1310 1789 productos
1324 1753 1412 1786 sistat,
1426 1757 1455 1780 et
1467 1752 1540 1788 apud
1554 1752 1615 1779 illas
1630 1758 1712 1779 voces
1725 1758 1773 1778 eas

987 1800 1061 1836 ipsas
1089 1800 1162 1833 edat,
1179 1807 1271 1828 annon
1293 1799 1418 1827 eamdem
1444 1799 1473 1826 ia
1490 1798 1580 1833 ipsum
1606 1797 1773 1825 sententiam

987 1846 1031 1874 vel
1045 1846 1127 1874 etiam
1142 1845 1280 1874 duriorem
1299 1853 1348 1880 per
1370 1845 1519 1880 prudentes
1539 1843 1632 1871 reruni
1653 1842 1773 1870 aestima-

988 1897 1062 1921 tores
1085 1891 1227 1920 ferendam
1252 1891 1399 1928 putamus?
1419 1889 1522 1918 Verum
1545 1889 1674 1925 sepositis
1711 1896 1774 1923 qua:

986 1940 1042 1974 jam
1067 1938 1141 1967 dicta
1167 1942 1243 1971 sunt,
1270 1937 1295 1965 si
1318 1937 1470 1965 secundum
1492 1943 1622 1968 canones,
1645 1935 1698 1963 hoc
1720 1939 1775 1964 est.

988 1985 1063 2021 leges
1077 1984 1276 2012 ecclesiasticas
1286 1983 1409 2011 actiones
1420 1982 1554 2018 regulent,
1571 1980 1636 2017 quid
1650 1987 1719 2016 opus
1733 1983 1775 2008 est

990 2030 1067 2058 hisce
1082 2029 1273 2065 intempestive
1288 2028 1371 2056 motis
1383 2027 1600 2063 quaestionibus?
1612 2027 1678 2062 quid
1690 2025 1774 2053 ratio.

147 2071 267 2101 cinando
281 2073 322 2101 vel
335 2074 515 2107 contendere,
529 2074 572 2102 vel
591 2074 659 2103 alios
674 2074 827 2102 snﬂ‘ocare?
837 2075 932 2110 quidni
959 2076 1050 2111 potius
1077 2079 1199 2102 actutum
1219 2073 1254 2102 ad
1269 2077 1359 2109 partes
1374 2073 1489 2105 accedit,
1510 2078 1539 2100 et
1551 2073 1658 2100 veniam
1675 2072 1776 2108 depre-

149 2123 227 2147 cetur
239 2126 295 2146 suae
317 2120 467 2148 tarditatis?
482 2119 530 2147 Sin
553 2128 619 2148 vero
643 2121 782 2149 actionum
810 2120 869 2156 lege
885 2121 1083 2156 prohibitarum
1113 2124 1218 2148 actores
1241 2126 1391 2155 agnoscas,
1407 2118 1471 2154 quid
1487 2119 1524 2146 ita
1538 2118 1647 2146 tandem
1667 2118 1775 2146 curiose

150 2163 261 2199 salagis,
278 2167 370 2192 utrum
395 2164 440 2192 hic
466 2164 629 2200 supplicium
645 2165 722 2193 luant
746 2170 795 2193 aut
810 2173 866 2193 non
877 2165 972 2193 luant?
985 2165 1015 2194 Si
1031 2165 1157 2193 dederint
1175 2164 1255 2193 isthic
1275 2172 1383 2200 poenas,
1405 2165 1513 2193 meliori
1531 2169 1588 2192 tum
1602 2168 1685 2192 erunt
1707 2172 1775 2192 con-

149 2208 263 2242 ditione,
279 2209 409 2237 nimirum
424 2217 472 2245 per
485 2218 580 2245 poenas
597 2212 729 2247 irrogatas
745 2212 853 2247 expiato
872 2213 977 2248 peccati
1001 2217 1078 2241 reatu
1094 2212 1187 2248 :quod
1209 2211 1232 2239 si
1248 2204 1304 2239 non
1317 2212 1395 2245 dent,
1413 2212 1465 2239 hoc
1476 2219 1509 2239 eo
1531 2216 1595 2239 sunt
1605 2211 1776 2245 miseriores,

150 2262 185 2283 eo
202 2255 276 2290 quod
289 2255 422 2291 judicium
447 2256 595 2292 aliquando
620 2257 731 2285 caeleste
751 2266 813 2286 cum
835 2259 932 2295 majori
958 2259 1089 2287 subibunt
1107 2259 1265 2287 acerbitate.
1281 2258 1387 2293 itaque,
1409 2258 1432 2285 si
1447 2257 1529 2285 modo
1556 2257 1628 2284 inter
1643 2257 1702 2285 hac
1722 2259 1777 2286 duo

151 2300 249 2328 electio
267 2301 410 2331 consistat.
429 2301 452 2329 is
464 2301 555 2328 minus
571 2301 673 2329 malum
697 2303 806 2331 videtur
822 2303 947 2339 elegisse,
968 2309 997 2331 et
1022 2311 1073 2332 suo
1094 2305 1238 2332 commodo
1266 2304 1364 2332 melius
1392 2303 1578 2339 prospexisse,
1599 2310 1653 2330 non
1677 2303 1725 2338 qui
1749 2303 1777 2330 id

151 2348 207 2383 agit
218 2355 253 2375 ne
267 2347 313 2375 hic
338 2347 478 2383 puniatur,
502 2347 552 2375 sed
576 2347 623 2383 qui
638 2355 688 2384 per
705 2349 868 2384 supplicium
883 2349 1071 2378 isthieobitum
1091 2350 1272 2378 tolerabilius?
1287 2349 1383 2377 reddet
1406 2349 1539 2384 judicium
1560 2348 1636 2375 illud.
1660 2348 1726 2376 Nam
1750 2353 1780 2376 et

153 2399 340 2431 aegrotantem,
365 2401 537 2430 nequaquam
562 2395 639 2422 illum
660 2402 740 2430 quem
769 2395 939 2424 medicorum
964 2404 1073 2430 manus,
1098 2397 1246 2429 sectiones,
1262 2395 1443 2424 ustulationes
1464 2395 1561 2423 morbo
1575 2394 1710 2427 liberant;
1729 2395 1779 2422 sed

161 2450 242 2478 quem
253 2443 377 2470 videmus
390 2442 456 2470 artis
483 2442 596 2470 medicae
608 2443 703 2478 praxin
722 2450 777 2471 non
798 2443 943 2478 ferentem,
963 2445 1051 2479 illum,
1066 2446 1191 2482 inquam,
1218 2449 1292 2473 statu
1316 2444 1437 2480 positum
1450 2443 1606 2478 desperato,
1622 2446 1650 2469 et
1668 2441 1779 2470 concia-

151 2495 268 2522 matum.
298 2491 403 2518 morbis
416 2490 548 2518 extremis
570 2491 734 2526 cruciatum,
754 2496 783 2520 et
805 2492 946 2521 doloribus
958 2493 1114 2523 confectum
1135 2497 1306 2530 reputamus.

190 2539 245 2566 Καὶ
267 2538 294 2565 τί
314 2538 347 2566 ἀν
375 2547 418 2570 τις
445 2539 480 2565 τὰ
505 2539 630 2573 ἑπόμενα
664 2541 723 2571 τοῖς
753 2540 837 2568 αὐτοῦ
863 2541 931 2576 λογι-

1029 2542 1167 2576 Quorsum
1183 2549 1250 2569 vero
1274 2539 1411 2576 quispiam
1424 2546 1457 2567 ea
1471 2545 1533 2573 quae
1556 2539 1710 2572 sequuntur
1733 2543 1780 2563 ra-

153 2585 232 2620 σμοῖς
248 2583 434 2620 ἀπαριθμοιης
446 2584 530 2612 ταῦτα
556 2585 629 2620 ἡμᾶς
640 2586 816 2622 ἀκοπώτιρον
829 2587 839 2605 ί
848 2595 931 2622 παρα-

996 2588 1117 2616 tionibus
1151 2591 1229 2623 putet
1264 2583 1512 2622 apprehendenda?
1544 2590 1611 2611 sane
1637 2582 1712 2610 enim
1736 2581 1781 2608 illa

152 2630 281 2658 σκευάσει
318 2629 353 2657 τὰ
391 2630 595 2665 συμϐαίνοντα·
618 2630 706 2658 ταῦτα
740 2633 781 2664 εἰς
814 2633 931 2667 παραψυι

994 2637 1025 2661 ιιι
1040 2633 1127 2661 levius
1150 2632 1271 2660 feramus
1292 2638 1354 2666 quin
1373 2629 1539 2665 conﬁngunt
1564 2627 1683 2659 facient;
1697 2630 1781 2660 atque

152 2678 204 2713 χὴν
218 2677 315 2713 ἕξομεν
325 2683 333 2691 ⁰
349 2676 456 2708 τούτοις
472 2677 545 2712 ἡμᾶς
563 2678 751 2711 ἀνακτᾶσθαι,
770 2675 793 2705 ὧ
811 2678 872 2713 φίλε
893 2680 931 2706 κα⁴

995 2679 1032 2706 ita
1053 2678 1132 2706 nobis
1161 2677 1269 2713 parient
1289 2675 1515 2705 consolationem.
1550 2673 1601 2700 Per
1632 2672 1683 2700 ista
1717 2678 1782 2699 nos-

153 2721 266 2758 ὰδιλφὲ,
291 2722 505 2757 διεσπούδασας,
539 2724 571 2750 οὺ
601 2724 655 2759 γὰρ
684 2724 738 2751 τῶν
767 2725 931 2760 σεμνοτέρωπ

994 2729 1050 2753 met
1072 2725 1169 2753 iterum
1205 2723 1346 2760 possidere
1365 2722 1484 2758 sategisti
1497 2741 1505 2754 ,
1531 2719 1618 2748 amice
1636 2723 1665 2747 et
1679 2717 1779 2751 frater;

796 2801 914 2830 VARUS
935 2801 1137 2830 LECTIONES.

195 2858 206 2872 '
221 2857 265 2885 εσ.
278 2857 515 2894 ἁπογινὼσκομεν.
556 2860 566 2877 ί
585 2859 689 2894 φέρειν.
