1940 3087
172 172 228 206 755

748 170 879 202 ΡΗΟΤΙΙ
894 169 1146 200 PATRIARCH/E
1165 170 1219 200 (ΣΡ.

1742 164 1789 200 ’156

175 237 239 259 nam
265 228 376 258 vocibus
396 231 422 256 te
445 226 523 255 aii'ari
552 226 773 255 honoratioribus
808 234 862 254 non
891 225 963 253 desi-

1021 225 1146 260 ρημάτων
1173 225 1336 260 ἐξίσταμαι,
1362 224 1422 251 οὐδὲ
1441 223 1481 260 τῷ
1509 222 1684 260 μελετηθέντι
1707 223 1790 251 πάντα

175 282 322 308 otam,non
339 274 431 302 omnia
452 277 479 300 et
498 272 604 309 singula
624 273 745 301 consiliis
762 277 790 300 et.
814 271 960 308 propositis

177 321 326 354 ascribam;
356 320 404 347 sed
429 319 503 355 quod
527 319 556 347 in
575 323 665 348 actum
681 319 813 347 hactenus
830 318 963 354 producta

1012 270 1118 305 δίδωμι,
1135 270 1193 297 ἀλλ’
1213 270 1254 297 ὃτι
1269 270 1336 302 τέως
1360 269 1397 305 μὴ
1418 269 1633 305 διαπέπρακται,
1659 268 1709 296 καὶ
1728 269 1790 303 πρὸς

1012 315 1062 350 τὴν
1082 315 1177 342 ἐλπίδα
1189 316 1239 350 τῆς
1257 313 1426 350 διορθώσεως
1443 314 1493 345 τὰς
1513 313 1624 348 κλήσεις
1638 312 1790 348 μερίζομαι.

178 375 233 394 non
259 366 369 399 fuerint,
385 365 430 393 illa
455 366 516 394 ideo
531 373 592 393 cum
617 373 665 401 spe
687 364 885 393 emendationis
908 368 962 391 tuae

1021 359 1091 388 Ἐὰν
1101 361 1135 387 τὸ
1147 360 1223 394 ἅλας
1239 359 1397 395 μωρανθῇ,
1420 360 1434 387 ὁ
1449 359 1553 403 Κύριδς
1575 367 1673 394 φησιν,
1686 359 1722 386 ἐν
1739 359 1792 385 τίνι

178 412 400 447 compellationes
427 419 504 439 meas
541 400 654 439 instituo
679 419 686 438 :
707 410 736 438 Si
768 410 810 437 sa!
842 411 962 446 infatua-
990 400 991 403 ¹

179 461 221 484 tur
256 457 353 492 fuerit,
376 457 463 492 inquit
482 457 624 490 Dominus,
640 457 668 484 in
689 465 739 492 quo
757 457 861 483 demum
881 455 963 483 salie-

180 509 224 530 tur
244 503 283 530 “7
301 501 331 530 Si
342 510 392 530 res
408 510 533 531 meorum
545 503 707 535 amicorum,
721 501 846 536 fratrum,
861 501 963 529 libero—

180 555 255 580 rum,
267 547 462 581 membrorum,
478 547 614 575 viscerum
629 548 669 575 :si
681 555 725 575 res
735 555 829 576 eorum
845 547 965 582 singulo-

180 599 244 619 rum
261 592 318 627 (qui
337 592 406 620 mihi
422 597 486 620 ante
504 600 601 621 omnes
619 597 684 620 sunt
701 593 885 629 honorandi);
899 601 966 628 pros

181 642 243 673 pter
257 645 326 673 quos
340 638 369 665 in
384 645 465 666 carne
492 639 581 667 adhuc
597 639 689 674 potius
709 639 868 673 subsistere,
882 647 964 674 quam

181 683 293 711 dissolvi
309 687 336 711 et
349 690 412 711 cum
421 683 533 712 Christo
543 691 603 712 esse
617 684 725 712 mallem
738 691 870 719 :quorum
883 692 965 713 causa

183 729 323 760 concidor,
348 729 493 762 distrahor,
508 734 536 757 et
561 730 686 765 lacrymae
709 738 778 758 mea:
791 730 858 758 mihi
882 738 967 766 panes

183 774 252 802 fiunt
271 784 278 803 :
305 774 328 802 si
343 782 438 802 eorum
454 775 574 802 omnium
598 775 643 803 hic
666 776 702 804 sit
716 780 813 810 status,
833 777 896 812 quid
918 777 967 805 de-

180 820 261 848 beam
281 820 315 848 ab
331 820 391 848 aliis
401 820 580 856 exspectare?
591 820 647 848 Nec
660 821 769 857 injuria.
782 821 844 849 Scio
854 822 966 855 etenim,

184 865 293 892 beatum
308 865 431 898 Paulum,
448 865 521 892 solus
535 872 598 892 cum
614 869 687 892 esset
702 865 730 892 in
745 860 861 892 viticulis
882 865 967 893 desti-

1014 406 1228 441 ἀλισθήσεται;
1248 407 1295 433 ἐὰν
1309 406 1343 433 τά
1359 405 1413 432 τῶν
1426 405 1522 440 φίλων,
1539 405 1574 432 τὰ
1594 405 1649 432 τῶν
1664 405 1792 440 ἀδελφῶν,

1014 452 1050 479 τὰ
1069 452 1123 479 τῶν
1137 452 1252 484 τέκνων,
1267 451 1302 478 τὰ
1321 450 1375 478 τῶν
1392 451 1467 487 ἐμῶν
1491 450 1591 486 μελῶν,
1607 450 1642 476 τὰ
1654 449 1710 476 τῶν
1725 449 1794 486 ὲμῶν

1017 497 1178 533 σπλάγχνων
1200 497 1245 533 (τὰ
1258 497 1314 524 τῶν
1333 497 1441 524 πάντων
1465 496 1527 532 ἐμοὶ
1549 494 1751 530 τιμιωτάτων),
1763 494 1795 521 δι’

1016 543 1063 576 οὒς
1087 544 1127 571 ἐτι
1141 544 1172 571 τὸ
1197 544 1279 580 σαρκὶ
1302 545 1440 579 παρεῖναι,
1464 542 1513 569 τοῦ
1529 541 1662 569 ἀναλύσαι
1683 541 1730 568 καὶ
1750 541 1796 568 σὺν

1017 590 1127 626 Χριστῷ
1152 588 1221 618 εἶναι
1249 591 1444 626 προκρίνεται·
1473 588 1508 616 δι’
1526 587 1571 620 οὒς
1584 588 1723 624 κόπτομαι
1752 588 1796 615 καὶ

1019 636 1223 671 σπαράσσομαι,
1243 637 1292 664 καὶ
1316 636 1351 662 τὰ
1366 635 1473 670 δάκρυά
1490 643 1540 670 μου
1556 633 1638 669 ἄρτος
1651 634 1712 669 ἐμοὶ
1728 633 1796 668 γίνε-

1019 689 1064 710 ται
1078 691 1087 698 ·
1104 682 1152 710 ἐὰν
1166 683 1214 710 οὖν
1230 683 1265 710 τὰ
1286 683 1377 709 αὐτῶν
1391 682 1513 714 τοιαῦτα,
1526 681 1637 709 ποταπά
1648 681 1702 717 χρὴ
1715 688 1796 713 προσ-

1018 729 1099 765 δοκᾷν
1121 730 1156 757 τὰ
1177 729 1231 756 τῶν
1248 729 1354 762 ἀλλων;
1377 728 1436 756 ἀλλ’
1453 728 1528 755 οὐδὲν
1544 727 1700 762 θαυμαστόν
1712 735 1720 742 '
1744 725 1798 753 οἶδα

1020 776 1074 811 γὰρ
1087 774 1192 802 καὶτὸν
1209 775 1353 802 Θεσπέσιον
1368 774 1476 801 Παῦλον
1488 773 1568 810 μόνον
1584 774 1615 801 ὲν
1629 773 1739 809 δεσμοῖς
1753 782 1800 799 κα-

1020 820 1213 854 ταλειφθέντα·
1225 820 1288 855 ,Ἐν
1298 819 1335 854 τῇ
1352 819 1451 855 πρώτῃ
1461 827 1532 854 μου,
1546 818 1639 854 φησὶν,
1657 818 1801 852 ἀπολογίᾳ

1020 865 1119 899 οὐδείς
1131 874 1182 900 μοι
1192 866 1447 901 συμπαρεγένετο,
1460 864 1519 897 καὶ,
1535 863 1654 896 Λουκᾶς
1670 863 1735 890 ἐστι
1749 863 1800 898 μό-

184 915 271 943 tutus,
283 911 384 938 dixisse
401 920 409 938 ε
426 910 460 937 In
474 911 560 945 prima
577 918 635 938 mea
650 911 886 946 defensioneﬁemo
904 911 969 938 mihi

1021 919 1074 944 νος
1100 911 1164 946 μετ’
1183 911 1272 946 ἐμοῦ·
1291 911 1322 938 οὐ
1348 911 1403 947 γὰρ
1428 912 1536 939 πάντων
1559 911 1576 946 ἡ
1601 910 1733 945 καρτερία
1757 908 1802 935 καὶ

183 956 273 991 adfuit
285 956 308 972 “
324 965 331 983 :
346 959 373 983 et
385 955 493 989 iterum,
511 956 583 984 solus
597 956 682 984 Lucas
696 964 797 983 mecum
807 961 845 984 est
856 957 889 984 “.
900 956 969 984 Nam

183 1011 237 1031 non
249 1008 362 1038 possunt
376 1010 470 1030 omnes
485 1010 514 1030 se
535 1003 679 1036 obdurare,
701 1008 730 1031 et
747 1003 877 1038 patientia
896 1004 968 1031 niti:

182 1055 348 1084 quapropter
375 1056 438 1076 cum
472 1049 601 1077 Dominus
625 1049 785 1084 praediceret
810 1049 971 1078 aillictiones

183 1098 323 1127 venturas,
340 1099 369 1121 et
387 1094 562 1126 tentationes,
575 1102 638 1122 cum
653 1094 752 1129 quibus
769 1094 807 1122 illi
819 1095 865 1130 qui
884 1095 911 1122 in
927 1095 970 1130 ip-

183 1147 244 1167 sum
261 1139 389 1167 credituri
402 1144 490 1172 erant,
500 1139 646 1175 conﬂigere
657 1140 802 1172 debebant,
817 1141 968 1169 subnectit:

183 1185 229 1212 Ast
247 1186 293 1220 qui
306 1186 332 1212 in
344 1185 422 1220 ﬁnem
435 1187 647 1220 perseveraverit,
657 1187 678 1213 is
686 1187 773 1214 salvus
785 1188 834 1214 erit
847 1188 879 1214 η.
896 1187 969 1221 Scio,

182 1235 211 1258 et
226 1231 391 1258 anteriorem
405 1231 494 1258 adhuc
509 1231 638 1258 Davidem
651 1232 811 1267 prophetam
823 1232 969 1260 multorum

182 1275 356 1303 solitudinem
372 1276 484 1309 luxisse,
501 1281 529 1304 et
544 1277 617 1304 illam
631 1278 665 1305 ab
680 1277 775 1305 amicis
789 1278 970 1306 desertionem

184 1321 299 1349 Domino
310 1321 508 1358 deprecationis
530 1322 589 1351 loco
610 1328 840 1358 reprazsentasse:
861 1323 970 1353 Salvum

182 1375 224 1394 me
237 1368 290 1403 fac,
307 1367 387 1401 Deus,
404 1369 529 1404 quoniam
545 1369 636 1405 defecit
644 1370 743 1404 justus,
757 1375 782 1397 et
797 1371 893 1398 veritas
904 1379 971 1406 pau-

182 1413 262 1439 citate
276 1412 380 1440 laborat
396 1414 465 1441 tntcr
477 1414 544 1448 ﬁlios
558 1415 692 1442 hominum
707 1416 739 1443 ”.
756 1416 891 1450 Quorsum
905 1425 971 1445 vero

183 1458 258 1485 hunc
280 1458 322 1486 vel
344 1458 420 1486 illum
439 1460 552 1494 ,citem?
570 1459 632 1488 Scio
658 1461 804 1489 Dominum
825 1467 853 1490 et
884 1463 970 1490 Deum

184 1511 275 1531 meum
298 1509 355 1532 tum
373 1513 435 1533 cum
455 1506 653 1541 apprehensus.
666 1507 782 1535 vinculis
806 1509 970 1537 constrictus

184 1550 377 1584 abduceretur,
402 1551 555 1579 solitarium
571 1553 655 1580 fuisse
674 1553 835 1581 derelictum
862 1563 870 1581 ε
901 1555 969 1583 scri-

1021 958 1143 993 ὕπομονή
1154 965 1161 973 ·
1178 957 1222 984 διὰ
1233 956 1313 984 τοῦτο
1326 957 1375 984 καὶ
1388 957 1402 984 ό
1422 957 1524 993 Κύριος
1536 955 1622 983 εἰπὼν
1642 955 1692 986 τὰς
1703 954 1802 989 θλίψεις

1020 1003 1068 1031 καὶ
1082 1004 1145 1035 τοὺς
1159 1003 1330 1039 πειρασμοὺς
1342 1000 1384 1034 οἷς
1394 1002 1506 1038 ἔμελλον
1525 1002 1550 1028 οἱ
1567 1002 1608 1033 είς
1626 1000 1706 1028 αὑτὸν
1724 1009 1802 1027 πεπι-

1021 1050 1164 1082 στευκότες
1177 1049 1309 1082 ὲναθλεῖν,
1326 1050 1479 1085 ἐπήγαγεν·
1501 1048 1533 1075 '0
1544 1048 1572 1075 δ’
1586 1047 1752 1083 ὑπομείνας
1761 1048 1803 1080 είς

1019 1095 1118 1129 τέλος,
1136 1093 1225 1129 οὗτος
1239 1096 1409 1129 σωθήσεται
1420 1103 1428 1111 υ
1445 1093 1504 1122 οῖδα
1520 1094 1567 1122 καὶ
1581 1094 1635 1129 πρὸ
1647 1094 1743 1121 τούτου
1758 1093 1803 1120 τὸν

1021 1141 1166 1176 προφήτην
1180 1139 1262 1167 Δαὸὶδ
1272 1139 1326 1167 τῶν
1339 1138 1444 1167 πολλῶν
1465 1138 1515 1174 τὴν
1535 1137 1656 1173 ἐρημίαν
1673 1135 1804 1171 ἀποδυρόο

1023 1195 1113 1222 μενον,
1122 1186 1170 1213 καὶ
1178 1186 1280 1221 ταύτην
1293 1185 1331 1217 ὡς
1345 1184 1487 1220 ίκετηρίαν
1501 1184 1540 1219 τῷ
1549 1183 1608 1219 Θεῷ
1620 1183 1802 1218 προτείνοντα·

1021 1232 1126 1259 Σῶσόν
1135 1239 1183 1265 με,
1197 1231 1296 1264 Κύριε,
1312 1230 1356 1257 ὅτι
1370 1230 1550 1257 ἐκλέλοιπεν
1564 1229 1663 1260 ὅσιος·
1685 1227 1730 1254 ὅτι
1740 1227 1805 1253 ὠλι-

1021 1276 1162 1312 φώθησαν
1174 1277 1204 1303 al
1221 1275 1357 1311 ἀλήθειαι
1371 1275 1431 1303 ἀπὸ
1448 1274 1508 1302 τῶν
1532 1273 1606 1302 υίῶν
1622 1272 1683 1300 τῶν
1697 1272 1806 1306 ἀνθρώ-

1022 1330 1103 1349 πων·
1116 1323 1163 1349 καὶ
1177 1322 1204 1348 τί
1220 1321 1293 1355 λέγω
1305 1320 1401 1348 τοῦτον
1415 1321 1432 1356 ἢ
1449 1321 1572 1354 ὲκεῖνον;
1597 1317 1655 1346 οῐδα
1673 1318 1719 1345 τὸν
1740 1318 1805 1352 ὲμδν

1022 1368 1160 1402 Δεσπότην
1175 1367 1222 1395 καὶ
1234 1366 1312 1400 Θεὸν,
1339 1366 1401 1393 ἐπεὶ
1425 1365 1580 1401 συνελήφθη
1604 1365 1652 1391 καὶ
1678 1363 1745 1399 πρὸς
1764 1363 1807 1390 δε-

1024 1415 1181 1450 σμωτήριον
1193 1414 1287 1449 ἠγετο,
1300 1412 1381 1448 μόνον
1394 1411 1608 1447 καταλειφθέντα
1617 1419 1624 1426 ·
1640 1410 1695 1438 Καί
1716 1410 1807 1444 ἀφέν-

1023 1469 1071 1494 τες
1090 1461 1145 1496 γὰρ
1170 1460 1274 1492 αὑτὸν,
1303 1460 1392 1495 φησὶ,
1414 1458 1526 1491 πάντες
1553 1457 1679 1492 ἔφυγον.
1705 1456 1738 1483 Τί
1761 1454 1809 1483 οὖν

1023 1506 1194 1542 θαυμαστόν;
1219 1507 1244 1533 εί
1261 1506 1309 1533 καὶ
1321 1505 1370 1533 νῦν
1383 1506 1468 1541 ἡμᾶς,
1491 1505 1651 1541 ἀνθρώπους
1671 1503 1808 1539 οἰκτροὺς,

1023 1553 1071 1580 καὶ
1091 1552 1243 1586 ἐλεεινοὺς,
1274 1551 1435 1587 ἀνθρώπους
1476 1551 1543 1587 μηδὲ
1574 1550 1621 1577 τὸν
1644 1549 1715 1584 ἀέρα
1738 1549 1811 1582 σπᾷν

184 1601 263 1631 ptum
278 1600 321 1624 est
333 1597 424 1624 enim:
441 1597 501 1633 Ipso
514 1599 615 1625 deserto
628 1600 752 1634 fugerant
769 1599 801 1627 ¹⁸.
819 1600 891 1633 Quid
907 1609 969 1636 ergo

1024 1598 1166 1634 ἐλεύθερον
1187 1597 1470 1633 παραχωρουμένους,
1489 1596 1650 1632 ἀνθρώπους
1669 1595 1812 1630 δεσμωτή-

183 1641 285 1669 mirum
300 1642 311 1668 ί
326 1650 375 1670 nos
393 1643 591 1672 homunciones
612 1645 727 1673 miseros
743 1650 771 1673 et
790 1646 970 1680 miserandos,

183 1687 283 1722 quibus
298 1696 350 1716 nec
360 1696 452 1716 aerem
473 1690 579 1725 spirare
598 1690 714 1718 liberum
728 1691 803 1724 licet,
816 1691 971 1720 carceribus

183 1737 213 1761 et
221 1733 336 1762 vinculis
360 1735 538 1770 mancipatos,
554 1736 628 1765 mille
639 1737 771 1765 moriendi
783 1739 879 1766 modos
905 1747 973 1774 quo-

183 1779 251 1808 tidie
266 1786 467 1816 exspectantes,
487 1783 562 1810 omni
584 1783 729 1812 destitutos
743 1785 850 1812 meliori
865 1793 924 1821 spe,
937 1786 972 1814 ab

182 1825 311 1854 omnibus
323 1826 360 1853 ita
376 1827 499 1855 desertos
519 1832 546 1856 ct
558 1828 722 1857 derelictos:
738 1833 830 1865 atque,
845 1838 862 1858 ο
877 1831 898 1858 si
913 1835 973 1858 tan-

183 1874 242 1900 tum
257 1872 401 1901 derelictos
414 1875 421 1901 ι
436 1873 508 1902 ferre
522 1873 574 1902 hoc
587 1883 739 1910 possemus,
756 1876 803 1904 sed
813 1877 973 1912 neutiquam

182 1924 234 1945 nos
259 1919 324 1946 nudi
339 1919 500 1953 deserimur,
514 1921 565 1948 sub
579 1922 700 1950 nominis
715 1923 800 1950 nostri
828 1926 972 1958 praetextu,

182 1964 326 1991 veritatem
341 1965 474 1998 abnuunt,
489 1966 699 1995 ecclesiasticam
708 1976 817 1995 omnem
829 1973 858 1995 et
872 1972 972 1996 rectam

183 2010 349 2037 sententiam
371 2011 502 2039 deserunt
517 2021 524 2039 :
541 2013 621 2048 cujus
636 2014 802 2042 observandi
820 2016 916 2050 gratia,
943 2016 973 2043 ni

182 2062 238 2083 non
255 2055 387 2085 hactenus
402 2057 542 2093 elegerunt
555 2059 620 2094 pati,
632 2059 666 2087 ab
676 2060 721 2087 illa
735 2068 765 2089 se
776 2069 850 2088 nunc
865 2061 973 2089 abscin-

182 2100 260 2133 dunt,
287 2105 314 2128 et
330 2101 402 2129 illam
418 2102 499 2138 longe
512 2109 659 2138 seponunt.
676 2104 734 2132 Hoc
748 2109 790 2133 est
807 2105 874 2133 illud
899 2106 973 2141 quod

182 2145 318 2181 imprimis
329 2148 452 2182 percellit
468 2154 590 2176 mentem
605 2149 685 2182 mihi,
705 2151 776 2186 quod
788 2158 832 2178 me
843 2151 971 2186 absumit,

182 2200 245 2220 cum
258 2193 364 2222 videam
373 2195 506 2228 membra,
518 2195 681 2231 quibuscum
693 2204 744 2224 nos
753 2197 969 2232 incorporamur,

182 2243 211 2267 et
226 2240 372 2275 participes
389 2246 539 2275 exstamus,
554 2250 586 2269 ex
594 2250 672 2277 aequo
685 2242 785 2271 Christi
797 2251 811 2271 a
826 2243 914 2279 capite
927 2244 972 2272 illo

181 2285 271 2313 divelli
284 2291 312 2313 et
326 2286 354 2313 in
367 2287 516 2321 perniciem
526 2287 621 2323 redigi.
636 2287 670 2316 Et
678 2292 768 2315 tamen
781 2288 853 2316 istud
868 2289 968 2316 malum

180 2330 210 2358 in
225 2338 320 2358 senon
336 2331 531 2365 suil‘erendum,
546 2332 582 2359 sit
595 2336 669 2360 certe
678 2333 819 2360 tolerabile
831 2341 880 2368 per
895 2333 970 2368 prius

179 2377 306 2412 exempla
330 2377 452 2405 recitata.
471 2378 598 2406 Attamen
624 2379 748 2407 derelicti
765 2380 838 2407 illius
858 2388 970 2408 causam

180 2422 211 2450 in
226 2430 277 2450 nos
291 2423 435 2451 artiﬁciose
447 2425 594 2453 transferre
606 2425 684 2458 velle,
700 2426 778 2460 cujus
787 2426 908 2453 nondum
921 2433 971 2461 po-

179 2469 233 2496 tuit
244 2470 399 2505 exemplum
411 2471 521 2506 aliquod
547 2472 670 2507 reperiri,
686 2473 823 2507 quomodo
839 2473 911 2508 quis,
928 2477 971 2500 ut-

180 2522 289 2550 cunque
300 2517 392 2543 omnia
403 2516 514 2545 ferendo
528 2518 773 2545 suilicicntissimus
784 2518 972 2553 aequanimiter

178 2561 283 2597 poterit
306 2562 433 2590 tolerare.
461 2562 580 2590 Omnino
602 2564 724 2599 percipio
739 2564 895 2599 praeclaram
922 2573 973 2600 ego

180 2609 431 2636 remunerationem
446 2610 548 2638 amoris
562 2610 590 2637 in
604 2614 631 2638 te
642 2610 696 2638 mei
710 2611 829 2646 paterni,
843 2619 906 2639 cum
916 2612 972 2639 Deo

179 2655 331 2690 conjuncti,
355 2659 383 2683 et
404 2655 553 2690 spiritualis
570 2656 642 2684 illius
656 2657 764 2685 miriﬁci
788 2663 816 2685 et
837 2659 972 2686 tremendi

179 2701 253 2729 illius
269 2705 372 2736 partus,
396 2708 450 2736 quo
465 2706 494 2728 tu
509 2702 588 2730 nobis
605 2703 711 2736 enixus,
725 2703 817 2730 lumen
835 2708 970 2731 terrarum

178 2746 255 2774 orbis
271 2746 298 2773 in
314 2747 428 2783 mystico
442 2747 570 2775 Ecclesiae
595 2748 716 2776 tiralamo
728 2756 778 2784 per
790 2750 854 2777 vitae
867 2757 971 2777 sermo-

180 2799 244 2822 ηοω
262 2793 398 2828 prodiisti.
418 2793 450 2821 Et
466 2794 518 2822 ista
531 2802 582 2829 ego
601 2795 687 2823 tolero
697 2803 746 2830 per
759 2799 786 2823 et
797 2800 907 2834 propter
922 2796 971 2823 ad-

1024 1652 1081 1680 ριον
1110 1642 1272 1676 οἰκοῦντας,
1297 1642 1412 1678 μυρίους
1442 1642 1575 1673 θανάτους
1601 1640 1662 1668 καθ’
1690 1638 1812 1674 ἑκάστην

1024 1688 1242 1725 προσδοκῶντας,
1258 1689 1306 1715 καὶ
1321 1688 1413 1724 πάσης
1427 1687 1535 1719 ἐλπίδος
1544 1687 1665 1723 χρηστῆς
1676 1693 1813 1722 περιῃρη-

1025 1735 1120 1772 μένης,
1135 1735 1160 1762 ει
1177 1735 1226 1762 καὶ
1243 1735 1404 1762 καταλιπεῖν
1422 1743 1465 1766 τις
1479 1733 1655 1769 ὲμελέτησεν,
1673 1731 1732 1759 ἀλλ’
1755 1730 1814 1758 εἴθε

1025 1781 1106 1817 μόνον
1121 1782 1284 1809 καταλιπεῖν
1300 1781 1474 1817 (ἀνύποιστον
1484 1781 1541 1816 γὰρ
1558 1780 1599 1814 ὃν)
1614 1779 1645 1806 οὺ
1662 1779 1719 1814 γὰρ
1736 1779 1813 1814 ἡμᾶς

1024 1830 1050 1856 οἱ
1062 1828 1178 1856 τοιοῦτοι
1188 1829 1451 1864 καταλιμπάνουσιν,
1466 1828 1524 1854 ἀλλ’
1538 1829 1567 1854 ὲν
1584 1826 1708 1863 ἡμετέρᾳ
1722 1834 1814 1861 προσ-

1025 1874 1137 1910 ηγορίᾳ,
1167 1874 1217 1909 τῆς
1245 1874 1375 1910 ἀληθείας
1390 1873 1437 1900 καὶ
1460 1873 1507 1900 τοῦ
1518 1871 1746 1907 ἐκκλησιαστικοῦ
1765 1872 1817 1898 καὶ

1024 1920 1106 1956 ὀρθοῦ
1123 1922 1310 1957 φρονήματος,
1327 1921 1398 1956 ὑπὲρ
1416 1917 1457 1953 οὗ,
1488 1920 1570 1955 μέχρι
1586 1918 1645 1952 νῦν,
1662 1918 1748 1954 μυρία
1761 1926 1818 1944 rra-

1025 1968 1081 1995 θεῖν
1095 1968 1206 2001 εἴλοντο,
1223 1968 1337 1999 ἑαυτοὺς
1351 1966 1528 2002 ἑκτέμνουσίν
1542 1975 1573 1993 τε
1590 1966 1637 1993 καὶ
1652 1964 1817 2000 ἀποκηρύτ-

1023 2022 1133 2041 τουσιν’
1159 2014 1228 2049 ὅπερ
1251 2013 1353 2045 παντδς
1373 2012 1491 2048 μάλιστα.
1516 2011 1606 2047 ψυχὴν
1629 2011 1743 2046 πλήττει
1764 2009 1819 2036 καὶ

1024 2061 1174 2095 ὲκδαπανᾷ,
1192 2059 1260 2095 μέλη
1276 2059 1353 2095 ὀρᾷν,
1364 2055 1402 2086 ὧν
1417 2058 1501 2094 ἐσμὲν
1517 2058 1662 2093 σύσσωμοι
1678 2057 1725 2084 καὶ
1742 2065 1819 2091 συμ-

1026 2106 1145 2142 μέτοχοι,
1176 2105 1296 2140 Χριστοῦ
1312 2105 1364 2140 τῆς
1388 2104 1510 2141 κεφαλῆς
1523 2103 1701 2139 διασπώμενά
1714 2111 1745 2129 τε
1766 2102 1821 2129 καὶ

1024 2150 1327 2187 ἀποφθειρόμενα,ἀλλ”
1348 2151 1424 2186 ὅμως
1448 2151 1586 2186 ἀφόρητον
1604 2149 1634 2176 θν
1657 2147 1688 2175 τδ
1714 2147 1820 2179 κακὸν,

1025 2196 1143 2232 φορητὸν
1155 2196 1189 2223 ἂν
1199 2195 1320 2231 ἐγεγόνει
1331 2196 1389 2227 τοῖς
1402 2195 1507 2231 ῥηθεῖσι
1528 2193 1749 2230 παραδείγμασιν
1759 2202 1768 2209 ⁸
1785 2193 1822 2220 τὺ

1024 2243 1053 2271 δὲ
1069 2244 1118 2270 καὶ
1132 2243 1182 2279 τὴν
1195 2243 1283 2270 αἰτίαν
1302 2242 1349 2270 τοῦ
1364 2242 1536 2274 καταλιπεῖν,
1555 2242 1622 2277 ἡμῖν
1633 2241 1822 2277 τεχνάζεσθαι

1024 2290 1200 2325 ἐπιγράφειν,
1215 2287 1247 2317 οὗ
1263 2289 1301 2325 μὴ
1315 2289 1396 2325 μέχρι
1409 2289 1457 2316 νῦν
1469 2288 1524 2315 οὐδ’
1537 2288 1611 2315 ἐστιν
1622 2289 1713 2323 εὑρεῖν
1726 2287 1823 2322 ὑπάρ-

1024 2338 1072 2372 ξαν
1086 2338 1274 2373 παράδειγμα,
1287 2337 1345 2370 πῶς
1365 2337 1397 2365 άν
1419 2345 1473 2369 τις,
1490 2337 1514 2364 εί
1533 2337 1582 2363 καὶ
1600 2337 1690 2364 πάντα
1716 2336 1824 2370 φέρειν

1024 2384 1086 2420 ἔσχε
1101 2384 1265 2419 γυμνασίαν,
1283 2383 1443 2417 ὑπενεγκεῖν
1464 2382 1614 2418 δυνηθείης
1633 2381 1704 2408 καλά
1718 2388 1751 2414 γε
1772 2380 1821 2414 (οὑ

1024 2430 1078 2464 γὰρ
1092 2430 1198 2465 ἀπέχω)
1220 2429 1269 2460 τὰς
1285 2428 1402 2463 ἀμοιόὰς
1422 2428 1468 2454 τοῦ
1481 2427 1546 2462 περί
1557 2435 1587 2453 τε
1603 2426 1676 2453 θείου
1693 2426 1741 2452 καὶ
1756 2433 1824 2451 πα-

1025 2475 1120 2510 τρικοῦ
1135 2475 1259 2509 φίλτρου,
1275 2474 1389 2500 καὶτῶν
1413 2472 1608 2507 πνευματικῶν
1631 2471 1746 2498 ἐκείνων
1765 2471 1824 2496 καὶ

1023 2521 1172 2556 ὑπερφυῶν
1188 2522 1235 2548 καὶ
1255 2521 1378 2557 φρικτῶν
1394 2520 1517 2552 ἐκείνων,
1535 2521 1565 2546 ὲν
1583 2516 1627 2550 αἶς
1644 2519 1676 2544 σὺ
1697 2517 1823 2552 φωστὴρ

1022 2568 1051 2594 ἐν
1068 2568 1163 2603 κόσμῳ
1174 2568 1254 2602 λόγον
1268 2567 1342 2602 ζωῆς
1362 2566 1482 2601 ἐπέχειν,
1506 2567 1541 2601 τῇ
1560 2565 1677 2600 μυστικῇ
1692 2564 1826 2590 παστάδι

1022 2614 1073 2647 τῆς
1091 2613 1256 2648 Ἐκκλησίας
1270 2612 1454 2647 ὲναπετέχθης
1466 2620 1475 2628 ι
1490 2611 1577 2637 ταῦτα
1593 2610 1638 2636 διὰ
1659 2609 1711 2643 τῆς
1734 2609 1827 2643 ὑμῶν

1022 2659 1187 2694 ἁξιαγάστου
1203 2660 1251 2686 καὶ
1262 2659 1336 2690 θείας
1359 2658 1503 2690 συνέσεως,
1521 2657 1590 2692 πρὸς
1612 2656 1658 2684 τὸν
1677 2654 1743 2691 χθὲς
1768 2655 1829 2682 καὶ

1024 2706 1122 2740 πρώην
1151 2705 1231 2741 δοχὰς
1266 2706 1336 2740 ἡμῖν
1361 2705 1410 2732 καὶ
1436 2703 1591 2740 ὕπερδοχὰς
1619 2701 1830 2737 περιθέμενον,

1023 2751 1210 2787 ὑποφέρομαι,
1225 2752 1274 2778 καὶ
1290 2751 1341 2786 τῆς
1357 2749 1426 2781 ιδίας
1440 2749 1529 2785 ὁρμῆς
1542 2748 1593 2783 τὴν
1610 2747 1689 2783 ἡμῶν
1700 2747 1832 2782 ἐπιτρο-

1025 2798 1079 2833 πὴν
1093 2797 1258 2833 πειραθέντα
1269 2796 1372 2830 λαϐεῖν,
1384 2795 1516 2831 αἰσχύνης
1532 2794 1579 2822 καὶ
1592 2793 1832 2829 ἁμαρτημάτων,

216 2881 240 2899 ³³
256 2881 350 2910 Matth.
370 2884 453 2915 v.15.
493 2885 516 2902 “
529 2885 628 2914 llTim.
646 2895 683 2919 tv,
702 2887 743 2914 16.
785 2888 806 2904 ¹⁸
818 2887 884 2915 ibid.
902 2886 942 2915 il.
984 2887 1004 2904 "
1019 2887 1114 2916 Matth.
1131 2895 1205 2919 xxtv,
1222 2887 1262 2914 i5.
1304 2885 1325 2902 "
1341 2884 1412 2914 Psal.
1429 2893 1467 2921 xi,
1480 2885 1508 2912 2.
1541 2885 1562 2902 “
1576 2885 1759 2919 Mellitum-1,
1775 2885 1833 2913 56.
