1940 3087
134 143 186 174 ⁵157

709 143 976 176 EPISTOLARUM
996 145 1112 176 LIBER
1130 146 1156 176 Ι.

1699 148 1752 181 ’158

132 202 169 234 ὡς
181 201 272 237 δῆθεν,
285 200 460 237 ἀποστροφὴν
477 200 524 227 καὶ
548 200 735 236 ἀναχώρησιν,
751 201 776 227 εί
794 201 842 228 καὶ
856 201 919 228 τού-

983 201 1121 229 nirabilem
1142 205 1169 229 et
1183 201 1300 229 divinam
1313 202 1393 238 plane
1408 201 1479 231 illius
1493 202 1613 231 hominis
1634 203 1753 239 pruden-

132 248 238 276 ναντίον
260 248 416 284 ἐμπραττεν
443 247 517 283 αὐτῷ
543 247 734 284 περιγέγονεν
754 249 772 283 ἡ
799 248 854 284 γὰρ
876 249 918 280 είς

132 295 224 330 ἕτερον
254 293 379 329 ἀναφορὰ
402 292 449 320 τοῦ
476 293 659 328 ἐγκλήματος,
681 292 716 320 ἀν
741 293 809 329 μηδὲ
823 293 917 329 χώραν

134 339 213 377 εὕρῃ.
229 338 347 375 μάλιστα
362 338 394 366 τὸ
412 339 552 374 τέχνασμα
572 337 788 372 παρεισδύσεως,
802 338 843 370 εἰς
854 347 918 373 σφο-

133 385 264 422 δροτέραν
293 384 455 420 περιτρέπει
476 384 524 411 τοῦ
550 384 704 416 συνειδότος
734 384 919 419 κατάγνωσιν,

134 431 240 458 οἴκοθεν
254 430 302 458 καὶ
318 430 393 465 σαφῆ
405 429 454 457 καὶ
467 429 587 464 ἄφυκτον
597 430 645 457 τὸν
661 429 773 465 ἔλεγχον
787 429 919 465 φέρουσαο

134 476 161 503 τί
190 476 246 512 γὰρ
273 475 408 512 ἑτέρωθεν
437 475 544 510 ἐζήτεις
566 475 735 511 συμμαχίαν,
750 476 799 502 καὶ
827 476 921 511 σχῆμα

135 521 240 557 σεαυτῷ
262 520 409 557 ὲτεχνάζου
431 520 625 555 δικαιολογίας,
645 521 671 548 εί
691 520 775 557 μὴτὸ
798 521 920 553 συνειδὸς

969 247 1046 280 tiam,
1069 248 1115 283 qui
1131 255 1181 275 nos
1197 247 1256 274 heri
1278 255 1310 275 ac
1319 248 1516 276 nudiustertius
1534 249 1615 284 epulo
1630 250 1754 284 apposito

971 293 1121 328 recipiebat
1137 302 1144 320 :
1161 293 1262 329 quique
1276 301 1309 322 ex
1325 294 1408 322 animi
1429 295 1472 322 sui
1493 295 1596 330 impetu
1611 295 1698 323 nostri
1725 296 1754 323 in

971 346 1002 367 se
1017 339 1198 374 patrocinium
1216 340 1354 375 suscipere
1365 344 1393 368 et
1407 340 1550 368 tuitionem
1567 340 1676 369 volebat
1688 350 1694 368 :
1708 342 1756 369 de-

972 383 1088 418 decoris,
1108 390 1136 412 et
1157 385 1337 413 admissorum
1352 384 1497 413 criminum
1515 385 1696 418 aversionem,
1708 385 1756 413 dc-

973 431 1181 466 pulsionemque
1195 431 1308 464 scilicet,
1323 431 1387 459 licet
1399 438 1478 459 secus
1490 438 1571 466 quam
1587 434 1755 466 speraverat.

972 476 999 503 id
1023 476 1208 512 contingebat.
1227 475 1409 504 Transmissio
1431 475 1564 511 siquidem
1583 473 1707 502 criminis
1728 473 1757 501 in

971 522 1056 549 alium
1067 522 1233 557 quempiam,
1247 522 1271 550 si
1284 530 1340 550 non
1349 521 1506 550 admittatur
1521 520 1665 549 artiﬁciose
1676 527 1757 548 exco-

135 567 210 595 ἔνδον
230 565 303 603 εἶχες
326 567 426 603 πικρὸν
440 567 593 603 κατήγορον
620 567 670 602 τῆς
698 566 871 602 βουλήσεως;
892 566 920 594 τί

983 569 1054 603 ςίισῑο
1080 568 1256 601 machinatio,
1279 567 1308 595 in
1330 567 1480 603 graviorem
1509 566 1659 595 concedere
1686 565 1758 593 solet

134 613 164 640 δὲ
178 613 239 640 καθ’
255 613 337 640 αὐτὸν
350 612 381 640 οὐ
392 612 533 648 πράττεις,
545 612 565 640 ἀ
579 612 742 646 σπουδάζεις
765 612 877 641 ἄλλοθεν
889 619 918 640 ιι.

983 612 1146 641 «inscientiae
1160 612 1427 645 condemnationem,
1446 611 1511 639 dum
1531 611 1565 639 ab
1581 611 1655 639 intus
1668 609 1757 638 inevi-

137 660 246 688 tabilem
272 659 490 695 redargutionem
518 659 690 688 manifestam
722 659 835 695 patitur.
865 658 921 687 Cur
944 666 1011 688 vero
1039 660 1149 688 aliunde
1191 659 1334 696 satagebas
1368 657 1519 686 auxilium?
1541 664 1591 685 cur
1613 656 1758 684 formulam

137 709 186 737 tibi
201 708 369 737 defensionis
393 712 423 736 et
445 712 606 743 praetextum
632 707 808 736 artiﬁciosum
833 707 1010 744 procurabas,
1040 708 1063 736 si
1089 707 1255 736 conscientia
1276 707 1382 734 interna
1409 705 1555 734 destitutus
1569 712 1630 733 eras
1649 709 1702 733 tuae
1713 712 1760 733 vo-

137 754 250 785 luntatis
267 753 453 782 accusatrice?
471 752 549 787 Quod
569 760 619 789 per
633 757 662 781 te
681 760 738 781 non
763 753 821 789 agis
849 754 917 789 ipse,
937 753 991 782 hoc
1015 761 1066 790 per
1078 753 1146 782 alios
1167 753 1297 788 consequi
1312 751 1428 780 moliris.

177 801 235 828 Καὶ
249 801 274 828 εί
285 799 325 836 μὴ
339 800 394 828 τῶν
404 799 552 828 ἐπιστολῶν
563 801 578 828 ό
593 800 675 836 νόμος
691 801 802 836 ἐπέσχε,
814 801 860 828 καὶ
874 799 921 828 τοῦ

1007 801 1087 829 Certo
1102 801 1126 829 si
1139 804 1278 837 pateretur
1291 800 1333 828 lex
1346 799 1508 835 epistolaris,
1517 798 1539 826 si
1554 798 1607 826 mei
1616 806 1762 826 amanuen-

137 847 343 882 ὑπογράφοντας
355 848 373 882 ή
391 847 452 883 χεὶρ
469 847 519 874 καὶ
542 846 604 874 τότε
631 847 768 874 κλαπείσα
793 846 920 882 ἐμποδὼν

983 847 1012 875 iis
1019 854 1118 874 manus
1124 846 1224 874 lassata
1235 853 1265 874 se
1276 853 1332 874 non
1345 845 1528 878 subduxisset,
1537 845 1661 881 pluribus
1671 844 1762 873 adhuc

137 893 240 926 ἵστατο,
253 892 341 925 εδειξα
353 893 387 920 ἂν
396 893 590 929 ἀκριϐέστερον
602 893 649 919 καὶ
662 892 707 921 διά
720 892 852 920 πλειόνων
861 892 922 919 τότε

983 900 1153 928 tersequerer
1165 893 1270 928 justum
1280 899 1370 920 meum
1385 891 1518 925 dolorem,
1530 896 1559 919 et
1569 891 1597 918 in
1612 891 1712 926 quibus
1727 892 1763 918 ab

137 938 273 975 ἡμέτερον
287 938 379 973 ἄλγος,
394 939 442 966 καὶ
464 935 507 970 οἷς
532 939 636 971 ἒκεῖνος
650 938 725 974 ἡμᾶς
747 937 901 973 ἐλυμήνατο
912 945 922 955 ι

139 983 210 1011 ἀλλὰ
224 983 284 1016 πῡς
297 984 348 1016 τὰς
365 983 464 1012 ἑαυτοῦ
477 983 609 1020 λαμπρὰς
632 983 790 1018 ὁμολογίας,
805 983 839 1017 ἀς
857 984 925 1011 ἑνώ-

139 1038 201 1057 πιον
213 1029 283 1057 Θεοῦ
300 1029 348 1057 καὶ
360 1030 495 1064 ἀγγέλων,
507 1029 623 1057 ἐνώπιον
636 1030 745 1058 πάντων
759 1029 923 1065 ἀνθρώπων,

141 1075 282 1110 βασιλέων,
294 1075 443 1111 ἀρχόντων,
455 1075 614 1112 ἀρχομένων
624 1077 860 1113 ἐπαρρησιάσατο,
874 1077 926 1104 οὐκ

140 1122 183 1153 εἰς
201 1121 324 1157 μεγάλην
338 1122 400 1156 ἄγει
419 1121 502 1155 αίδῶ;
518 1121 577 1158 πῶς
586 1121 618 1148 τὸ
632 1123 682 1157 τῆς
699 1122 863 1157 Ἐκκλητίας
876 1122 926 1150 οὐκ

142 1165 304 1201 ὲδυσιιιπήθη
321 1165 462 1201 καύχημα,
495 1165 510 1192 ὃ
534 1166 606 1193 κατὰ
627 1167 729 1198 παντὸς
745 1166 838 1202 φέρειν
863 1166 927 1202 ἔσχε

142 1211 190 1237 καὶ
199 1210 296 1246 χρόνου
311 1211 361 1238 καὶ
373 1211 560 1247 διηγήματος;
575 1212 625 1239 καὶ
646 1212 691 1247 εῐη
715 1220 743 1247 γε
756 1211 806 1248 τῆς
823 1212 929 1240 ἀνωθεν

143 1258 341 1294 ἔνισχυρούσης
355 1259 485 1294 παλάμης
500 1258 633 1294 διηνεκῶς
649 1259 860 1295 μγαλαυχοῦσα
881 1261 930 1288 καὶ

145 1303 266 1339 φέρουσα
276 1311 285 1320 ⁸
307 1303 367 1335 πῶς
383 1303 412 1330 δὲ
427 1303 461 1331 δι’
488 1303 572 1330 αὐτοῦ
591 1304 638 1330 καὶ
651 1303 734 1339 μόνου
755 1304 930 1340 ψυχαγωγεῖν

144 1349 216 1384 ἔγνω
230 1348 261 1376 τδ
274 1348 433 1380 ἀντίπαλον.
445 1348 493 1376 καὶ
519 1349 574 1385 ίδίᾳ
591 1348 697 1376 πτώσει
711 1349 762 1385 τὴν
776 1350 869 1385 κοινὴν
883 1350 932 1378 καὶ

146 1394 297 1430 παράδοξον
303 1395 355 1430 τῆς
369 1394 533 1430 Ἐκκλησίας
541 1395 636 1423 στάσιν
642 1394 771 1431 χωλεύειν
779 1395 930 1431 προείλετο;

145 1441 239 1468 καινὸν
253 1441 305 1476 μὲν
316 1441 371 1476 γὰρ
386 1441 433 1468 καὶ
447 1440 605 1477 παράλογον
617 1442 633 1468 ὀ
656 1441 851 1478 πολυμήχανος
870 1442 932 1477 δφις

146 1486 241 1522 κόσμῳ
266 1485 428 1521 παραδεῖξαι
447 1487 654 1514 ἐνεανιεύσατο*
679 1486 749 1515 ἀλλὰ
776 1487 933 1524 καινότερον

146 1533 194 1560 καὶ
220 1531 436 1568 παραδοξότερον
454 1532 502 1559 καὶ
529 1531 601 1559 θετον
614 1531 705 1568 ἔργον,
723 1532 762 1565 ὡς
784 1532 904 1568 ἀληθῶς,
918 1533 933 1560 δ

145 1578 198 1614 τῆς
210 1577 318 1613 φύσεως
331 1578 411 1615 ἡμῶν
420 1578 546 1614 Πλάστης
556 1578 604 1606 καὶ
616 1578 786 1614 Δημιουργδς
799 1578 934 1614 κατέστη-

147 1631 205 1651 σεν.
235 1623 267 1651 '0
292 1623 344 1659 μὲν
363 1623 419 1659 γάρ
449 1624 610 1660 ἀνθρώπους
633 1624 869 1660 τρισαλιτηρίους,
884 1624 933 1652 ἀν-

147 1670 274 1706 θρώπους
283 1669 339 1697 οὐδ’
358 1670 400 1703 είς
410 1670 528 1706 ἀριθμόν
544 1678 607 1698 τινα
626 1670 833 1703 συντελοῦντας,
848 1670 934 1698 πάλαι

146 1717 198 1752 τῆς
213 1717 356 1753 ιερατικῆς
370 1716 451 1749 ἀξίας
469 1716 729 1752 ἀπογυμνωθέντας,
754 1717 803 1744 καὶ
817 1717 872 1744 τῶν
887 1717 936 1745 ὲκ-

148 1761 352 1796 κλησιαστικῶν
378 1761 527 1795 συλλόγων,
555 1760 590 1787 δι’
620 1760 654 1793 ἀς
675 1760 766 1793 αἰτίας
777 1761 839 1788 οὐδὲ
856 1760 936 1797 θέμις

148 1807 240 1842 λέγειν
260 1806 348 1843 ἡμῖν,
369 1806 648 1842 ὲξοστρακισθέντας,
668 1806 710 1838 δὶς
738 1806 934 1839 ἀποθανόντας,

149 1851 361 1888 ὲκριζωθέντας,
388 1851 461 1879 κατά
494 1852 545 1888 τὴν
562 1852 744 1888 ἀποστολικὴν
759 1852 825 1888 περὶ
843 1852 936 1879 αὐτῶν

149 1899 378 1935 προαναφώνησιν
388 1917 398 1932 ,
407 1899 541 1932 σπίλους
562 1897 613 1926 καὶ
627 1898 760 1934 μώμους,
773 1899 935 1934 τολμητὰς,

150 1943 306 1978 αὐθάδεις·
321 1943 436 1977 τούτους
460 1943 591 1976 ύπεισδὺς
606 1943 654 1971 καὶ
667 1944 718 1979 τῆς
730 1943 835 1976 οικείας
850 1952 936 1979 πονη-

153 1991 404 2027 ρωςὲργαστήριον
430 1989 665 2026 προστησάμενος,
683 1990 718 2017 δι’
740 1990 831 2017 αὐτῶν
845 1989 938 2017 πᾶσαν

151 2037 339 2074 καταστρέψαι
345 2037 393 2064 καὶ
407 2035 573 2064 καταλαϐεῖν
583 2036 632 2072 τὴν
652 2035 818 2071 Ἐκκλησίαν
829 2036 936 2072 ἐφρυά-

153 2085 235 2118 ξατο·
251 2085 266 2110 ὸ
281 2083 323 2117 δὲ,
336 2081 382 2111 οἷα
398 2083 432 2119 δὴ
448 2082 591 2118 θαυμάσια
622 2082 704 2118 μόνος
729 2082 825 2116 ποιῶν,
839 2082 886 2109 καὶ
909 2082 938 2108 ὲν

152 2129 213 2160 ταῖς
228 2128 334 2163 θλίψεσι
353 2127 495 2155 πλατύνων
508 2128 572 2160 τοὺς
594 2128 829 2163 ἐπικαλουμένους
843 2127 936 2160 αὐτὸν,

153 2173 202 2200 καὶ
208 2173 271 2200 τότε
283 2173 401 2209 μάλιστα
406 2173 537 2200 δεικνύων
544 2173 575 2200 τὸ
581 2174 631 2209 τῆς
641 2173 771 2209 προνοίας
778 2173 882 2209 ἄφατον
891 2173 939 2200 καὶ

972 939 1020 967 illo
1031 939 1110 967 laesus
1118 946 1190 967 sum.
1198 938 1235 966 At
1245 938 1385 967 enimvero
1395 937 1524 974 praeclara
1537 937 1610 965 illius
1617 936 1761 973 professio,

973 992 1065 1014 coram
1076 985 1131 1013 Deo
1143 989 1171 1013 et
1178 985 1291 1021 angelis,
1299 992 1389 1012 coram
1403 984 1530 1012 omnibus
1540 983 1706 1014 hominibus.
1717 990 1763 1010 re-

975 1031 1063 1067 gibus,
1076 1030 1256 1066 principibus,
1275 1030 1392 1058 subditis
1417 1029 1566 1063 enuntiata,
1582 1036 1638 1057 non
1659 1028 1764 1064 pudore

976 1077 1108 1105 sun'undit
1125 1077 1340 1105 vehementius?
1354 1076 1431 1105 Unde
1450 1076 1552 1104 factum
1579 1080 1611 1103 ut
1635 1075 1765 1103 Ecclesiae

976 1123 1100 1159 gloriatio
1107 1131 1164 1151 non
1177 1127 1315 1156 vereatur,
1329 1128 1534 1158 quamaemper
1548 1126 1576 1149 et
1589 1121 1690 1156 ubique
1700 1129 1765 1156 pro-

977 1169 1070 1205 palare
1083 1173 1190 1204 poterat
1208 1173 1237 1196 et
1250 1176 1305 1204 pra;
1320 1176 1349 1196 se
1364 1168 1446 1201 ferre,
1466 1174 1586 1203 superna
1610 1167 1764 1202 praesertim

977 1223 1062 1243 manu
1077 1214 1280 1247 corroborante,
1296 1214 1326 1242 in
1341 1221 1394 1249 qua
1411 1217 1545 1249 perpetuo
1559 1211 1741 1248 triumpharet
1755 1221 1763 1240 :

978 1261 1036 1290 suis
1050 1268 1140 1289 autem
1150 1261 1256 1289 viribus
1265 1264 1293 1288 et
1307 1259 1416 1295 quidem
1433 1258 1559 1287 solitariis
1575 1265 1658 1294 posse
1672 1265 1702 1286 se
1713 1265 1766 1294 pu-

980 1311 1022 1335 tat
1048 1306 1236 1334 adversarium
1249 1305 1384 1334 delinire:
1403 1312 1524 1340 casuque
1546 1311 1597 1332 suo
1611 1303 1708 1335 voluit.
1734 1307 1766 1331 ut

980 1352 1110 1382 Ecclesiae
1129 1352 1174 1380 ille
1189 1355 1276 1380 status
1291 1350 1444 1380 communis
1469 1354 1569 1386 praeter
1584 1357 1695 1378 omnem
1716 1357 1766 1377 ex-

981 1398 1178 1435 spectationem
1191 1398 1355 1425 claudit-aret
1366 1406 1373 1425 :
1385 1396 1491 1425 volebat
1500 1396 1628 1424 nimirum
1637 1394 1768 1424 versutis-

982 1445 1068 1473 simus
1088 1444 1133 1472 ille
1149 1452 1273 1479 serpens,
1285 1443 1405 1471 audaciae
1420 1451 1476 1471 sua:
1487 1449 1588 1470 novum
1603 1446 1632 1472 et
1652 1441 1768 1470 inusita-

983 1491 1125 1526 tumquid,
1137 1490 1240 1518 mundo
1266 1490 1354 1524 palam
1373 1489 1486 1517 facere:
1515 1489 1563 1518 sed
1587 1495 1657 1523 opus
1682 1487 1768 1523 magis

947 1545 969 1574 ο
985 1545 1099 1572 novum,
1126 1537 1281 1566 inauditum
1300 1540 1329 1565 et
1340 1536 1515 1572 'paradoxum
1537 1535 1633 1571 magis,
1660 1534 1774 1564 divinus

985 1588 1091 1611 naturae
1105 1588 1205 1611 nostra:
1218 1582 1316 1619 Opifex
1324 1587 1353 1610 et
1363 1582 1495 1611 Conditor
1505 1589 1538 1610 ex
1549 1581 1663 1609 adverso
1674 1580 1768 1611 edidit.

986 1629 1034 1658 Ille
1051 1628 1178 1657 homines
1191 1628 1312 1656 nefarios
1323 1632 1352 1656 et
1368 1627 1508 1663 improbos
1523 1627 1552 1654 in
1569 1627 1644 1655 nullo
1654 1633 1774 1654 numero

984 1674 1138 1707 habendos,
1164 1673 1326 1702 sacerdotali
1345 1673 1452 1708 pridem
1474 1672 1604 1709 dignitate
1629 1672 1770 1707 spoliatos.

985 1721 1102 1750 coetibus
1120 1720 1312 1749 ecclesiasticis
1338 1719 1399 1756 (sed
1416 1726 1485 1754 quas
1508 1719 1543 1746 ob
1566 1725 1671 1750 causas.
1699 1716 1773 1744 haud

986 1765 1054 1794 libet
1068 1766 1170 1802 dicere)
1187 1770 1304 1798 amotos,
1313 1765 1435 1798 abactos,
1448 1764 1494 1792 bis
1506 1769 1637 1796 mortuos,
1652 1762 1772 1790 eradica-

985 1817 1040 1845 tos,
1065 1812 1142 1847 juxta
1169 1811 1348 1847 apostolicum
1373 1811 1408 1839 de
1431 1810 1531 1838 talibus
1555 1809 1772 1845 pronuntiatum,

986 1856 1118 1889 maculas,
1136 1864 1246 1888 momen,
1263 1856 1388 1889 audaces,
1406 1859 1583 1891 arrogantes:
1599 1854 1707 1883 in.istos
1728 1853 1771 1881 ub

986 1910 1017 1931 se
1045 1902 1230 1930 insinuaverat
1249 1901 1384 1933 diabolus,
1403 1905 1431 1928 et
1452 1900 1486 1928 ad
1501 1899 1627 1935 propria
1645 1899 1777 1936 nequitiae

987 1947 1123 1976 oﬂicinam
1137 1947 1316 1983 applicuerat,
1331 1955 1382 1982 per
1394 1947 1455 1974 illos
1468 1945 1625 1974 universam
1639 1952 1774 1980 occupare

987 1992 1148 2026 Ecclesiam,
1177 2000 1227 2028 per
1245 1999 1379 2020 summam
1407 1990 1602 2027 impudentiam
1624 1989 1774 2018 nitebatur.

988 2038 1043 2067 Sed
1063 2038 1146 2071 Deus,
1162 2038 1209 2073 qui
1233 2037 1364 2065 miracula
1383 2042 1512 2072 operatur
1533 2036 1628 2067 solus,
1643 2031 1776 2064 etdilatat

989 2085 1150 2113 invocantes
1163 2092 1193 2113 se
1214 2084 1243 2112 in
1258 2083 1460 2117 aﬂlictionibus,
1477 2083 1523 2118 qui
1538 2090 1595 2110 suae
1627 2082 1774 2120 providen-

989 2132 1034 2159 tiae
1042 2131 1202 2165 sapientiam
1214 2129 1429 2166 inexplicabilem
1440 2128 1570 2159 ostendit.
1580 2135 1641 2155 cum
1657 2127 1776 2162 undique

991 2176 1226 2204 inextricabilibus
1247 2175 1453 2204 circumdamur
1476 2173 1609 2203 fluctibus,
1628 2172 1751 2210 oppressi
1767 2194 1776 2205 ,

155 2217 247 2253 σοφὸν,
253 2218 298 2244 ὅτε
305 2217 472 2253 πανταχόθεν
478 2218 508 2245 τὸ
512 2218 614 2254 ἄπορον
621 2219 785 2255 περιέστηκε
791 2219 839 2246 καὶ
843 2218 933 2252 δεινὸν,

983 2222 1061 2250 'adeo
1082 2225 1266 2257 comparatam
1281 2224 1310 2248 et
1338 2223 1564 2251 consummatam,
1585 2224 1651 2245 vere
1669 2217 1698 2244 in
1718 2217 1779 2252 ipso

154 2262 203 2289 ἐπὶ
209 2262 335 2290 τοσοῦτον
343 2262 430 2298 αὐτὴν
438 2263 696 2299 συγκεκροτημένην
704 2265 752 2290 καὶ
759 2264 942 2300 κατηρτισμέ-

154 2316 214 2344 νην,
228 2309 277 2336 καὶ
296 2308 335 2341 ὼς
347 2307 456 2343 ἀληθῶς
470 2309 500 2335 ὲν
509 2309 597 2345 ἑαυτῷ
608 2309 843 2345 τεθεμελιωμένην
853 2330 861 2343 ,
881 2311 943 2338 ἀνέ-

155 2354 251 2387 δειξεν,
259 2354 297 2386 ὡς
305 2354 336 2381 ού
346 2354 426 2389 μόνον
435 2354 598 2390 ἀντίρροπον
605 2355 655 2389 τῆς
663 2354 832 2390 κακουργίας
841 2355 886 2382 τὸν
896 2364 944 2383 πο-

155 2402 239 2437 νηρὸν
251 2401 299 2438 τὴν
314 2401 424 2438 πληγὴν
436 2402 574 2436 δέξασθαι,
589 2402 657 2430 ἀλλά
667 2403 735 2430 πολῦ
749 2403 945 2440 χαλεπωτέραν

156 2449 204 2476 καὶ
209 2449 399 2486 ἀλγεινοτιραν
405 2450 626 2486 εί‹ι’πράττεσθαι⁸
633 2452 692 2483 πῶς
699 2451 753 2487 γὰρ
759 2451 942 2488 οὐχὶ-μεγίστη

156 2496 205 2523 καὶ
217 2496 326 2528 ἀνίατος
336 2496 377 2532 τῷ
387 2497 502 2534 διαϐόλῳ
514 2497 642 2533 ἡπληγὴ,
659 2498 700 2525 δτι
713 2505 766 2533 περ
778 2498 808 2524 ὲν
823 2498 944 2534 τοσαύτῃ

156 2541 227 2577 ζάλῃ
241 2542 288 2569 καὶ
298 2543 450 2580 τηλικαύτῃ
464 2543 594 2580 συγχύσει
612 2543 661 2571 καὶ
685 2543 832 2579 μεταϐολῇ,
847 2543 879 2570 οὐ
898 2551 943 2578 μι-

157 2588 225 2624 κρὸς
237 2589 268 2615 ού
284 2588 381 2623 μέγας,
396 2589 447 2616 οὐκ
461 2590 571 2626 ἀσήμου
582 2590 689 2622 πόλεως
696 2590 854 2629 ἀρχιερεὺς,
865 2590 897 2617 οὐ
912 2590 943 2617 τὸ

157 2635 294 2670 ἐπίσημον
308 2635 433 2671 ἐχούσης,
450 2636 501 2664 οὐκ
518 2636 547 2663 ὲν
562 2636 635 2672 λόγῳ
655 2636 774 2673 ἰδιώτης,
793 2636 844 2664 οὐκ
855 2637 943 2672 ἀμφο-

156 2681 277 2717 τέρωθεν
295 2682 478 2718 ὡπλισμένος,
501 2684 550 2711 καὶ
575 2683 728 2720 σύνδραμον
753 2683 824 2720 ἔχων
842 2684 875 2720 τῇ
895 2692 946 2710 πυ-

159 2730 270 2766 κνάτητι
286 2731 338 2766 τῆς
350 2731 470 2763 διανοίας
488 2731 518 2759 τὺ
533 2731 624 2768 ῥεῦμα
637 2732 689 2769 τῆς
703 2732 837 2769 γλώττης,
850 2731 901 2759 οὐκ
915 2732 945 2758 ἐν

160 2774 211 2810 βίῳ
224 2775 362 2812 λαμπρὸς,
379 2778 429 2805 οὐκ
454 2778 484 2805 ἑν
503 2778 632 2815 ἀκριϐείᾳ
645 2779 788 2815 δογμάτων
813 2777 943 2812 περίϐλεε

990 2268 1142 2300 fundatam,
1157 2272 1187 2294 ut
1201 2274 1258 2295 non
1269 2266 1356 2294 solum
1372 2272 1467 2300 parem
1486 2269 1514 2292 et
1535 2264 1703 2299 adaequatam
1719 2270 1778 2290 ma-

990 2314 1057 2343 litia:
1081 2321 1138 2341 suae
1150 2313 1256 2349 plagam
1278 2312 1366 2339 malus
1384 2311 1509 2346 accipiat,
1525 2309 1572 2337 sed
1586 2309 1672 2337 multo
1690 2308 1776 2336 vehe-

992 2359 1154 2388 mentiorem
1179 2363 1213 2386 et-
1235 2365 1298 2386 cum
1321 2357 1418 2392 majori
1442 2357 1616 2391 conjunctam
1643 2359 1782 2382 tormento

993 2410 1133 2442 procuret.
1161 2403 1304 2437 Quomodo
1332 2403 1406 2431 enim
1434 2410 1490 2430 non
1515 2401 1647 2437 inﬂigitur
1672 2400 1781 2428 diabolo

996 2451 1115 2480 maxima
1132 2455 1160 2479 et
1172 2449 1331 2478 insanabilis
1342 2449 1430 2485 plaga,
1445 2455 1506 2476 cum
1518 2448 1546 2475 in
1562 2451 1636 2475 tanta
1650 2446 1780 2482 procella.

996 2495 1153 2524 talivrerum
1168 2493 1340 2525 confusione,
1359 2497 1433 2520 tanta
1457 2500 1548 2520 rerum
1561 2491 1721 2524 mutatione,
1735 2498 1784 2518 ne-

995 2550 1046 2576 mo,
1054 2549 1164 2579 parvus,
1189 2547 1312 2576 magnus,
1326 2539 1451 2568 obscura
1463 2538 1601 2567 urbeculae
1627 2538 1783 2573 episcopus,

996 2592 1098 2620 nedum
1112 2588 1156 2617 cui
1168 2591 1267 2623 prmest
1280 2586 1378 2622 aliquis
1394 2585 1511 2613 eximius
1524 2594 1532 2612 :
1546 2592 1630 2613 nemo
1655 2584 1730 2613 rudis
1754 2583 1783 2610 in

997 2644 1135 2668 sermone,
1145 2625 1239 2663 ‘nemo
1255 2633 1384 2668 utrinque
1402 2636 1586 2667 comparatus,
1613 2629 1660 2666 qui
1686 2629 1785 2663 linguae

998 2683 1196 2713 volubilitatem
1210 2687 1273 2708 eum
1287 2678 1413 2707 acumine
1429 2676 1528 2705 mentis
1549 2675 1723 2710 coniunctam
1735 2673 1784 2700 ha-

998 2729 1064 2757 bet:
1077 2733 1159 2755 nemo
1172 2729 1283 2761 propter
1297 2725 1379 2751 vitam
1406 2722 1535 2752 illustris.
1549 2724 1658 2755 propter
1673 2718 1784 2753 dogma—

999 2781 1056 2803 tum
1079 2773 1274 2802 sublimitatem
1295 2770 1469 2806 conspicuus,
1489 2766 1580 2795 nullus
1595 2765 1675 2801 plane
1701 2764 1787 2791 homo

799 2845 917 2876 VARIE
936 2843 1141 2874 LECTIONES.

197 2881 212 2897 ι
229 2877 262 2904 lor
288 2879 404 2913 φαίνειν.
