1940 3087
133 161 183 196 761

706 162 975 196 EPISTOLARUM
996 165 1112 196 LIBER
1131 165 1156 196 I.

1698 166 1753 199 762

132 228 177 247 ται
190 219 365 255 σπλάγχνων,
381 219 412 246 τδ
434 218 515 252 ἄλγος
536 218 622 255 αὐτῆς
638 219 688 255 τῆς
705 219 792 255 ζωῆς·
817 220 877 248 ἀλλ’
892 221 914 248 el

969 221 1084 254 tristem,
1098 222 1175 249 vultu
1191 221 1338 256 deiectum,
1359 221 1551 257 lacrymantcm
1562 230 1568 249 :
1581 222 1614 250 de
1631 227 1658 249 te
1675 223 1752 250 solli-

132 266 159 293 τί
175 274 215 292 σοι
228 265 277 300 τῆς
290 264 361 299 ἐμῆς
378 264 454 299 μέλει
463 263 536 299 ζωῆς
546 263 632 299 (οὔπω
645 264 675 290 δέ
693 264 729 300 μέ
747 273 791 297 τις
799 266 918 293 ἀναπεί-

133 311 174 338 θει
191 310 269 345 λόγος
283 310 321 342 ὡς
337 310 369 337 οὐ
385 309 472 344 μέλει)
490 309 590 345 μηκέτι
609 309 693 346 μηδὲν
710 311 833 338 τοιοῦτον
849 312 918 347 μηδὲ

132 355 335 393 παραπλήσιον,
350 357 420 392 μήτε
428 357 468 388 είς
484 356 582 392 βουλὴν
596 357 665 392 μήτε
676 357 716 389 εἰς
734 357 850 394 μελέτην
860 358 919 385 δια-

131 404 249 431 δαινέτω
260 411 267 420 ⁸
286 403 421 439 μακάριος
436 402 491 438 γὰρ
505 403 575 438 ἀνὴρ
587 403 636 438 οὐχ
647 403 675 436 ὃς
688 403 735 430 ἐπὶ
751 405 918 440 παρανόμων

130 451 180 478 οὐκ
191 452 309 487 ἔδραμεν
323 450 403 486 ἔργα,
411 451 468 478 ἀλλ’
475 450 504 483 ὃς
514 451 575 477 οὐδὲ
583 451 613 478 ἓν
623 452 656 487 τῇ
662 451 748 490 βουλῇ
758 452 847 480 αὐτῶν
852 453 918 479 esto-

132 495 230 531 ρεύθη·
249 495 312 531 μηδ’
326 496 368 522 ὅτι
385 495 493 531 χείρους
516 495 616 531 ἔχομεν
632 496 841 532 σεμνυνώμεθα,
859 498 918 526 ἀλλ’

131 539 159 566 ετ
170 549 252 567 τινων
274 540 406 573 ἐλάττους
425 541 610 576 ὲλεγχθῶμεν,
628 541 840 578 αἰσχυνώμεθα·
855 544 918 571 ἐπεὶ

131 586 178 613 καὶ
190 587 319 622 ἀριστεὺς
328 587 378 622 οὐχ
390 587 455 614 ὅταν
463 587 637 621 λειποταξίας
647 588 696 624 οὺχ
709 588 778 624 ἀλῳ,
788 589 844 616 οὐδ’
853 590 918 618 ὅταν

130 631 185 658 τῶν
200 632 327 666 φυγάδων
340 633 390 668 οὺχ
401 633 492 669 ἥττων
503 633 586 669 ὀφθῇ,
598 634 696 669 σεμνὸς
706 635 754 662 καὶ
765 635 915 671 περίϐλεπ-

130 685 192 709 τος·
205 678 264 704 ἀλλ’
280 678 364 706 ἔπιδ’
379 679 413 706 ἂν
435 679 491 706 τῶν
507 680 719 716 συστρατιωτῶν
745 682 879 716 κρείττων
887 682 918 710 ἐν

131 722 262 757 πολέμοις
284 723 410 759 ἀναφανῇ
438 723 486 751 καὶ
503 723 557 751 τῶν
578 725 684 761 ἐχθρῶν
701 726 839 762 κρατήσῃ,
856 726 917 754 τότε

132 768 178 795 καὶ
189 769 253 800 τοὺς
269 769 421 804 στεφάνους
444 769 518 797 ἐστὶν
534 770 711 806 ἀναδέχεσθαι
723 771 843 803 δίκαιος·
861 772 917 806 ναὶ,

130 814 226 848 δέομαι
248 814 296 840 καὶ
321 815 475 851 παρακαλῶ
497 815 593 848 δεῖξον.
620 816 652 843 τὺ
671 815 748 848 τέλος
773 815 849 849 ἀξιον
868 817 917 852 τῆς

130 861 229 895 ἀρχῆς,
256 859 331 893 ἀξιον
353 861 408 887 τῶν
434 860 563 895 ἀγώνιον·
578 861 602 888 ὣ
627 861 719 889 πόσων
745 861 916 897 στεναγμῶν,

233 892 361 941 δακρύων
375 907 404 932 ἐν
422 892 536 941 πελάγει
553 907 604 942 μὲν
619 907 725 943 μέσονι
750 892 916 943 mentiti-tutu
931 892 955 922 Β

130 951 178 978 καὶ
200 951 285 986 ζάλης
312 952 508 987 οὐριοδρομεῑν,
525 953 594 988 πρὸς
614 952 689 988 αὐτῷ
705 953 735 980 δὲ
748 953 788 989 τῷ
816 953 918 988 λιμένι,

130 997 395 1030 καταποντίζεσθαι·
433 999 482 1026 καὶ
509 998 629 1034 πόλεμον
652 999 703 1035 μιν
725 1001 838 1036 κρατεῖν
865 999 919 1026 τῶν

129 1043 245 1079 ἐχθρῶν,
259 1043 314 1071 τῶν
327 1044 356 1071 δὲ
373 1045 512 1080 τροπαίων
535 1045 628 1077 αὐτοῖς
643 1045 838 1079 ὑπεξίστασθαι
848 1054 855 1061 ·
870 1045 918 1072 καὶ

130 1089 177 1116 τὸν
200 1089 296 1122 ἀγῶνα
322 1089 373 1124 μὲν
385 1090 416 1116 ὲν
439 1090 478 1126 τῷ
505 1090 606 1126 σταδίῳ
630 1090 765 1126 λαμπρῶς
780 1092 917 1125 ἐνεγκεῖν,

130 1133 200 1168 πρὸς
210 1133 239 1160 δὲ
251 1134 315 1165 τοὺς
332 1134 481 1169 στεφάνους
492 1135 694 1170 μαλακίζεσθαι
703 1144 710 1151 ·
723 1135 796 1171 ὑμᾶς
807 1136 836 1163 δὲ
849 1136 916 1172 ἀρα,

131 1172 154 1203 ὦ
168 1177 217 1212 τῆς
227 1177 328 1212 ἀρετῆς
338 1178 463 1213 ἐρασταὶ,
486 1179 535 1207 καὶ
549 1181 602 1216 τῆς
624 1180 766 1213 εὐσεὸείας
783 1181 915 1217 κήρυκες,

132 1222 178 1248 καὶ
191 1222 241 1257 τῆς
255 1223 385 1258 ἀληθείας
396 1226 595 1260 προασπισταὶ,
611 1225 706 1261 ὥσπερ
717 1226 747 1253 ἐν
758 1227 814 1258 τοῖς
825 1226 918 1260 ἀλλοις

131 1268 244 1301 ἅπασιν,
268 1268 341 1296 οὕτω
360 1270 408 1297 καὶ
433 1270 483 1298 τοῦ
513 1271 649 1306 παρόντος
668 1272 768 1307 ἄλγους
787 1272 917 1309 εὑρήσειν

131 1312 244 1348 ἔμελλον
259 1313 442 1350 παραψυχήν·
455 1315 485 1342 οὐ
515 1316 596 1351 μόνον
613 1317 654 1343 ὅτι
681 1317 787 1351 πέφυκε
813 1318 844 1344 τδ
868 1318 915 1345 λυ·

131 1355 200 1382 ποῦν
209 1358 267 1389 τοῖς
288 1358 377 1392 φίλοις
408 1359 645 1396 ἐκκαλυπτόμενον
662 1361 814 1397 διαχεῖσθαι
827 1363 841 1383 δ
857 1372 917 1395 πως

130 1403 186 1432 τοῖς
203 1401 309 1436 λόγοις,
334 1403 382 1430 καὶ
402 1400 459 1431 οἷον
482 1405 723 1441 συνεξατμίζεσθαι
743 1415 751 1422 ⁸
767 1407 835 1435 ἀλλὰ
869 1409 917 1437 καὶ

132 1446 243 1481 μᾶλλον,
261 1448 330 1475 διότι
350 1449 472 1484 μεγάλας
489 1450 602 1483 ὲλπίδας
615 1451 670 1487 ἔχω
680 1452 724 1480 διὰ
747 1453 802 1480 τῶν
816 1454 915 1489 ὑμετέ-

132 1501 187 1528 ρων
205 1494 296 1529 σοφῶν
310 1496 358 1521 καὶ
373 1495 464 1522 καλῶν
474 1496 587 1532 ἐπῳδῶν
605 1506 635 1524 τι
652 1498 699 1525 καὶ
712 1500 912 1535 παραινέσεων,

131 1537 229 1566 θᾶττον
240 1540 448 1576 ἀναῤῥωσθῆναι
462 1541 506 1568 τὸν
520 1542 616 1578 ἄνδρα,
634 1543 682 1571 καὶ
701 1544 747 1571 τὸν
762 1545 810 1571 τοῦ
827 1545 915 1580 ὄφεως

130 1584 293 1620 ψιθυρισμὸν
310 1586 401 1613 τέλεον
421 1587 645 1623 ἀποστραφέντα,
667 1591 768 1626 μηκέτι
793 1591 914 1626 συμϐου-

130 1630 179 1664 λῆς
189 1631 354 1667 ἀνασχέσθαι
369 1633 577 1669 στασιαζούσης,
588 1635 651 1667 τοὺς
661 1635 758 1671 ὀρθοὺς
767 1636 915 1672 λογισμοὺς

131 1678 178 1705 καὶ
193 1679 234 1711 είς
245 1679 394 1716 δισταγμὸν
411 1682 638 1718 μετακλινούσης,
653 1682 800 1718 πτώματος
813 1684 912 1718 αἴτιον,

130 1724 188 1751 ἀλλ’
202 1726 243 1757 είς
258 1725 308 1761 τὴν
331 1727 470 1763 προτέραν
491 1728 719 1764 ὲπαναδραμόντα
744 1729 912 1764 τελειότητα,

130 1771 254 1798 ἄσειστον
263 1772 311 1799 καὶ
324 1773 471 1808 ἀκλύνητον
495 1774 525 1800 ὲν
545 1775 578 1809 τῇ
603 1774 706 1809 στερρᾷ
722 1774 770 1801 καὶ
794 1774 916 1810 spiam

130 1815 181 1849 τῆς
206 1817 352 1851 ὁμολογίας
376 1818 496 1853 Χριστοῦ
515 1819 714 1855 διατηρηθῆναι
740 1820 840 1856 πέτρᾳ,
868 1820 914 1848 διὰ

131 1860 189 1895 βίου
209 1861 309 1893 παντὸς
322 1862 371 1889 καὶ
384 1862 482 1896 λόγων.

967 267 1058 295 citudo
1085 267 1148 294 talia
1175 270 1280 294 causat.
1296 266 1384 294 Labor
1409 274 1486 294 meus
1500 268 1571 294 circa
1600 271 1637 298 te,
1650 267 1683 294 de
1695 267 1750 295 vita

966 313 1045 341 dolor
1073 312 1177 340 viscera
1201 320 1261 340 mea
1283 317 1410 347 penetrat
1436 312 1579 340 interiora.
1594 312 1694 345 Quare,
1726 313 1751 340 si

967 366 1036 386 meae
1051 359 1115 386 vita:
1131 358 1180 385 tibi
1196 365 1263 385 cura
1282 362 1324 385 est
1339 357 1392 384 ulla
1405 357 1414 392 (
1427 363 1455 384 et
1473 362 1548 385 certe
1567 365 1623 384 non
1650 359 1751 393 proba-

966 410 1012 433 tur
1036 411 1092 432 non
1113 412 1173 432 esse
1198 403 1246 432 tibi
1266 404 1369 438 curae),
1384 404 1440 431 noli
1466 404 1596 439 deinceps
1617 404 1750 438 ejusmodi

966 451 1068 486 aliquid
1089 451 1117 478 in
1145 450 1371 478 deliberationem
1396 449 1551 477 admittere.
1588 449 1686 477 Beatus
1708 450 1752 477 ille

965 498 1019 531 vir,
1032 505 1089 526 non
1102 497 1148 532 qui
1167 504 1338 532 nequaquam
1360 496 1479 524 cucurrit
1500 496 1534 524 ad
1551 496 1643 523 illicita
1667 496 1752 523 malo-

965 552 1028 572 rum
1046 552 1139 579 opera,
1155 544 1203 571 sed
1216 543 1263 578 qui
1279 550 1314 570 ne
1334 543 1444 578 quidem
1461 542 1573 570 incessit
1592 542 1619 570 in
1635 543 1752 570 concilio

966 590 1183 626 malignantium.
1192 589 1249 617 Nec
1261 589 1335 624 quod
1346 589 1413 620 sint.
1427 596 1507 623 quam
1520 597 1569 616 nos
1582 596 1687 621 sumus,
1701 589 1751 616 de-

967 635 1082 663 teriores
1101 635 1157 669 alii,
1179 635 1336 670 gloriemur,
1361 634 1410 662 sed
1432 634 1455 662 si
1473 633 1610 668 aliquibus
1632 634 1751 669 impares

966 681 1147 713 inveniamur,
1160 681 1262 716 pudore
1283 680 1476 707 suﬁ'undimur.
1490 679 1556 706 Nam
1585 685 1614 707 et
1632 681 1752 715 optimus

966 726 1045 754 miles
1058 726 1130 754 baud
1143 725 1265 753 desertor
1276 725 1428 757 convictus,
1443 732 1496 752 nec
1509 724 1582 759 quod
1596 731 1658 751 cum
1682 723 1752 759 fngi-

965 773 1030 801 tivis
1043 776 1198 803 censeatur,
1213 772 1304 799 clarus
1316 771 1416 799 obinde
1437 775 1466 798 et
1480 771 1592 798 illustris
1609 771 1649 803 iit,
1665 771 1713 798 sed
1728 770 1751 798 si

954 816 1037 846 'bello
1051 817 1224 852 praestantior
1239 824 1322 851 quam
1336 816 1552 844 commilitones:
1566 817 1589 845 si
1609 816 1753 844 victoriam

967 863 1001 891 de
1019 862 1145 890 hostibus
1164 862 1323 897 reportavit.
1347 865 1404 889 tum
1433 861 1533 897 dignus
1552 862 1692 896 iudicatur
1705 862 1752 896 qui

968 912 1122 936 coronetur.
1145 907 1246 934 Hortor
1273 911 1364 934 autem
1384 911 1466 941 atque
1487 907 1615 938 obsecro,
1638 907 1754 934 ostende

968 948 1204 989 ﬁnem'principio
1221 953 1345 989 dignum,
1365 952 1477 988 dignum
1503 953 1708 980 certaminibus.
1730 952 1754 980 0

967 1004 1101 1036 quantum
1119 1000 1196 1027 adest
1207 999 1323 1035 gemitus
1339 1002 1367 1026 et
1383 998 1573 1034 lacrymarum,
1588 998 1610 1025 si
1626 998 1654 1025 in
1669 999 1752 1026 mari-

968 1047 1011 1074 nis
1024 1046 1162 1078 tluctibus,
1176 1046 1248 1073 inter
1263 1049 1370 1078 ventos,
1387 1045 1414 1072 in
1428 1045 1587 1080 procellosis
1602 1049 1752 1079 tempesta-

967 1093 1042 1120 tibus
1059 1096 1163 1119 rectum
1176 1095 1269 1118 tenere
1283 1097 1395 1118 cursum
1411 1090 1559 1125 possimus,
1577 1095 1606 1117 et
1626 1090 1653 1117 in
1672 1094 1753 1124 portu

966 1137 1103 1173 patiamur
1114 1135 1286 1171 naufragium
1298 1135 1306 1162 ι
1320 1135 1413 1170 ρτωιίο
1425 1135 1448 1162 si
1462 1135 1603 1162 vincamus
1621 1135 1715 1162 hostes
1725 1138 1754 1162 et

967 1181 1137 1217 depellamur
1148 1188 1165 1208 a
1190 1180 1312 1215 tropieol
1341 1179 1369 1206 in
1392 1180 1479 1207 stadio
1493 1187 1555 1206 cum
1572 1179 1651 1206 laude
1663 1184 1753 1207 certa-

967 1235 1030 1255 men
1046 1226 1150 1260 subire,
1164 1230 1192 1254 et
1200 1225 1377 1253 emollescere
1395 1224 1430 1252 ad
1444 1225 1586 1252 braviuml
1609 1224 1663 1252 Vos
1677 1232 1752 1261 ergo,

966 1280 984 1300 ο
996 1272 1107 1301 virtutis
1126 1276 1272 1303 amatores,
1284 1270 1409 1298 veritatis
1419 1269 1465 1305 qui
1479 1277 1618 1305 prmi-ones
1631 1270 1708 1303 estis,
1726 1274 1754 1298 et

967 1317 996 1344 in
1021 1316 1107 1344 Deum
1130 1315 1239 1352 pietatis
1274 1315 1452 1347 defensores;
1477 1319 1508 1342 ut
1532 1320 1627 1342 contra
1653 1319 1752 1342 caetera

966 1362 1157 1400 prmvaluistis,
1180 1362 1217 1389 ita
1249 1361 1311 1389 date
1333 1368 1455 1396 operam,
1480 1365 1508 1388 et
1527 1361 1622 1388 sedulo
1647 1360 1754 1388 incum-

965 1410 1032 1439 bite.
1065 1413 1095 1436 ut
1122 1407 1195 1443 quod
1225 1411 1324 1442 exopto
1349 1406 1450 1433 doloris
1478 1405 1601 1433 habeatis
1615 1406 1754 1433 levament-

967 1460 1037 1482 tum.
1051 1454 1111 1482 Non
1124 1453 1160 1481 ob
1174 1461 1235 1481 eam
1250 1457 1356 1480 tantum
1368 1460 1489 1485 causam,
1503 1452 1566 1487 quia
1580 1452 1654 1487 quod
1668 1452 1755 1485 dolet.

966 1500 1063 1528 amicis
1073 1499 1096 1527 si
1107 1504 1270 1534 exponatur,
1285 1498 1388 1526 diﬂindi
1400 1498 1517 1533 quodam
1535 1497 1617 1525 modo
1629 1505 1678 1532 per
1694 1506 1755 1524 ser-

966 1553 1060 1574 mones
1066 1545 1175 1581 poterit,
1184 1548 1241 1577 aut,
1250 1548 1278 1571 ut
1287 1543 1326 1572 sic
1333 1544 1433 1576 dicam,
1443 1543 1583 1578 evaporari
1596 1551 1603 1576 ;
1612 1542 1661 1570 sed
1670 1543 1755 1569 multo

965 1589 1051 1625 magis
1065 1589 1136 1624 quod
1156 1596 1233 1624 spem
1254 1587 1389 1624 egregiam
1417 1587 1552 1622 concipio,
1575 1586 1696 1614 futurum
1726 1591 1756 1613 ut

965 1635 1064 1663 vestris
1074 1634 1254 1670 prudentibus
1266 1634 1321 1661 illis
1329 1637 1357 1661 et
1370 1633 1509 1668 praeclaris
1521 1631 1755 1660 admonitionibus

965 1686 992 1710 et
1003 1680 1267 1708 insusurrationibus
1276 1679 1508 1707 corroborandum
1524 1677 1673 1709 hominem,
1694 1685 1755 1704 scr-

965 1727 1054 1762 pentis
1064 1726 1137 1754 illius
1146 1726 1248 1753 diluam
1260 1725 1339 1753 sibilo
1350 1724 1429 1760 quasi
1440 1723 1562 1752 consiliis
1573 1723 1687 1750 ulterius
1698 1731 1752 1750 non

965 1772 1118 1808 pariturnm
1129 1778 1224 1798 eorum
1235 1770 1282 1805 qui
1293 1770 1417 1798 fecerunt
1425 1769 1622 1802 secessionem;
1633 1768 1678 1803 qui
1688 1776 1754 1796 con-

968 1817 1028 1845 silia
1037 1822 1111 1844 recta
1120 1822 1148 1844 et
1155 1816 1257 1851 optima
1265 1816 1299 1844 ab
1311 1815 1508 1844 dubitationem
1518 1814 1659 1842 inﬂectunt
1668 1814 1754 1842 ruina:

968 1863 1092 1891 daturam
1100 1863 1282 1893 occasionem.
1291 1861 1339 1890 sed
1347 1861 1380 1889 ad
1390 1861 1509 1896 priorem
1520 1860 1703 1896 integritatem
1715 1867 1755 1887 re-

129 1908 293 1942 versnm,ita
305 1909 847 1944 utimmotusetinflexus,inChristiame
865 1911 1047 1940 confessionis
1064 1915 1140 1946 petra
1152 1909 1237 1938 solida
1258 1914 1286 1938 et
1297 1909 1412 1937 infracta
1430 1913 1617 1942 conservetur,
1631 1908 1659 1936 in
1678 1908 1754 1936 omni

130 1955 192 1981 vitae
203 1961 297 1987 cursu,
311 1957 340 1982 et
354 1962 511 1983 sermonum
523 1956 655 1984 varietate
670 1962 860 1985 conservatus.

176 1999 212 2027 El
238 2008 284 2033 τις
305 1999 340 2027 δὲ
356 2000 549 2036 παράκλησις
570 2002 606 2029 ἐν
623 2002 740 2036 Χριστῷ
763 2002 848 2037 (μετά
868 2000 916 2028 τοῦ

130 2045 274 2074 θεσπεσίου
291 2046 399 2074 Παύλου
415 2047 496 2082 ὑμῖν,
520 2048 568 2074 καὶ
590 2048 625 2076 δι’
645 2048 724 2084 ὑμῶν
747 2050 832 2076 πᾶσιν
852 2049 914 2075 Mtt-

130 2091 278 2128 ὕοώμεθα),
292 2092 321 2119 ει
332 2101 360 2119 τι
374 2093 562 2128 παραμύθιον
579 2094 711 2129 ἀγάπης,
728 2094 757 2121 ετ
770 2103 815 2127 τις
832 2103 913 2121 κοιν-

130 2138 204 2164 ωνία
217 2138 401 2171 Πνεύματος,
425 2138 453 2165 ει
472 2147 541 2166 τινα
565 2139 730 2174 σπλάγχνα
753 2140 803 2166 καὶ
823 2140 913 2167 οἰκτι-

1007 2000 1094 2034 Atque
1102 1999 1160 2026 bzec
1169 1997 1279 2033 quidem
1295 1997 1436 2024 hactenus.
1451 1995 1525 2030 Quod
1534 1997 1558 2023 si
1566 2001 1655 2024 autem
1663 1998 1754 2033 aliqua

967 2047 1001 2073 sit
1017 2045 1161 2072 consolatio
1173 2045 1201 2071 in
1219 2043 1322 2072 Christo
1337 2044 1369 2076 ",
1382 2043 1501 2071 itaenim
1521 2044 1635 2072 vocibus
1669 2044 1755 2073 divini

967 2092 1043 2119 Pauli
1056 2091 1135 2121 vobis
1152 2090 1289 2126 sigillatim
1307 2089 1480 2123 inclamabo;
1502 2090 1525 2117 si
1541 2090 1610 2125 quod
1629 2091 1755 2118 solatium

966 2137 1113 2170 charitatis,
1128 2137 1151 2164 si
1168 2144 1226 2172 qua:
1236 2135 1344 2171 spiritus
1359 2137 1482 2168 societas,
1497 2136 1519 2163 si
1533 2144 1592 2171 qua:
1609 2137 1756 2164 miseratio-

126 2183 208 2218 ρμοὶ,
225 2183 403 2217 πληρώσατέ
429 2193 489 2218 μου
517 2184 576 2219 τὴν
600 2185 714 2219 χοράγ’
742 2185 796 2218 ἵνα,
820 2184 914 2220 ὥσπερ

967 2184 1007 2210 nis
1028 2183 1138 2215 viscera,
1169 2190 1213 2209 vos
1235 2180 1377 2215 adimplete
1399 2182 1528 2216 gaudium
1554 2190 1641 2208 meum
1655 2182 1697 2215 ﬂ;
1725 2187 1755 2209 ιη

133 2229 213 2264 μέχρι
237 2228 285 2256 νῦν
295 2249 304 2260 ,
321 2229 397 2256 οὕτω
423 2229 473 2256 καὶ
499 2229 673 2263 διαπαντὸς,
687 2230 721 2258 τὸ
737 2231 810 2258 αὐτὸ
825 2240 912 2266 φρον-

131 2274 195 2308 ῆτε,
219 2274 255 2302 ἐν
275 2274 322 2301 ἐνί
344 2275 491 2310 πνεύματι
524 2276 575 2303 καὶ
603 2275 658 2311 μιᾷ
690 2276 778 2312 ψυχῇ
802 2279 915 2305 συναθ-

130 2321 257 2354 λοῦντες
284 2319 340 2354 τῆς
365 2320 510 2354 ἀληθείας
535 2320 576 2354 τῷ
591 2322 767 2356 κηρύγματι,
793 2323 844 2350 καί
867 2322 912 2358 μὴ

131 2367 332 2400 πτυρόμενοισ
356 2366 392 2393 ἐν
416 2366 526 2401 μηδενὶ
559 2367 621 2394 ὑπὸ
653 2367 714 2394 τῶν
746 2368 914 2403 ἀντικειμέ-

130 2420 209 2438 van"
226 2411 293 2445 ἣτις
311 2412 415 2445 αὐτοῖς
426 2411 484 2446 μέν
498 2412 585 2439 ἐστιν
597 2411 725 2446 ἔνδειξις
751 2413 913 2447 ἀπωλείας,

130 2456 202 2491 ὑμῖν
230 2456 264 2483 δὲ
291 2458 454 2492 σωτηρίας,
490 2457 646 2485 καὶτοῦτο
675 2458 735 2486 ἀπὸ
758 2459 852 2486 Θεοῦ·
870 2460 915 2487 ὅτι.

131 2502 204 2537 ὑμῖν
214 2502 361 2538 ἐχαρίσθη
388 2501 444 2538 [τὸ]
463 2503 524 2530 ὑπὸ
548 2503 690 2538 Χριστοῦ,
708 2505 744 2531 οὐ
769 2505 868 2539 μόνον
880 2505 913 2532 τὸ

130 2548 176 2580 είς
193 2548 287 2575 αὐτὸν
310 2548 475 2580 πιστεύειν,
491 2548 572 2576 ἀλλὰ
598 2549 648 2576 καὶ
675 2549 709 2576 τὸ
726 2549 803 2584 ὑπὲρ
820 2551 914 2578 αὐτοῦ

131 2592 274 2628 πάσχειν.
282 2593 338 2621 Καὶ
354 2594 448 2621 ταῦτα
458 2595 515 2629 οὐχ
528 2595 569 2627 ὡς
581 2594 641 2622 τῶν
664 2594 745 2629 ἐμῶν
758 2595 914 2630 δεομένοις

131 2641 230 2674 λόγων
243 2639 436 2674 τράφοάλὲ
460 2641 500 2674 ὡς
527 2640 695 2675 χρεωστῶν,
726 2641 841 2677 ἀλλάγε
865 2642 915 2669 καὶ

133 2685 289 2721 ἐρώμενος
305 2685 378 2720 ὑμῖν
392 2687 558 2720 κοινωνεῖν,
578 2687 651 2715 ἔνθα
670 2688 728 2722 μὲν
751 2688 837 2715 καλεῖ
855 2697 915 2715 και·

128 2731 196 2765 ρὸς,
211 2732 314 2766 αὐτοῖς
327 2732 423 2767 ἓρτοις
442 2734 492 2760 καί
511 2734 625 2767 ἄθλοις,
641 2734 710 2762 ἀλλ’
721 2734 791 2761 deed
803 2734 838 2762 δὲ
864 2735 914 2762 καί

168 2789 191 2805 ¹⁹
209 2789 308 2825 Philip.
321 2796 353 2824 tl,
368 2790 395 2817 i.

966 2228 1195 2264 quemadmodum
1212 2228 1265 2255 huc
1275 2234 1373 2262 usque,
1384 2227 1421 2254 sic
1433 2234 1535 2261 semper
1548 2227 1617 2254 idem
1631 2228 1753 2262 sapiutis,

966 2274 995 2300 in
1007 2281 1058 2300 una
1072 2273 1167 2307 spiritu
1180 2272 1341 2298 unanimiter
1359 2271 1548 2298 collaborantes
1564 2273 1693 2306 praeconio
1713 2280 1757 2300 ue-

966 2320 1066 2352 ritatis,
1082 2323 1110 2346 ut
1122 2326 1256 2354 nunquam
1266 2318 1300 2344 ab
1313 2318 1472 2344 adversariis
1487 2319 1660 2346 terreamini:
1679 2318 1754 2351 Quod

965 2364 1022 2392 iiii:
1038 2364 1158 2392 concedet
1174 2365 1203 2391 in
1223 2364 1428 2396 damnationem,
1447 2364 1516 2391 vobis
1535 2364 1562 2391 in
1574 2364 1685 2391 salutem
1702 2365 1754 2391 im-

964 2411 1111 2446 putabitur,
1135 2411 1211 2446 idque
1230 2410 1284 2437 Deo
1302 2415 1444 2445 operante;
1456 2411 1518 2446 quia
1537 2410 1608 2438 vobis
1626 2411 1755 2438 donatum

965 2462 1002 2485 est
1016 2466 1034 2484 a
1047 2457 1160 2490 Christo,
1174 2464 1226 2483 non
1244 2456 1328 2483 solum
1351 2457 1418 2482 utin
1432 2456 1507 2483 illuni
1526 2458 1650 2488 credatis.
1665 2458 1710 2495 sed
1725 2462 1754 2484 ut

965 2512 1013 2539 pro
1025 2503 1071 2530 illo
1088 2503 1238 2538 patiamini.
1256 2502 1311 2529 Ista
1325 2507 1414 2530 autem
1432 2503 1534 2537 scripsi,
1547 2511 1598 2530 non
1612 2505 1680 2539 quod
1699 2513 1755 2531 ser-

965 2550 1084 2578 monibus
1096 2549 1161 2577 meis
1180 2549 1331 2585 indigentis,
1349 2549 1395 2576 sed
1421 2554 1557 2584 propterea
1570 2551 1639 2581 quod
1651 2551 1753 2578 deside-

967 2604 1032 2627 rem,
1048 2595 1141 2630 quippe
1150 2594 1251 2622 debitor
1261 2594 1382 2629 qutcdam
1400 2595 1529 2622 vobiscum
1549 2597 1754 2628 communicare,

967 2641 1012 2668 ubi
1034 2640 1112 2676 fuerit
1137 2639 1248 2671 occasio,
1267 2647 1344 2674 opere
1360 2640 1416 2675 ipso
1437 2644 1461 2666 et
1483 2641 1690 2670 concertatione;
1707 2648 1756 2667 nec

968 2687 1046 2723 factis
1062 2690 1165 2712 tantum
1177 2685 1221 2711 sed
1232 2684 1363 2712 interdum
1372 2690 1397 2712 et
1412 2685 1495 2712 verbis
1508 2686 1541 2713 ¹¹.
1567 2684 1619 2712 Vas
1632 2685 1712 2718 enim,
1725 2690 1756 2713 ut.

968 2741 1030 2762 cum
1045 2732 1150 2760 Joanne
1164 2730 1303 2767 Tbeologo
1315 2731 1414 2766 dicam,
1430 2731 1529 2759 habetis
1543 2740 1559 2759 a
1582 2735 1673 2758 sancto
1692 2729 1755 2766 Spi-

443 2791 466 2806 "
479 2790 545 2819 ibid.
553 2791 581 2818 2.
619 2791 641 2808 ¹¹
651 2791 750 2827 Philip.
765 2792 836 2824 ",2;
855 2799 874 2823 I,
887 2791 923 2819 29
940 2795 967 2819 et
982 2790 1095 2827 passim.

777 2850 892 2877 VABIJE
909 2849 1111 2877 LECTIONES.

172 2899 186 2914 ⁸
201 2894 243 2923 ῑσ.
260 2895 405 2932 ἁνάμισον.
441 2895 454 2917 δ
473 2895 678 2931 συνδιαχεῑτθαι.

719 2903 729 2917 ι
746 2898 900 2933 συρόμενος,
916 2897 957 2926 vel
968 2897 1157 2932 πτερούμενοι.
1193 2896 1206 2917 ἀ
1223 2897 1326 2925 ἄλλοτε.
