1940 3087
173 153 228 185 ’163

749 154 882 185 ΡΗΟΤΙΙ
901 155 1153 187 PATRIARCHIE
1170 156 1226 188 CP.

1744 154 1798 187 ’164

171 210 228 237 ritu
248 208 395 236 unctionem
414 217 422 235 ε
438 216 530 244 porro,
562 217 643 244 quam
666 209 814 244 accepistis,
831 210 919 236 unctio
933 210 976 238 in.

1027 211 1212 247 ‘oicﬁ'riyam;
1234 212 1289 240 Kal
1320 213 1376 248 τὰρ
1394 212 1479 248 ὑμεῖς
1498 212 1580 248 (μετά
1601 211 1649 240 τοῦ
1672 212 1798 248 θεολόγου

173 257 246 284 vobis
261 261 358 288 manet,
372 264 419 282 nec
435 264 498 290 opus
514 260 552 282 est
571 260 600 282 ut
617 257 757 291 quisquam
779 264 824 283 vos
847 256 965 289 erudiat,

172 303 221 330 sed
235 304 302 330 sicut
321 302 412 331 eadem
427 303 515 329 unctio
534 303 606 329 docet
623 311 678 335 vos,
693 307 718 329 et
728 303 796 330 sicut
816 311 861 330 vos
877 303 966 330 docuit

176 353 280 376 manete
297 349 324 376 in
341 357 379 381 eo,
388 353 418 375 ut
439 356 497 375 cum
510 348 667 382 apparuerit
692 347 776 376 Filius
789 348 848 380 Dei,
865 349 966 375 habea-

177 401 234 419 mus
253 392 386 426 ﬁduciam,
405 400 450 419 nec
471 393 665 428 confundamur
682 392 711 419 in
732 393 845 420 adventu
871 393 928 427 ejus
942 394 974 423 ¹¹.

176 437 254 465 Pacis
265 443 356 466 autem
372 443 465 466 custos
479 442 559 473 atque
574 446 632 471 rex.
642 439 688 474 qui
698 441 782 467 vitam
792 439 872 467 nobis
881 439 966 472 dedit,

175 489 207 512 et
224 484 348 511 eamdem
368 489 512 512 conservat
526 492 535 511 :
554 484 587 512 In
603 493 655 520 quo
682 485 807 517 vivimus,
824 493 967 518 movemur,

176 538 268 557 sumus
286 529 320 562 “,
332 529 412 565 cuius
428 530 530 557 amoris
546 530 676 562 vinculis,
696 538 749 558 nec
763 530 969 558 dissolubilibus

180 576 322 604 constricti
333 581 458 604 tenemur
471 587 477 604 :
488 576 535 604 ille
550 577 678 612 princeps
692 577 830 611 sacerdos,
842 576 970 611 idemque

180 630 306 657 magnus,
321 622 446 650 Christus
457 630 556 658 nempe
566 630 648 650 verus
660 627 751 650 noster
765 622 848 650 Deus:
860 622 910 655 Qui
922 630 970 649 nos

180 666 212 692 de
229 673 281 692 non
298 665 404 700 populo,
416 666 541 700 populum
562 667 694 694 constituit
718 667 907 703 acquisitionis,
924 675 971 702 per

180 712 336 746 sanguinem
360 713 496 746 proprium
508 713 531 728 "
544 722 551 740 ι
566 720 619 740 nec
641 713 771 748 populum
799 713 968 748 simpliciter,

182 757 233 784 sed
244 757 379 790 dilectam,
392 758 440 785 sed
457 762 559 793 gentem
571 758 756 790 sanctam,sed
773 758 861 794 regule
880 766 970 785 sacer-

183 802 295 834 dotium,
314 810 374 836 qua:
390 803 534 831 inell‘abilis
548 804 618 831 illius
634 805 742 832 bonitas
763 809 816 838 est,
840 804 908 838 ﬁlios
923 812 970 832 nos

183 848 352 881 constituens,
364 849 488 882 haeredes,
501 854 525 876 et
536 857 624 877 secum
639 850 878 885 cohteredesmpud
893 858 969 885 quam

184 901 236 920 non
248 898 285 920 est
295 895 429 921 conversio
438 894 477 922 vel
490 895 642 923 inversionis
658 896 750 923 umbra
760 896 868 931 “:quos
883 895 970 923 incul-

184 943 264 974 patos
274 939 309 966 ad
319 939 399 967 ﬁnem
415 948 501 975 usque
515 945 559 969 est
573 942 767 976 custoditurus,
781 943 970 978 constringens

185 991 237 1011 nos
251 984 359 1012 vinculo
372 985 447 1019 pacis
459 989 487 1012 et
497 986 608 1018 amoris,
626 985 746 1014 formans
761 994 813 1015 nos
822 987 850 1015 in
865 988 934 1023 ipso,
943 993 971 1017 et

187 1026 259 1056 inter
271 1035 377 1057 nosmet
389 1035 484 1058 mutuo
497 1031 608 1059 immota
632 1037 660 1060 et
682 1033 844 1061 inconcussa
862 1034 971 1069 pietatis

187 1075 322 1102 sententia
339 1077 514 1108 constitutus,
529 1085 610 1104 unam
621 1082 649 1105 et
662 1079 784 1107 eamdem
792 1086 888 1107 omnes
897 1080 973 1116 cogi-

187 1120 321 1149 tationem
344 1123 486 1155 habentes,
511 1130 595 1150 unum
611 1123 744 1157 dicentes,
763 1125 799 1152 ad
818 1133 902 1153 unum
914 1133 974 1161 pro-

187 1171 354 1202 spectantes,
374 1168 409 1196 ad
430 1169 552 1196 bravium
566 1176 690 1204 superna:
710 1171 858 1199 vocationis
878 1179 974 1208 prope-

189 1216 296 1239 rantes:
310 1212 346 1240 ub
355 1213 586 1248 primogenitorum
600 1213 719 1242 Ecclesia
730 1220 767 1242 est
775 1216 817 1243 ἐξ
835 1216 881 1244 ubi
899 1225 974 1245 mar-

188 1261 278 1292 tyrum
287 1258 397 1292 chorus,
406 1260 620 1294 patriarcharum
636 1261 828 1296 tabernacula;
839 1263 886 1291 ubi
898 1272 975 1292 men-

191 1304 298 1332 dacium
308 1314 363 1333 non
377 1306 528 1334 antefertur
543 1307 661 1339 veritati,
676 1315 731 1336 non
760 1313 803 1336 est
825 1310 974 1344 contentio,

187 1351 321 1386 tyrannis,
339 1352 451 1381 insanus
469 1353 560 1380 furor:
575 1354 623 1381 sed
636 1354 689 1382 alta
705 1354 922 1389 quies,veritatis
935 1355 976 1382 ir-

189 1397 346 1425 resistibilis
360 1399 532 1433 pulchritudo
546 1400 620 1427 nullo
630 1400 743 1428 artiﬁcio
756 1401 974 1429 inobscuranda:

189 1443 238 1470 ubi
262 1444 352 1478 quies,
368 1452 430 1479 pax,
459 1445 615 1478 concordia,
635 1446 775 1474 beatarum
794 1448 928 1476 visionum
949 1451 977 1476 et

191 1489 415 1517 inenarrabilium
431 1492 647 1526 spectaculorum
659 1492 784 1527 intuitus,
790 1493 975 1529 participatio,

1015 258 1100 293 φάναι
1137 258 1272 296 Ἰωάννου)
1297 260 1411 294 χρίσμα
1433 259 1517 294 ἔχετε
1535 259 1597 286 ἀπὸ
1630 258 1683 286 τοῦ
1711 259 1800 294 ἁγίου

1017 305 1200 340 Πνεύματος,
1212 305 1271 339 καὶ,
1285 305 1321 333 Τὸ
1334 306 1449 340 χρίσμα
1467 305 1482 332 ὃ
1496 305 1620 333 ἐλάϐετε
1632 305 1684 332 ἀπ’
1694 305 1799 338 αὑτοῦ,

1016 352 1051 378 ἐν
1061 351 1133 387 ὑμῖν
1148 351 1243 386 μένει,
1258 351 1309 378 καί
1322 351 1424 379 cloare
1435 351 1544 384 πάντα,
1566 351 1616 379 καὶ
1631 352 1668 378 οὐ
1695 351 1801 386 χρείαν

1015 397 1112 433 ἔχετε,
1124 399 1176 426 ἳνα
1191 407 1237 432 τις
1258 397 1389 433 διδάσκῃ
1405 397 1493 433 ὑμᾶς,
1519 398 1591 425 ἀλλ’
1615 397 1655 431 ὡς
1678 399 1710 425 τὸ
1727 397 1801 425 αὐτὸ

1017 444 1130 480 χρίσμα
1142 443 1280 471 διδάσκει
1291 441 1372 478 ὑμᾶς
1385 443 1452 477 περὶ
1464 443 1586 470 πάντων
1597 450 1607 459 δ
1632 443 1682 470 καί
1703 442 1801 475 καθὼς

1016 488 1157 522 ἐδίδαξεν
1169 488 1260 524 ὑμᾶς,
1278 487 1384 523 μένετε
1397 488 1433 515 ὲν
1444 487 1526 521 αὐτῷ
1534 495 1543 503 ·
1559 488 1610 515 ἵνα
1622 487 1696 515 ὅταν
1706 496 1802 523 φανε-

1014 534 1099 569 ρωθῇ
1110 535 1127 561 d
1140 533 1207 567 Υἱὸς
1215 533 1270 560 τοῦ
1282 533 1369 566 Θεοῦ,
1383 532 1500 568 ἔχωμεν
1510 533 1691 567 παρρησίαν,
1702 533 1802 568 καὶμὴ

1019 579 1232 615 αἰσχυνθῶμεν
1244 578 1296 606 ἀπ’
1315 577 1409 607 αὐτοῦ
1426 579 1461 606 ἐν
1474 578 1514 613 τῇ
1523 578 1677 613 παρουσίᾳ
1690 577 1802 605 αὐτοῦ’

1018 627 1033 653 ὁ
1047 626 1076 652 δὲ
1085 626 1135 661 τῆς
1150 626 1262 662 εἰρήνης
1273 625 1376 661 ταμίας
1390 625 1439 653 καὶ
1450 624 1576 660 βασιλεὺς
1587 645 1595 657 ,
1622 625 1637 652 ὁ
1652 624 1702 659 τῆς
1727 623 1803 658 ζωῆς

1018 671 1098 707 ήμῶν
1110 671 1195 702 αῐτιος
1212 671 1260 697 καὶ
1277 670 1416 706 συνοχεὺς,
1441 669 1477 697 ἐν
1489 666 1514 703 ᾧ
1527 668 1621 704 ζῶμεν
1635 669 1684 696 καὶ
1704 669 1804 696 κινού-

1016 718 1094 752 μεθα
1106 716 1156 743 καὶ
1171 715 1281 751 ἐσμέν·-
1297 712 1327 743 ob
1343 716 1401 747 τοῖς
1418 714 1527 747 ἀλύτοις
1537 715 1648 750 δεσμοῖς
1660 715 1710 750 τῆς
1734 715 1805 748 ἀγα-

1019 763 1130 798 πήσεως
1146 761 1329 797 συνδεδέμεθα
1339 768 1348 776 ·
1362 762 1377 789 ὸ
1404 761 1515 796 πρῶτος
1537 761 1586 788 καὶ
1604 761 1691 796 μέγας
1707 761 1804 796 ἀρχιε-

1022 808 1095 844 ρεὺς,
1106 807 1224 844 Χριστὸς
1236 808 1251 834 ό
1266 806 1391 842 ἀληθινὸς
1403 806 1470 838 Θεδς
1478 806 1557 842 ἡμῶν
1574 814 1583 822 ο
1599 807 1616 833 ό
1634 805 1670 839 ἐξ
1678 806 1714 833 οὐ
1723 805 1802 833 λαοῦ

1019 855 1097 882 λαὸν
1108 854 1220 881 οἰκεῖον
1229 852 1309 888 ἡμᾶς
1320 853 1385 887 ιδίφ
1398 853 1501 888 αἵματι
1519 851 1725 887 ποιησάμενος
1735 859 1742 867 ο
1757 853 1805 878 καὶ

1022 899 1074 933 οὺχ
1091 899 1184 930 ἁπλῶς
1198 898 1273 929 λαὸν,
1287 897 1357 924 ἀλλὰ
1366 897 1415 925 καὶ
1424 896 1646 932 ἡγαπημένους,
1659 896 1710 923 καὶ
1717 895 1807 929 ἔθνος

1022 944 1119 979 ἄτιον,
1139 944 1189 971 καὶ
1197 944 1360 976 ,βασίλειον
1382 941 1540 977 ιεράτευμα
1568 941 1609 977 (ὣ
1627 941 1678 977 τῆς
1700 941 1807 976 ἀφὰτου

1023 989 1227 1026 φιλανθρωπίας
1242 989 1262 1024 !)
1276 988 1327 1016 και
1344 988 1440 1021 υἱοὺς,
1460 987 1510 1014 καὶ
1522 986 1740 1021 κληρονόμους,
1757 986 1808 1012 καὶ

1023 1036 1292 1073 συγκληρονόμους
1304 1034 1437 1070 θέμενος-ι
1453 1033 1521 1068 ,παρ’
1539 1043 1564 1068 φ
1579 1033 1636 1061 οὐκ
1646 1033 1712 1060 ἐστι
1731 1040 1808 1067 παρ-

1022 1082 1144 1119 αλλαγὴ
1180 1082 1200 1118 ἣ
1233 1080 1349 1116 τροπῆς
1384 1080 1582 1115 ἀποσκίασμα
1605 1086 1614 1094 ”
1646 1078 1728 1110 αὐτὸς
1755 1078 1810 1110 ἕως

1023 1130 1118 1162 τέλους
1144 1128 1328 1163 ἀνεγκλήτους
1353 1126 1528 1162 συντηρήσει,
1555 1125 1716 1160 συσφίγγων
1734 1125 1809 1160 ἡμᾶς

1024 1177 1054 1204 έν
1068 1176 1108 1212 τῷ
1121 1175 1262 1211 συνδέσμῳ
1277 1174 1327 1209 τῆς
1339 1174 1452 1209 εἰρήνης
1468 1173 1517 1200 καὶ
1527 1172 1650 1207 ἀγάπης,
1669 1170 1808 1206 στηρίζων

1024 1223 1054 1251 ἐν
1068 1222 1142 1258 αὺτῷ
1156 1222 1203 1249 καὶ
1222 1222 1251 1248 ἐν
1268 1220 1392 1255 ἀλλήλοις
1405 1219 1434 1246 ὲν
1444 1218 1587 1254 ἀκλονήτῳ
1604 1218 1652 1244 καὶ
1665 1216 1810 1251 ἀσαλεὺτῳ

1025 1269 1075 1305 τῆς
1104 1267 1248 1299 εὐσεϐείας
1270 1266 1446 1301 φρονήματι,
1471 1266 1537 1301 μίαν
1567 1264 1615 1291 καὶ
1639 1263 1690 1300 τὴν
1719 1262 1807 1296 αὐτὴν

1028 1315 1145 1351 μελέτην
1160 1313 1283 1349 ἔχοντας.
1299 1312 1329 1340 ἓν
1354 1311 1495 1346 λέγοντας,
1512 1310 1582 1346 πρὸς
1600 1309 1630 1336 ἓν
1646 1308 1810 1344 ἀφορῶντας

1026 1362 1161 1394 ἃπαντας,
1177 1359 1246 1395 πρὸς
1270 1358 1302 1386 τὺ
1317 1358 1444 1394 βραϐεῖον
1460 1356 1657 1392 ἐπειγομένους
1682 1356 1731 1390 τῆς
1752 1353 1810 1381 ἄνω

1026 1407 1166 1443 κλήσεως’
1189 1405 1254 1433 ἔνθα
1272 1404 1327 1432 τῶν
1350 1403 1546 1439 πρωτοτόκων
1572 1402 1592 1436 ἠ
1623 1399 1810 1435 Ἐκκλησία·

1027 1453 1091 1480 ἔνθα
1100 1452 1175 1488 χοροὶ
1189 1450 1352 1487 μαρτύρων·
1369 1449 1434 1476 ἔνθα
1449 1447 1627 1484 πατριαρχῶν
1642 1446 1671 1473 αῑ
1689 1444 1810 1480 σκηναί·

1027 1499 1057 1527 ὲν
1071 1496 1112 1530 οἷς
1126 1498 1177 1525 οὐκ
1188 1497 1246 1524 ἐστι
1260 1496 1358 1532 ψεῦδος
1371 1495 1425 1531 πρδ
1438 1494 1488 1530 τῆς
1499 1493 1629 1529 ἀληθείας
1638 1491 1809 1527 τιμώμενον,

189 1539 219 1563 et
238 1535 340 1568 fruitio,
357 1537 511 1572 adoptionis
529 1538 590 1565 ﬁnis
603 1546 658 1565 non
671 1538 786 1566 ulterius
799 1544 915 1574 sperata:
928 1539 976 1567 sed

1027 1545 1078 1573 οὐκ
1091 1544 1160 1580 ἔρις,
1172 1544 1204 1571 οὐ
1216 1542 1355 1579 τυραννὶς,
1375 1542 1426 1568 οὐκ
1445 1540 1577 1568 ἀπόνοια·
1601 1539 1630 1566 ὲν
1656 1537 1697 1571 οἷς
1714 1537 1811 1584 βαθεῖα

188 1581 330 1617 perfectae,
356 1583 434 1618 cujus
462 1587 551 1610 tamen
572 1584 721 1611 etiamnum
742 1584 840 1613 illustri
859 1586 976 1621 quodam

191 1628 276 1655 modo
293 1628 440 1664 participes
465 1629 560 1662 simus,
577 1633 689 1665 propter
705 1638 787 1665 quam
803 1631 831 1658 in
850 1632 979 1667 praesenti

193 1674 397 1709 persecutiones
414 1675 543 1709 patimur,
555 1680 583 1703 et
598 1676 698 1710 captivi
717 1677 894 1711 abducimur;
915 1686 980 1713 pro-

193 1723 254 1755 pter
267 1729 348 1755 quam
357 1726 498 1749 sescentas
511 1722 688 1756 calamitates,
701 1728 802 1751 mortes
811 1725 980 1759 perpetimur

193 1767 377 1801 quolidianas,
386 1775 453 1803 quas
465 1768 520 1796 laeti
533 1768 645 1796 ierimus
658 1775 769 1805 agentes
779 1775 909 1806 praeterea
919 1780 982 1807 gra-

194 1814 256 1840 tias.
274 1813 328 1841 Pro
346 1813 449 1849 regibus
463 1814 593 1841 orandum
610 1823 675 1848 esse,
684 1815 793 1844 divinus
809 1815 907 1845 Paulus
917 1822 981 1846 ante

193 1867 245 1887 nos
256 1859 312 1894 jam
329 1859 393 1887 olim
422 1860 515 1887 docuit
532 1860 555 1876 "
572 1869 580 1888 :
596 1864 623 1888 et
641 1861 836 1897 discipulorum
859 1871 983 1895 summus

194 1904 292 1933 Petrus
306 1906 351 1932 “z
371 1905 488 1940 Subjecti
519 1910 610 1939 estote,
641 1907 739 1942 inquit,
765 1908 836 1935 omni
859 1909 983 1936 [tumente

195 1957 327 1980 creatum
334 1957 441 1987 propter
453 1952 595 1980 Dominum
607 1961 617 1980 :
634 1954 688 1982 sive
702 1962 750 1981 rea:
763 1954 796 1981 sit
805 1955 982 1989 velauperior.

196 1999 374 2033 lterumque:
391 1999 486 2034 Regem
505 2000 632 2026 honorate
644 2007 654 2027 :
672 2004 787 2035 utroque
810 2000 896 2035 prior,
909 2008 984 2028 com-

196 2046 289 2073 munis
306 2045 352 2072 ille
362 2050 457 2073 noster
468 2050 495 2073 et
507 2045 615 2073 illorum
631 2045 890 2078 Dominus,00ctor,
905 2046 985 2074 Crea-

197 2095 250 2124 tor,
263 2099 278 2118 a
295 2092 424 2119 thesauro
438 2091 622 2119 inaestimabili
633 2099 683 2119 suo
698 2100 809 2120 censum
819 2092 919 2120 (lassari
930 2093 984 2120 sol-

197 2146 276 2171 vens,
294 2145 378 2173 opere
396 2144 426 2166 et
441 2137 525 2165 verbo
541 2137 645 2170 docuit,
663 2137 856 2173 pnerogativas
874 2139 984 2174 regibus

196 2185 275 2213 datas
289 2184 365 2212 dare.
383 2184 516 2218 Quocirca
535 2183 607 2211 inter
629 2184 757 2219 mysticas
768 2188 796 2211 et
814 2185 985 2213 venerandus

198 2237 306 2259 nostras
326 2230 478 2266 bicrurgias
489 2229 628 2257 orationes
640 2237 690 2264 pro
706 2229 814 2265 regibus
831 2229 982 2258 oli‘erimus.

199 2278 265 2310 Quae
273 2284 321 2312 per
330 2276 403 2311 leges
415 2275 517 2307 debita,
526 2282 689 2303 conservare
704 2275 786 2302 illaesa
794 2280 821 2303 et
830 2277 984 2304 communi-

200 2329 241 2352 ter
252 2322 399 2354 custodire,
406 2329 468 2357 erga
476 2325 585 2348 nostros
592 2328 607 2348 a
614 2320 724 2348 Christo
734 2321 847 2349 dilecIOs
857 2329 934 2357 reges
941 2322 984 2349 in-

1029 1590 1146 1626 γαλήνη,
1164 1588 1213 1616 καὶ
1232 1587 1331 1620 κάλλος
1344 1586 1477 1620 ἀληθείας
1492 1585 1636 1621 ἀμήχανον
1653 1583 1705 1611 ὑπὸ
1728 1583 1814 1620 μηδε-

1030 1636 1094 1671 μίας
1107 1635 1204 1671 τέχνης
1220 1633 1426 1669 καλυπτόμενον
1435 1640 1442 1647 ·
1456 1633 1486 1659 έν
1497 1628 1538 1664 οἷς
1550 1631 1645 1667 εἰρήνη
1668 1631 1743 1657 πᾶσα
1766 1630 1816 1657 καὶ

1029 1682 1150 1718 ὁμόνοια,
1164 1681 1241 1717 καὶὴ
1254 1680 1310 1708 τῶν
1327 1678 1472 1715 μακαρίων
1487 1678 1601 1705 ἐκείνων
1627 1677 1675 1704 καὶ
1699 1676 1814 1711 ἀδιηγή-

1029 1736 1085 1754 των
1098 1727 1241 1762 θεαμάτων
1258 1725 1307 1753 θέα
1320 1726 1367 1752 καὶ
1388 1723 1488 1759 μετοχὴ
1513 1723 1562 1749 καὶ
1584 1722 1746 1753 ἀπόλαυσις,
1765 1721 1816 1747 καὶ

1030 1773 1107 1804 τέλος
1129 1772 1180 1807 τῆς
1206 1771 1344 1802 υἱοθεσίας
1356 1770 1449 1797 οὐκέτι
1472 1768 1648 1804 ὲλπιζομένη,
1675 1766 1734 1794 ἀλλ’
1763 1766 1817 1802 ήδη

1031 1818 1165 1854 λαμπρῶς
1191 1816 1380 1853 μετεχομένη·
1407 1815 1424 1851 ὴ
1452 1813 1607 1847 τελείωσις,
1631 1812 1702 1848 ὑπὲρ
1731 1809 1766 1848 ἧς
1790 1811 1817 1837 οι

1032 1863 1167 1899 παρόντες
1180 1861 1294 1897 διωγμοὶ
1309 1860 1356 1888 καὶ
1371 1858 1558 1895 αἰχμαλωσίαι
1569 1866 1577 1874 ο
1598 1857 1646 1884 καὶ
1672 1857 1706 1884 δι’
1722 1856 1756 1892 ἢν
1781 1855 1818 1883 τὰ

1034 1909 1120 1944 μυρία
1132 1908 1217 1941 δεινὰ,
1230 1908 1277 1935 καὶ
1289 1906 1353 1939 τοὺς
1363 1905 1564 1941 καθημερινοὺς
1576 1903 1713 1934 θανάτους
1726 1902 1813 1936 εὐχα-

1034 1956 1134 1991 ρίστως
1149 1954 1195 1981 καὶ
1211 1953 1352 1989 χαίροντες
1368 1951 1500 1987 φέρομεν.
1518 1950 1604 1986 ’Υπὲρ
1625 1949 1655 1976 δὲ
1683 1947 1820 1983 βασιλέων

1033 2000 1162 2036 εΰχεσθαι
1178 1999 1282 2030 Παῦλος
1296 1998 1345 2033 μὲν
1358 1998 1373 2024 ὁ
1386 1997 1536 2032 ’θεσπέσιος
1554 1995 1608 2032 πρὸ
1621 1993 1701 2030 ήμῶν
1716 2001 1820 2028 παραι-

1033 2047 1090 2075 νεῖ·
1108 2045 1156 2073 καὶ
1172 2045 1277 2080 Πέτρος
1289 2043 1318 2070 δὲ
1327 2043 1381 2070 τῶν
1397 2041 1526 2078 μαθητῶν
1539 2041 1555 2076 ἠ
1569 2040 1701 2076 ἀκρότης·
1733 2039 1820 2065 Ύπο-

1034 2092 1142 2127 τάγητσ
1156 2091 1239 2125 πάσῃ
1255 2089 1427 2124 ἀνθρωπίνῃ
1441 2089 1538 2116 κτίσει
1556 2086 1606 2114 διὰ
1617 2086 1671 2114 τὸν·
1695 2084 1820 2119 Κύριον,

1034 2138 1122 2173 λέγων
1133 2157 1142 2171 ,
1155 2136 1216 2164 site
1227 2134 1355 2169 ,βασιλεῖ
1364 2134 1405 2168 ὠς
1426 2133 1614 2169 ὑπερέχοντι.
1640 2130 1698 2159 Καὶ
1721 2131 1818 2158 πάλιν·

1037 2184 1094 2212 Τὸν
1101 2183 1234 2216 ,βασιλέα
1256 2179 1373 2216 τιμᾶτε·
1397 2180 1498 2214 ἀλλάγε
1512 2179 1566 2215 πρὸ
1590 2177 1694 2205 τούτων
1709 2176 1792 2208 αὐτὸς
1806 2177 1823 2203 ὁ

1035 2230 1125 2261 κοινὸς
1141 2228 1279 2263 Δεσπότης
1295 2227 1343 2254 καὶ
1353 2225 1516 2258 Διδάσκαλος
1531 2225 1578 2252 καὶ
1592 2224 1774 2261 Δημιουργδς,
1788 2224 1824 2250 ἐκ

1037 2274 1190 2310 παραδόξου
1217 2272 1355 2308 θησαυροῦ
1377 2273 1477 2307 κήνσον
1499 2271 1614 2302 τελέσας
1645 2270 1685 2305 τῷ
1699 2269 1824 2304 Καίσαρι

1037 2322 1110 2357 ἔργῳ
1125 2321 1173 2348 καὶ
1182 2319 1258 2355 νόμῳ
1272 2319 1308 2346 τὰ
1324 2318 1461 2354 προνόμια
1473 2317 1565 2351 νέμειν
1579 2316 1651 2352 ἀπερ
1665 2315 1824 2351 ἀφώρισται

200 2370 325 2398 stitutum
334 2373 377 2396 est
385 2368 440 2395 Deo
450 2371 601 2403 gratum,et
609 2366 688 2394 nobis
696 2367 971 2402 congruentissimum

1036 2368 1093 2399 τοῖς
1115 2365 1271 2403 βασιλεῦσιν
1289 2363 1484 2398 ὲξεπαίδευσε²
1500 2363 1541 2389 διὸ
1570 2361 1618 2389 καὶ
1642 2362 1703 2392 ταῖς
1725 2369 1825 2403 μυστι-

201 2420 261 2448 καῖς
277 2417 356 2453 ήμῶν
376 2416 424 2443 καὶ
446 2415 574 2451 φρικταῖς
599 2415 777 2450 ἱερουργίαις,
800 2414 882 2450 εὐχὰς
905 2416 974 2452 ὑπὲρ
1007 2415 1139 2452 βασιλέων
1164 2413 1349 2449 ἀναφέρομεν·
1365 2412 1384 2440 ἂ
1408 2412 1442 2447 δὴ
1463 2410 1598 2447 προνόμια
1617 2410 1763 2445 συντηρεῖν
1775 2410 1826 2436 καὶ

200 2463 394 2496 συνδιασώζειν
408 2464 456 2490 καὶ
474 2463 529 2494 τοῖς
539 2461 723 2497 φιλοχρίστοις
734 2461 813 2497 ἡμῶν
833 2462 973 2498 βασιλεῦσι
985 2464 1088 2492 δίκαιόν
1097 2472 1128 2491 τε
1142 2462 1190 2490 καὶ
1206 2461 1282 2498 φίλον
1293 2459 1364 2496 Θεῷ,
1379 2461 1428 2487 καὶ
1448 2461 1514 2496 ἡμῖν
1535 2457 1750 2495 ἁρμοδιώτατον.

501 2520 612 2549 EPIST.
629 2521 686 2549 XV.

201 2571 240 2599 Ab
267 2570 376 2603 exsilio,
392 2570 429 2596 ad
454 2566 725 2630 ορὶδιοιῖρέηεῗριὶίεηι
747 2575 837 2602 pauo:
864 2576 987 2602 persecu-

239 2652 398 2682 Pcrsecutio
409 2651 508 2688 gravis,
523 2651 572 2679 sed
583 2649 691 2678 Domini
709 2649 864 2678 benedictio
873 2649 965 2678 suavis
977 2657 985 2676 :

203 2700 329 2729 exsilium
344 2698 464 2731 difﬁcile,
481 2697 530 2726 sed
543 2696 692 2732 jucundum
715 2703 828 2731 regnum
841 2695 987 2723 caelorum:

203 2747 281 2775 Beati
290 2748 492 2782 persecutionem
502 2745 573 2781 passi
583 2749 688 2780 propter
701 2743 844 2779 justitiam,
859 2743 921 2778 quia
930 2741 990 2768 illo-

1335 2519 1449 2548 ΕΙΙΙΣΤ.
1467 2518 1521 2547 ιε’.

1043 2568 1112 2597 Ἀπὸ
1129 2566 1185 2603 τῆς
1194 2563 1738 2634 ὐπερορίαςσξιῇὲοέρνδεδιωηιύνοις
1757 2563 1825 2590 ἐκι-

1080 2649 1111 2677 Ὀ
1127 2649 1246 2685 διωγμὸς
1263 2648 1364 2684 βαρὺς,
1380 2647 1438 2674 ἀλλ’
1460 2647 1475 2672 δ
1497 2645 1546 2673 τοῦ
1569 2645 1706 2672 Δεσπὰτου
1731 2652 1828 2680 μαχα-

1041 2695 1137 2732 ρισμὺς
1152 2695 1216 2731 ἡδύς
1226 2703 1232 2710 ·
1249 2695 1265 2729 ή
1280 2693 1413 2729 ὑπερορία
1423 2692 1538 2728 χαλεπή,
1553 2690 1612 2718 ἀλλ’
1630 2691 1647 2727 ὴ
1662 2690 1718 2717 τῶν
1738 2690 1828 2719 οὐρα-

1040 2741 1093 2769 νῶν
1121 2740 1244 2776 βασιλεία
1267 2739 1382 2774 τερπνή.
1411 2736 1557 2771 Μακάριοι
1582 2737 1610 2763 οι
1634 2734 1830 2770 δεδιωγμένοι

244 2830 266 2845 ο·
282 2825 292 2852 1
306 2826 386 2854 Joan.
401 2834 432 2858 ιι,
446 2825 492 2857 ‘27,
512 2824 558 2852 28.
595 2823 618 2840 “
636 2823 697 2851 Act.
710 2831 776 2855 xvn,
792 2821 838 2850 28.
879 2821 901 2837 “
918 2821 929 2851 ι
944 2820 976 2848 Pe

1038 2828 1067 2853 ιι,
1080 2820 1108 2849 9.
1146 2820 1167 2836 ’⁸
1182 2818 1252 2847 Osce
1264 2826 1315 2847 xxv.
1333 2818 1360 2846 8.
1398 2818 1422 2834 "
1437 2816 1520 2845 Hebr.
1536 2823 1583 2849 ιιι,
1603 2814 1649 2843 23.
1686 2812 1711 2830 "
1726 2812 1738 2841 1
1754 2812 1831 2841 Tim.

208 2869 240 2893 ιι,
252 2864 280 2890 ﬂ.
317 2862 340 2878 “
356 2862 365 2889 Ι
381 2862 453 2889 Petr.
469 2867 499 2894 ιι,
516 2860 560 2887 15.
