1940 3087
134 172 188 206 765

707 173 977 205 EPISTOLARUM
995 174 1112 205 LIBER
1131 174 1158 206 Ι.

1707 174 1761 207 766

133 229 239 256 ἕνεκεν
252 229 457 263 δικαιοσύνης,
477 228 521 256 ὅτι
536 229 636 257 αὐτῶν
648 230 733 257 ἐστιν
743 231 762 265 ἠ
771 231 915 263 ,βασιλεία

969 240 1027 258 rum
1059 236 1096 258 est
1128 239 1236 267 regnum
1261 230 1440 258 animum”:
1473 229 1634 257 aliiictlones
1658 229 1761 260 multm,

133 274 192 301 τῶν
206 274 357 309 οὐρανῶν·
374 275 470 302 πολλαὶ
483 276 513 302 αἱ
532 275 648 311 ολίψεις,
667 277 713 302 καὶ
732 277 823 303 πᾶσαν
836 277 918 313 ὑπερ-

134 321 297 356 ϐαλλόμεναι
312 321 502 356 χαλεπότητα·
523 321 582 348 ἀλλ’
610 322 627 357 ὴ
646 321 751 348 ἐκεῖθεν
773 322 847 358 χαρὰ
871 322 919 349 καὶ

134 366 303 401 ἀγαλλίασις,
333 366 365 393 οὐ
401 367 482 402 μόνον
508 365 650 402 κουφίζειν
670 364 741 394 οἶδεν
764 367 853 394 αὐτῶν
869 368 919 403 τὴν

134 411 304 447 δριμύτητα,
320 411 388 438 ἀλλά
403 412 459 443 τοῖς
474 412 544 447 πρὸς
559 411 667 443 ἐλπίδας
678 411 729 443 τὰς
742 411 798 439 ἀνω
818 412 919 447 βιοῦσι,

134 457 181 483 καὶ
194 457 234 489 είς
245 457 378 491 εὐθυμίας
398 457 527 484 ὑπόθεσιν
541 457 612 484 αύτά
632 456 807 492 μετατίθησιν
820 465 826 472 ·
851 457 920 494 ἐχώ-

135 500 205 536 μεθα
244 501 391 537 τοιγαροῦν
427 501 482 528 τῶν
509 501 610 535 ἄθλων,
635 503 680 530 ἵνα
707 502 833 539 τύχωμεν
863 504 919 531 τῶν

134 546 275 574 ἐπάθλων·
292 547 336 575 ἵνα
348 547 462 583 γένηται
478 549 526 576 καὶ
541 549 608 584 ἡμῖν
625 549 696 584 μετὰ
711 549 818 577 Παύλου
833 549 896 585 βοᾷν
910 558 918 565 ·

135 593 300 628 Τὸν-ἀγῶνα
327 594 382 621 τὸν
407 596 504 622 καλὸν
524 596 702 630 ἠγώνισμαι,
732 597 787 623 τὸν
808 596 920 632 δρόμον

132 639 283 673 τετέλεκα,
290 640 349 675 τὴν
356 642 459 668 πίστιν
468 641 616 677 τετήρηκα
625 650 631 658 ⁸
647 643 757 669 λοιπὸν
765 643 920 673 ἀπόκειταί

131 693 182 720 μοι
196 687 212 713 ό
223 685 278 720 τῆς
293 686 491 722 δικαιοσύνης
503 687 665 723 στέφανος.
692 687 725 715 Τί
751 688 854 724 ταύτης
869 689 918 724 τῆς

134 731 267 758 ἐπινικίου
293 732 386 768 φωνῆς
409 733 541 770 ήδύτερον
567 734 584 771 ἢ
609 735 805 770 χαριέστερον;
838 736 864 762 τί
890 735 919 762 δὲ

133 777 326 812 καταισχύνειν
339 779 385 806 τὸν
397 779 488 806 κοινὸν
499 779 546 807 τοῦ
568 780 664 815 γένους
685 781 782 816 ἐχθρὸν
798 781 919 808 δυνατώ-

131 830 231 858 τερον;
249 823 307 850 Τὸν
322 824 434 860 δρόμον
452 826 610 854 τετέλεκαο
625 827 684 861 τὴν
708 827 815 854 πίστιν
833 828 918 861 τετή-

127 877 208 902 ρηκα
224 876 231 883 '
246 871 356 897 λοιπὸν
371 871 528 899 ἀπόκειταί
538 881 589 907 μοι
610 874 627 900 d
642 873 697 907 τῆς
717 873 916 908 δικαιοσύνης

972 284 1080 304 omnem
1092 277 1254 304 excedentes
1261 275 1429 310 gravitatem.
1440 275 1485 302 sed
1497 283 1512 301 a
1519 275 1588 302 cutio
1596 274 1722 310 gaudium
1734 279 1762 301 et

972 322 1118 349 exsultatio
1130 329 1186 348 non
1200 321 1282 348 modo
1294 320 1470 348 acerbitatem
1493 320 1601 347 illarum
1613 320 1759 347 alleviant:

972 368 1019 396 sed
1036 368 1072 395 ita
1084 368 1238 399 immutant,
1250 372 1280 395 ut
1288 367 1343 394 sint
1355 367 1443 394 solatii
1456 371 1649 402 argumentum
1662 366 1705 397 iis.
1714 366 1761 400 qui

972 414 1066 442 vivunt
1085 413 1236 441 secundum
1256 420 1319 448 spes
1337 419 1470 447 supernas
1491 421 1498 438 :
1519 411 1647 447 quocirca
1665 416 1757 439 certa-

972 459 1045 486 mina
1057 459 1215 491 subeamus,
1234 463 1264 486 nt
1284 465 1486 493 consequamur
1499 457 1623 493 praemia,
1645 462 1675 485 ut
1697 465 1759 484 cum

972 505 1057 533 Paulo
1069 505 1188 533 clamare
1200 504 1337 540 possimus
1353 512 1361 532 :
1383 503 1486 531 Bonum
1502 510 1634 531 certamen
1649 503 1760 535 rertavi,

972 560 1078 579 cursum
1099 551 1214 586 confeci,
1239 549 1318 584 ﬁdem
1345 550 1463 582 servavi;
1480 550 1511 577 de
1533 556 1625 576 cwtero
1647 550 1761 584 reposita

972 597 1036 625 mihi
1046 602 1083 625 est
1094 597 1208 632 justitire
1222 605 1318 623 corona
1335 596 1368 622 ".
1380 595 1434 623 Hac
1452 603 1518 623 voce
1534 595 1702 630 triumphali,
1716 602 1761 622 ec-

972 643 1036 678 quid
1057 643 1180 675 suavius,
1201 647 1249 670 aut
1268 642 1386 677 amplius
1407 641 1460 669 erit
1478 650 1485 668 :
1501 641 1600 676 ecquid
1621 641 1706 676 magis
1731 640 1760 667 in

972 691 1094 718 dedecus
1116 690 1270 718 communis
1292 689 1401 726 generis
1416 687 1529 716 humani
1551 687 1639 715 hostis
1658 687 1760 715 cedat:

972 736 1086 764 Cursum
1113 737 1227 772 perfeci,
1249 736 1327 771 ﬁdem
1355 735 1473 768 servavi,
1504 735 1623 769 deinceps
1645 733 1760 768 reposita

971 783 1159 818 mihijustiliw
1171 790 1285 810 corona:
1299 789 1350 809 vox
1361 785 1413 812 est,
1423 788 1484 815 qua:
1495 780 1665 807 turbulentas
1678 786 1760 813 quas-

972 831 1014 858 vis
1027 830 1104 858 sedet
1120 833 1305 864 tempestates,
1322 835 1382 863 quae
1399 828 1513 863 gratiam
1527 826 1676 861 spiritualis
1691 833 1760 860 gnua

972 877 1009 905 dii
1021 881 1157 912 suggerat,
1171 879 1361 911 persecutores
1372 873 1502 901 attonitos
1513 872 1618 904 reddat,
1631 879 1760 907 persecu-

129 917 291 950 στέφανος.
306 916 338 944 Ὢ
354 919 446 954 φωνῆς
458 918 566 954 ἁπάσης
577 918 667 955 λύπης
684 920 769 956 ζάλην
787 929 915 948 κατακοι-

970 923 1072 951 tionem
1086 929 1182 957 passos
1197 924 1330 952 coronet,
1344 919 1468 948 infirmos
1481 919 1650 951 corroboret,
1684 918 1761 952 deje-

130 961 262 998 μιζούσης
280 963 381 998 μᾶλλον
393 964 421 990 δὲ
433 964 524 999 πάσης
540 967 730 1003 πνευματικῆς
743 967 916 1003 εὐφροσύνης

128 1007 209 1043 χάριν
217 1008 446 1046 ἐπιχορηγούσης,
455 1012 520 1044 τοὺς
528 1012 644 1045 διώκτας
653 1013 693 1045 είς
701 1013 832 1049 ἔκπληξιν
840 1014 916 1041 ἀντι-

130 1053 313 1091 μεθιστώσης,
323 1056 387 1088 τοὺς
394 1056 576 1093 διωκομένους
589 1058 784 1095 στεφανούσης,
793 1059 917 1092 ἀσθενεῖς

128 1099 385 1138 ἀναῤῥωννυούσης,
404 1103 467 1135 τοὺς
480 1105 720 1140 κατεῤῥαγμένους
730 1104 914 1141 ἀνορθούσηςί

126 1145 230 1181 ταύτην
245 1147 292 1174 καὶ
306 1147 363 1182 ἐγὼ
377 1148 433 1175 τῶν
448 1148 537 1184 ἔργων
558 1159 603 1186 μοι
619 1152 674 1182 τοῖς
693 1151 783 1186 λόγοις
796 1160 917 1187 συνυπη-

970 975 1031 998 ctos
1069 969 1225 997 resuscilet.
1255 966 1332 994 Hanc
1356 974 1416 1001 ego,
1433 965 1455 993 si
1483 965 1576 992 verbis
1597 964 1666 992 meis
1687 964 1759 992 facta

965 1015 1162 1050 respondeant,
1185 1013 1342 1042 felicitatem
1368 1021 1531 1049 consequar,
1543 1019 1597 1039 una
1615 1011 1758 1038 vobiscum

965 1061 1094 1096 praeclare
1103 1068 1209 1088 mecum
1229 1060 1463 1091 concertantibus,
1474 1067 1523 1094 per
1533 1057 1758 1085 intercessionem

964 1106 1135 1135 sanctissime
1151 1106 1273 1134 Dominae
1284 1111 1386 1134 nostrae
1401 1106 1534 1142 Deiparte,
1549 1109 1577 1133 et
1599 1108 1758 1132 sanctorum

966 1152 1099 1180 omnium.
1117 1152 1215 1180 Amen.

127 1191 248 1226 χούντων
264 1194 408 1230 ἀξιωθείην
424 1195 482 1231 ἅμα
499 1197 564 1232 ὑμῖν
588 1198 645 1230 τοῖς
660 1198 753 1230 καλοῖς
771 1198 912 1231 συνάθλοις
930 1199 960 1226 ἐν
992 1198 1089 1236 Κυρίῳ
1106 1198 1331 1234 ἀναφθέγξασθαι
1343 1197 1503 1234 πρεσϐείαις
1538 1197 1587 1232 τῆς
1603 1194 1756 1230 ὖπΞραΥίσ-’ῗ

126 1239 275 1276 Δεσποίνης
286 1239 367 1275 ήμῶν
383 1240 526 1275 Θεοτόκου,
540 1243 589 1270 καὶ
613 1243 721 1270 πάντων
740 1243 795 1271 τῶν
812 1244 911 1279 ἁγίων.
936 1244 1036 1280 Ἀμήν.

424 1322 537 1351 ΕΠΙΣΤ.
552 1322 612 1357 IG'.

128 1376 171 1410 Τῷ
185 1378 392 1412 εὐσεϐεστάτη)
404 1378 455 1406 καῖ
472 1378 594 1414 μεγάλῳ
609 1379 738 1413 ,Βασιλεῖ
750 1379 912 1412 Bon/tale».

163 1435 308 1469 Ἄκουσον,
324 1433 347 1464 ὧ
363 1436 606 1473 φιλανθρωπότατε
631 1436 743 1473 βασιλεῦ
755 1443 778 1471 ι’,
796 1437 827 1464 ού
845 1445 914 1472 προ-

125 1481 260 1517 ϐὰλλομαι
272 1482 320 1509 νῦν
337 1482 455 1509 παλαιὰν
467 1483 576 1518 φιλίαψ
599 1483 632 1510 οὺ
647 1482 795 1519 φρικώδεις
812 1482 912 1517 ὅρκους
924 1503 947 1534 C

126 1529 176 1555 καὶ
192 1529 329 1564 συνθήκας
343 1536 349 1544 ·
359 1529 390 1556 οὐ
400 1529 505 1565 χρίσμα
514 1531 561 1557 καὶ
572 1529 744 1565 χειροθεσίαν
755 1528 909 1564 βασιλείας·

126 1573 177 1609 ούχ
193 1574 235 1600 ὅτι
246 1575 307 1607 ταῖς
321 1574 470 1611 ἡμετέραις
486 1576 566 1612 χερσὶ
579 1574 711 1611 προσιὼν,
726 1575 781 1602 τῶν
792 1575 916 1611 φρικτῶν

127 1621 175 1647 καὶ
185 1620 329 1656 ἀχράντων
345 1623 470 1658 μετεῖχες
480 1622 639 1658 μυστηρίων
651 1630 658 1638 ·
673 1622 734 1649 οὐδὲ
743 1621 791 1649 τὸν
803 1621 915 1657 δεσμὸν,

125 1665 181 1695 at”
199 1666 273 1703 ἡμᾶς
286 1667 304 1702 ἡ
318 1666 367 1694 τοῦ
382 1665 466 1694 καλοῦ
490 1667 587 1700 παιδὸς
611 1667 732 1694 υἱοθεσία
751 1666 896 1702 συνέδησεν
907 1675 915 1683 ·

126 1712 204 1740 οὐδὲν
216 1713 321 1740 τούτων
335 1713 406 1748 λέγω
416 1721 423 1729 ·
441 1713 510 1740 ἀλλά
522 1713 558 1740 τὰ
580 1712 659 1740 κοινά
682 1711 739 1739 τῶν
764 1711 916 1748 ἀνθρώπων

128 1761 264 1796 προτείνω
274 1770 315 1788 σοι
327 1761 431 1788 δίκαια.
448 1760 552 1792 Πάντες
560 1760 627 1796 γὰρ,
646 1761 694 1787 καὶ
708 1759 856 1797 βαρϐάρων
869 1761 917 1788 καὶ

134 1806 280 1842 Ἑλλήνων,
295 1805 342 1838 οὓς
360 1806 539 1841 μὲν.οανὰτου
554 1805 689 1842 κρίνουσι,
713 1806 762 1832 τοῦ
789 1806 848 1841 βίου
872 1805 917 1838 ἐξ·

128 1852 261 1888 ἀγουσιν·
277 1851 324 1885 οὓς
341 1853 370 1880 δὲ
388 1853 439 1888 ζῇν
462 1853 539 1886 ἐῶσι,
554 1852 719 1889 λιμαγχονίᾳ
733 1853 781 1880 καὶ
808 1852 917 1888 μυρίοις

127 1899 218 1931 ἄλλοις
232 1900 328 1931 κακοῖς
345 1898 437 1926 θανεῖν
452 1899 483 1926 οὐ
509 1898 666 1934 βιάζονται’
687 1899 787 1934 Ἡμεῖς
805 1898 838 1935 δὴ
857 1898 915 1934 βίον

128 1944 242 1981 βιοῦμεν
256 1945 373 1972 θανάτου
389 1945 552 1982 πικρότερον
563 1952 572 1961 ⁸
588 1944 833 1981 ὴχμαλωτίσμεθα,
848 1946 916 1973 πάν-

126 1990 182 2017 τῶν
192 1990 382 2027 ἐστερήμεθα,
410 1990 561 2025 συγγενῶν,
595 1991 751 2026 ὑπηρετῶν,
779 1991 914 2027 συνήθων,

127 2036 220 2072 πάσης
250 2037 345 2069 ἁπλῶς
376 2037 551 2073 ἀνθρωπίνης
571 2035 733 2072 θεραπείας.
760 2037 816 2064 Καί
841 2046 916 2071 τοιγε

127 2081 234 2113 Παῦλος
248 2083 263 2109 ὁ
274 2083 356 2116 θεῖος,
372 2083 572 2119 περιαγόμενος
582 2082 704 2118 δέσμιος,
716 2083 768 2118 τῆς
784 2083 841 2111 ἀπὸ
859 2084 914 2110 τῶν

126 2129 275 2164 γνωρίμων
302 2129 350 2155 καὶ
380 2129 503 2165 συνήθων
519 2128 669 2165 θεραπείας
696 2129 847 2156 ἀπολαύειν
865 2129 916 2157 οὐκ

1261 1320 1370 1349 EPIST.
1384 1320 1456 1349 XVI.
1513 1316 1516 1320 ’

1119 1379 1231 1408 Piisimo
1239 1384 1263 1407 et
1270 1380 1386 1407 maximo
1406 1379 1460 1415 regi
1469 1378 1580 1406 Basilio.

996 1436 1068 1465 Audi
1078 1441 1179 1471 autem,
1187 1436 1383 1465 humanissime
1395 1437 1552 1472 imperator,
1560 1444 1614 1463 non
1623 1443 1673 1471 ego
1683 1443 1757 1463 nunc

962 1482 1049 1518 allego
1059 1487 1178 1511 veterem
1187 1488 1309 1511 nostram
1320 1482 1481 1516 amicitiam;
1493 1490 1548 1509 non
1564 1481 1702 1509 tremenda
1711 1481 1756 1516 in-

966 1533 1099 1563 ramenta,
1109 1534 1137 1557 et
1157 1529 1345 1565 stipulationes
1367 1529 1631 1562 initas;unctionem
1659 1533 1755 1556 etma-

966 1583 1051 1604 nuum
1061 1576 1260 1611 impositionem
1267 1575 1379 1612 regiam;
1388 1583 1441 1603 non
1447 1575 1519 1611 quod
1525 1574 1650 1602 manibus
1656 1574 1757 1602 nostris

971 1621 1107 1655 subditus,
1130 1626 1365 1650 sacramentorum
1385 1621 1493 1649 illorum
1509 1621 1758 1648 reverendorumet

966 1666 1204 1695 immaculatorum
1214 1667 1290 1695 fuisti
1300 1667 1437 1703 particeps
1447 1665 1547 1699 factus,
1555 1673 1610 1692 non
1622 1665 1688 1692 illud
1697 1664 1758 1691 vin-

966 1714 1059 1742 culum
1080 1721 1135 1748 quo
1150 1721 1203 1741 nos
1220 1713 1269 1741 ﬁlii
1286 1713 1397 1749 optimae
1413 1712 1471 1747 spei
1485 1711 1594 1747 adoptio
1608 1710 1755 1746 copulavit.

966 1759 1070 1788 Horum
1086 1760 1155 1788 nihil
1169 1767 1373 1792 commemoro;
1384 1759 1432 1786 sed
1444 1758 1572 1786 omnibus
1582 1764 1756 1784 communem

965 1807 1122 1842 aequitatem
1130 1805 1179 1834 tibi
1188 1805 1314 1841 praefero.
1325 1803 1427 1832 Omnes
1441 1808 1516 1832 certe
1522 1811 1584 1831 cum
1597 1802 1685 1830 Graeci
1698 1806 1756 1828 tum

966 1852 1049 1880 etiam
1065 1851 1188 1882 Barbari.
1209 1851 1232 1878 si
1248 1850 1393 1886 capitalem
1409 1850 1438 1876 in
1456 1848 1573 1883 aliquem
1591 1846 1755 1875 sententiam

966 1902 1097 1929 statuant,
1108 1897 1164 1925 vita
1175 1897 1301 1932 privam;
1318 1895 1418 1931 quibus
1428 1899 1519 1922 autem
1535 1894 1628 1921 vivere
1641 1892 1755 1928 permit‘

966 1948 1037 1977 tant,
1057 1944 1223 1979 compellant
1244 1943 1315 1971 fame
1333 1946 1457 1974 enectos,
1481 1946 1509 1969 et
1527 1941 1600 1968 mille
1617 1940 1678 1967 aliis
1695 1946 1755 1966 ma-

965 1990 1001 2018 lis
1009 1991 1106 2018 emori.
1121 1989 1171 2018 Ast
1183 1997 1233 2026 ego
1252 1989 1315 2018 vivo
1328 1989 1412 2017 vitam
1421 1988 1516 2023 quavis
1526 1991 1614 2014 morte
1630 1985 1756 2013 acerbio.

966 2044 1038 2064 rem:
1047 2036 1073 2064 in
1084 2035 1266 2072 captivitatem
1273 2035 1416 2067 abductus,
1424 2034 1505 2062 rebus
1516 2032 1644 2061 omnibus
1649 2039 1734 2060 exuor
1746 2039 1754 2058 :

965 2082 1099 2117 cognatis,
1123 2082 1237 2115 familia,
1261 2081 1367 2115 amicis,
1377 2081 1452 2109 omni
1466 2079 1623 2109 omnimodo
1634 2079 1756 2106 humano

967 2129 1131 2157 ministerio.
1147 2129 1183 2156 At
1204 2133 1280 2157 certe
1301 2128 1412 2157 divinus
1431 2127 1531 2155 Paulus
1545 2135 1608 2155 cum
1630 2126 1755 2161 captivus

127 2174 281 2201 ἐκωλύετο·
295 2174 364 2202 ἀλλά
383 2175 430 2202 καί
444 2183 486 2201 τοι
498 2175 549 2210 τὴν
568 2175 615 2202 ἐπὶ
641 2174 749 2210 θανάτῳ
765 2175 910 2211 ἀγόμενος,

967 2176 1224 2209 circumduceretur,
1247 2183 1303 2203 non
1335 2179 1428 2203 tamen
1447 2174 1646 2209 prohibebatur
1672 2172 1753 2199 fami-

126 2220 302 2255 ἀνθρωπίνης
314 2221 362 2247 καὶ
372 2220 448 2256 παρά
456 2220 511 2247 τῶν
521 2221 705 2256 μισοχρίστων
720 2221 913 2257 Ἑλληνιστῶν,

127 2265 278 2300 ἐτύγχανεν
287 2265 468 2302 ἡμερότητος.
491 2266 562 2293 Ἀλλ’
576 2267 642 2298 ίσως
655 2267 670 2294 ό
687 2267 791 2302 μακρὸς
804 2267 911 2303 χρόνος,

126 2312 152 2338 εί
166 2312 213 2339 καὶ
229 2311 267 2347 μὴ
280 2311 421 2348 ἀρχιερεῖς
433 2312 514 2344 Θεοῦ,
528 2312 586 2339 ἀλλ’
597 2311 644 2340 οὖν
659 2313 692 2347 γέ
703 2321 779 2342 τινας
791 2322 913 2349 κακουρ-

125 2358 204 2392 γοὺς,
218 2357 332 2385 τοιαῦτα
349 2357 471 2385 δείκνυσι
484 2358 674 2391 πεπονθόταςο
691 2358 750 2386 ἀλλ’
771 2360 814 2386 ὅτι
835 2360 914 2386 ἐστι·

128 2403 252 2440 ρήθημεν
265 2404 313 2431 καὶ
330 2404 452 2439 βιϐλίων,
468 2404 562 2432 καινὸν
574 2404 654 2432 τοῦτο
676 2405 724 2432 καὶ
749 2405 912 2441 παράδοξον,

127 2449 175 2476 καὶ
201 2450 248 2476 νέα
275 2450 337 2478 καθ’
365 2450 445 2486 ἡμῶν
473 2450 672 2486 ἐπινενοημένη
705 2452 842 2487 τιμωρία·
869 2452 913 2479 ἵνα

125 2495 153 2522 τί
172 2495 294 2530 γίνεται;
323 2497 368 2525 ἵνα
393 2497 432 2533 μὴ
447 2497 592 2532 ἀκούωμεν
612 2498 682 2533 μηδέ
703 2497 783 2532 λόγον
798 2498 912 2534 Κυρίου.

127 2541 172 2577 Μὴ
188 2542 293 2576 γένοιτο
307 2543 353 2570 ἐπὶ
366 2543 418 2578 τῆς
433 2543 482 2578 σῆς
496 2543 637 2578 βασιλείας
662 2544 765 2580 ταύτην
778 2544 829 2580 τὴν
843 2545 914 2581 ἀρὰν

125 2587 313 2623 πληρωθῆναι,
329 2589 370 2615 ὅτι
392 2589 499 2616 Ἔσται
511 2589 546 2616 ἐν
564 2590 629 2623 ταῖς
642 2590 766 2625 ἡμέραις
783 2591 914 2624 ἐκείναις

124 2631 213 2666 λιμὸς
228 2631 331 2666 ἄρτου,
349 2633 398 2660 καὶ
413 2634 500 2668 λιμὸς
517 2635 571 2662 τοῦ
589 2635 719 2662 ἀκοῦσαι
738 2636 832 2670 λόγον
855 2638 912 2663 Κυ-

121 2677 203 2712 ρίου.
220 2677 270 2704 Διὰ
285 2678 312 2705 τί
328 2677 382 2714 γὰρ
395 2679 475 2715 ἡμῶν
488 2679 615 2716 ἀφῃρέθη
627 2680 664 2707 τὰ
679 2680 789 2716 βιϐλία;
813 2681 844 2708 Et
860 2681 911 2716 μὲν

160 2759 184 2775 ¹⁹
202 2758 298 2787 Matth.
311 2769 338 2794 ν,
355 2759 398 2788 10.
437 2760 460 2778 ³⁸
473 2761 497 2789 ll
521 2761 592 2791 Tim.
611 2772 650 2796 IV,
669 2762 698 2798 'I,

966 2222 1080 2250 liarium
1096 2221 1217 2250 oﬁiciosa
1228 2229 1304 2254 cura,
1315 2225 1344 2249 et
1360 2221 1532 2256 cognitorum
1548 2228 1555 2246 :
1573 2219 1629 2246 imo
1644 2226 1706 2246 cum
1719 2218 1753 2245 ad

965 2268 1082 2304 capitale
1094 2267 1259 2304 supplicium
1277 2268 1434 2298 duceretur,
1453 2266 1650 2294 humanitatem
1671 2271 1753 2298 expe-

966 2315 1089 2343 riebatur
1109 2322 1126 2342 a
1143 2314 1267 2350 paganis,
1282 2318 1311 2342 et
1323 2312 1424 2341 Christi
1443 2319 1544 2340 nomen
1563 2311 1683 2339 invisum
1703 2310 1753 2338 ha-

965 2360 1106 2388 bentibus.
1137 2359 1235 2388 Verum
1260 2358 1384 2387 fortassis
1408 2358 1538 2393 temporis
1570 2356 1751 2389 diuturnitas,

966 2406 1030 2434 licet
1042 2406 1250 2440 haudquaquam
1264 2404 1499 2432 archisacerdotes
1512 2402 1572 2435 Dei,
1588 2407 1681 2430 tamen
1697 2402 1750 2429 im-

964 2453 1102 2488 probitate
1128 2456 1219 2484 notos,
1239 2450 1430 2486 hujuscemodi
1443 2450 1524 2478 docet
1540 2448 1696 2484 pertulisse.
1717 2449 1754 2475 At

963 2506 1013 2526 nos
1026 2498 1110 2525 etiam
1124 2497 1202 2525 libris
1213 2497 1364 2532 privamur,
1378 2501 1407 2523 et
1429 2496 1481 2523 hoc
1497 2500 1572 2523 certe
1588 2502 1703 2528 novum,
1725 2498 1754 2523 et

962 2544 1139 2579 paradoxum,
1154 2551 1251 2572 recens
1266 2543 1294 2570 in
1309 2551 1354 2570 me
1368 2543 1553 2578 excogitatum
1571 2541 1751 2577 supplicium.

961 2590 992 2618 ln
1014 2598 1096 2625 quem
1116 2598 1199 2625 porro
1225 2590 1329 2618 linem?
1352 2597 1426 2618 certe
1447 2596 1482 2617 ne
1504 2589 1619 2617 verbum
1643 2587 1751 2616 Domini

961 2636 1129 2664 audiremus.
1142 2637 1222 2664 Absit
1238 2642 1341 2670 autem,
1354 2641 1386 2664 ut
1403 2636 1433 2664 in
1454 2635 1552 2664 diebus
1568 2634 1676 2669 imperii
1700 2633 1751 2666 tui,

961 2683 1005 2710 illa
1018 2683 1170 2712 exsecratio
1194 2683 1277 2711 ﬁnem
1303 2676 1453 2712 sortiatur:
1474 2683 1534 2711 Erit
1550 2683 1579 2710 in
1592 2680 1683 2709 diebus
1698 2680 1753 2709 illis

757 2841 875 2871 VARI/ﬂ
895 2843 1098 2872 LECTIUNES.

167 2899 180 2914 ο
193 2895 324 2924 Βασίλειε.
366 2895 376 2916 ί
