1940 3087
184 143 235 176 767

754 137 892 170 ΡΙΙΟΤΙῙ
911 139 1161 170 ΡΑΊἨΙᾹΗΟΗΑΞ
1180 139 1236 170 CP.

1751 144 1805 177 768

185 201 267 236 fames
280 199 369 234 panis,
384 203 408 225 et
425 199 508 233 {ames
518 197 643 224 audiendi
661 197 764 224 verbum
782 197 829 224 Dei
853 197 887 223 ³¹.
905 195 972 223 Nan-1

1026 197 1077 232 γάρ
1089 206 1116 223 τι
1135 196 1289 232 ἀδικοῦμεν,
1303 196 1414 224 πλείονα
1433 197 1487 224 ἔδει
1502 196 1620 232 δοθῆναι,
1644 198 1692 224 καὶ
1706 198 1740 234 δὴ
1756 201 1804 228 καὶ

184 253 258 272 cura
276 252 319 271 me
345 244 404 271 libri
428 243 527 270 sublati
545 242 630 270 sunt?
646 241 674 269 Si
689 242 716 269 in
737 242 828 276 aliquo
842 241 898 269 laesi
921 241 973 269 ali-

184 298 279 325 quem,
293 289 382 317 adhuc
397 289 489 323 plures
504 288 562 316 dari
583 288 725 318 deberent,
748 288 830 314 etiam
845 293 873 315 et
886 287 974 315 infor-

184 341 304 363 matores
329 334 464 367 adhiberi,
480 338 511 361 ut
536 334 651 369 legendo
672 333 801 368 majorem
817 333 972 366 utilitatem,

183 387 210 409 et
223 381 338 408 convicti
355 380 438 408 citius
467 380 666 407 correctionem
689 387 909 414 consequamur:
932 379 974 406 sin

183 425 272 454 nullos
291 426 358 459 laesi,
391 434 441 454 cur
467 434 519 461 ego
547 426 649 453 laedor?
680 425 776 453 Nullus
807 426 975 454 orthodoxus

183 473 236 500 tale
259 473 325 508 quid
352 473 386 501 ab
419 472 594 500 heterodoxis
613 480 709 507 passus
738 476 790 500 cst.
810 472 975 499 Athanasius

182 518 239 548 ille.
264 519 410 545 multarum
436 519 589 553 palmarum
612 522 726 551 auctor,
763 517 827 545 sede
854 525 902 545 sua
921 516 976 552 epi-

183 563 284 598 scopali
315 563 424 598 sepius,
452 571 514 590 cum
540 563 574 590 ab
603 562 757 594 haereticis,
789 567 847 589 tum
880 570 896 589 a
926 569 975 596 pa-

182 609 260 644 ganis
289 609 459 644 pellebatur;
491 614 518 636 at
553 616 635 636 nemo
664 608 780 636 sancivit
811 608 974 643 aliquando,

185 658 215 680 ut
235 653 296 680 libri
319 654 353 681 ab
372 654 417 681 illo
445 654 627 682 auferrentur.
647 653 693 681 Vir
714 653 891 681 admirandus
918 651 974 679 Eu-

184 699 300 726 stathius
341 699 476 727 similibus
511 699 675 726 Arianorum
718 699 859 726 fraudibus
887 698 975 733 impe-

185 745 308 778 tebatur;
333 745 380 772 sed
403 752 454 772 nec
471 745 576 778 ab_illo,
594 749 625 772 ut
645 753 660 772 a
681 744 777 777 nobis,
800 744 881 771 ablati
904 742 974 770 libri.

186 789 287 817 l‘aulus
304 790 458 823 confessor,
482 789 604 818 Joannes
627 790 849 826 Chrysostomus,
871 788 976 816 Flavia-

186 846 237 865 nus
255 838 381 871 eximius,
400 838 499 866 inﬁniti
516 839 572 866 alii.
586 839 657 872 Quid
676 839 748 867 enim
764 847 833 874 opus
847 844 890 866 est
915 838 976 866 illos

1023 241 1087 273 τοὺς
1099 241 1285 274 διδάσκοντας,
1314 242 1358 269 ἵνα
1372 243 1420 269 καὶ
1446 243 1682 277 ἀναγινώσκοντες
1700 246 1803 280 μᾶλλον

1022 285 1202 322 ὼφελώμεθα,
1235 287 1282 313 καὶ
1308 287 1481 322 ἐλεγχόμενοι
1502 287 1675 324 διορθώμεθα
1698 297 1705 305 ·
1723 291 1749 318 εί
1776 291 1805 319 δὲ

1025 333 1107 369 μηδὲν
1123 333 1282 368 ἀδικοῦμεν,
1300 334 1326 361 τί
1342 335 1526 370 ἀδικούμεθα;
1542 336 1638 369 Οὐδεὶς
1652 337 1733 366 τοῦτο
1750 339 1806 366 τῶν

1025 379 1176 415 ὀρθοδόξων
1192 380 1247 407 οὐδ’
1260 381 1313 407 ὑπὸ
1326 381 1381 407 τῶν
1409 382 1636 416 ἑτεροδοεούντων
1659 384 1804 413 πέπονθεν.

1030 425 1187 458 Ἀθανάσιος
1200 427 1214 453 ὁ
1234 425 1396 459 πολύαθλος,
1412 427 1459 454 τοῦ
1484 427 1580 463 θρόνου
1603 429 1744 464 πολλάκις,
1759 431 1807 457 καὶ

1024 471 1076 498 ὑπὸ
1088 472 1245 504 αίρετικῶν,
1268 473 1316 499 καὶ
1340 472 1393 499 ὑπὸ
1413 472 1592 507 Ἑλληνιστῶν
1617 474 1805 510 ἀπελήλαται·

1024 517 1081 544 ἀλλ’
1095 517 1182 549 οὐδεὶς
1194 517 1276 545 αὑτοῦ
1290 518 1344 545 τῶν
1356 518 1469 554 βιϐλίων
1483 519 1630 555 ἀφαίρεσιν
1641 520 1806 555 ἑψηφίσατο.

1024 562 1173 594 Εὐστάθιος
1193 564 1208 590 ὁ
1231 564 1394 599 θαυμάσιος,
1408 564 1458 600 τὴν
1484 565 1546 600 ῖσην
1569 565 1715 601 ἐπιϐουλὴν
1732 567 1808 602 παρά

1024 609 1078 635 τῶν
1097 609 1318 646 Ἀρειανιζὸντων
1329 610 1483 645 ὑπήνεγκεν
1495 619 1503 627 ·
1517 610 1576 638 ἀλλ’
1590 611 1650 647 οὐχ,
1666 611 1704 642 ὡς
1716 612 1806 647 ἡμεῖς,

1024 654 1072 681 καὶ
1096 654 1130 682 τὰ
1157 654 1248 690 βιϐλία
1277 656 1427 692 ἀφῄρηται.
1457 656 1562 688 Παῦλος
1588 658 1602 683 ό
1627 657 1805 694 ὁμολογητὴς,

1031 700 1158 736 Ἰωάννης
1166 702 1180 728 ὁ
1188 701 1210 727 Χ
1214 701 1392 737 ρυσόστομος,
1406 701 1554 734 Φλαϐιανδς
1563 703 1577 729 ὁ
1588 702 1742 735 θεσπέσιος.
1754 712 1807 739 μυ-

1026 746 1078 782 ρίοι
1091 746 1166 773 ἄλλοι
1176 755 1183 762 ·
1198 746 1225 774 τί
1238 747 1292 782 γὰρ
1304 747 1346 774 δεῖ
1363 747 1412 774 νῦν
1426 747 1538 780 τούτους
1552 747 1691 784 ἀριθμεῖν,
1720 748 1769 782 οὓς
1787 750 1806 784 ἡ

1025 793 1054 819 ὲν
1074 793 1200 828 οὐρανοῖς
1215 793 1313 826 Βίϐλος
1329 793 1510 830 ἀπεγράψατο
1523 802 1531 826 ;
1549 794 1604 821 Καὶ
1615 793 1643 821 τί
1658 794 1731 828 λέγω
1743 795 1807 827 τοὺς

1025 839 1184 875 όρθοδόξους
1215 840 1263 867 καὶ
1290 839 1386 875 ἁγίους
1411 840 1569 875 ὰρχιερεῖςς
1597 840 1729 867 Εὑσέϐιον
1758 841 1808 868 καὶ

185 892 340 918 recensere,
359 886 407 921 qui
429 886 456 912 in
472 885 541 913 libro
554 885 657 914 caelesti
680 885 891 913 describuntur?
904 884 973 918 Quid

1026 885 1175 920 Θεογόνιον,
1196 885 1244 912 καὶ
1265 887 1314 913 σὺν
1327 885 1419 917 αὐτοῖς
1433 874 1537 917 ἀλλους
1555 884 1715 921 ἀνθρώπους
1730 886 1808 922 αἱρε-

186 939 236 966 ego
251 939 438 959 commemoro
449 936 560 959 sanctos
571 936 600 958 et
624 931 790 959 orthodoxos
809 929 973 966 episcopos?

186 978 301 1011 Magnus
313 977 509 1005 Constantinus
519 977 683 1010 Eusebium,
697 977 896 1012 Theogonium,
907 976 974 1004 alios

187 1031 249 1050 cum
268 1023 320 1050 illis
340 1024 492 1054 haereticos.
517 1027 629 1059 propter
653 1023 820 1058 impietatem
837 1026 865 1050 et
882 1030 975 1050 versa-

188 1070 249 1098 tiles
269 1070 418 1098 sententias
437 1068 532 1097 exsilio
552 1068 688 1102 multavit,
710 1068 757 1095 sed
780 1075 869 1102 neque
890 1066 976 1094 facul-

188 1117 292 1144 tatibus
315 1116 456 1151 spoliatos,
476 1123 565 1150 neque
581 1115 657 1142 libris
680 1114 854 1142 denudatos:
878 1113 975 1148 puduit

186 1164 261 1191 enim
284 1171 348 1191 eum
361 1172 376 1190 a
397 1162 626 1190 sermocinatione
647 1161 791 1189 excludere
813 1160 882 1192 illos,
906 1167 975 1195 quos

187 1210 223 1237 ob
236 1217 295 1236 eam
310 1216 420 1236 causam
443 1208 539 1236 exsilio
567 1206 709 1238 multabat,
730 1205 802 1240 quod
822 1205 927 1238 ἀλόγως
945 1212 975 1233 se

188 1259 330 1291 gesserant
346 1262 353 1286 ;
371 1254 471 1289 impius
493 1253 633 1280 Nestorius
645 1252 791 1287 relegatur,
806 1252 843 1279 ita
858 1257 886 1279 et
899 1252 976 1279 Dios-

189 1309 294 1328 corus:
319 1300 415 1327 Petrus
443 1299 488 1327 ille
514 1298 632 1331 infelix;
663 1299 793 1331 Severus,
819 1298 863 1325 alii
884 1305 978 1332 quam-

188 1347 298 1381 plures;
320 1345 367 1373 sed
391 1353 471 1372 nemo
490 1345 623 1372 librorum
651 1343 834 1378 captivitatem
853 1343 975 1378 pertulit.

188 1393 258 1426 Quid
270 1397 376 1420 veteres
402 1391 550 1419 recenseo?
566 1390 641 1418 Multi
653 1390 801 1417 etiamnum
814 1389 977 1424 superstites

188 1442 292 1466 norunt
304 1437 436 1464 Leontem
457 1436 532 1463 illum
559 1434 687 1470 impium,
710 1434 775 1462 ferae
788 1434 879 1469 potius
894 1441 977 1469 quam

190 1483 308 1511 hominis
322 1487 447 1509 naturam
463 1481 636 1508 ostendisse:
652 1479 697 1507 ille
718 1484 809 1507 autem
823 1487 885 1508 cum
899 1480 915 1507 a
931 1487 978 1507 so—

187 1529 227 1556 lio
255 1527 405 1562 depelleret
429 1525 621 1561 Nicephorum,
635 1533 762 1562 magnum
779 1530 807 1553 et
821 1533 885 1553 vere
896 1525 976 1553 Nice—
988 1542 1010 1573 α

189 1574 319 1610 phorum,
335 1579 454 1607 eumque
481 1571 603 1599 mitteret
628 1571 657 1599 in
678 1571 816 1604 exsilium,
836 1578 892 1598 non
919 1579 974 1599 una

190 1619 321 1655 relegavit
333 1618 457 1646 exsulem
468 1625 483 1645 a
497 1618 575 1646 libris
588 1618 663 1650 suis;
679 1617 726 1645 sed
745 1624 796 1645 nec
805 1617 893 1645 inedia
908 1624 976 1644 con-

191 1667 266 1698 fecit,
280 1666 508 1702 quemadmodum
520 1673 570 1693 nos
584 1665 655 1692 fame
673 1672 836 1692 enecamur:
848 1668 876 1691 et
885 1668 976 1691 tamen

189 1720 298 1741 summe
321 1711 348 1739 in
370 1712 441 1739 votis
472 1711 599 1744 habebat,
621 1714 653 1739 ut
665 1710 710 1737 ille
732 1710 833 1738 athleta
864 1710 977 1737 interitu

191 1759 378 1792 occumberet,
406 1766 461 1786 non
489 1758 579 1785 minus
595 1765 678 1792 quam
701 1761 733 1784 ut
758 1764 871 1792 regnum
892 1756 978 1792 ipsius

191 1805 305 1840 impium
321 1811 404 1839 quam
423 1803 576 1832 diutissime
591 1802 753 1838 perduraret
768 1810 775 1829 :
794 1802 840 1829 sed
854 1801 899 1829 ille
912 1801 979 1829 titu-

189 1851 247 1878 ium
258 1849 397 1878 homicidii
418 1849 511 1876 subire
534 1848 706 1881 noluit;nec
727 1855 823 1876 carnes
839 1847 979 1875 ministro-

192 1903 252 1923 rum
270 1902 393 1928 suorum,
408 1902 463 1921 non
478 1900 557 1921 secus
570 1899 652 1928 quam
680 1893 816 1920 latronum
832 1897 878 1919 aut
887 1891 980 1927 prodi-

192 1946 282 1970 torum
301 1940 440 1968 frustatim
454 1940 617 1972 dissecabat,
631 1944 770 1974 utcunque
793 1939 911 1974 alioquin
927 1938 980 1966 im-

191 1987 265 2023 pius,
291 1991 319 2014 et
344 1986 505 2021 sanguinem
528 1985 652 2020 spirans;
678 1992 733 2013 non
758 1984 980 2019 quemquam-ab

191 2033 342 2062 amicorum
381 2031 538 2060 visitatione
569 2031 706 2065 exclusit;
734 2039 784 2059 nec
819 2031 979 2059 facultatum

192 2079 293 2107 damno
326 2085 491 2114 quamquam
531 2077 650 2113 punivit.
684 2076 873 2105 Reverebatur
905 2077 979 2105 enim

190 2125 439 2156 Christianismum.
450 2131 531 2159 quem
549 2131 605 2160 prae
619 2131 649 2152 se
664 2124 779 2157 ferebat,
796 2124 832 2151 ita
844 2129 875 2151 ut
898 2124 983 2151 nollet

1023 931 1116 963 τικοὺς
1128 932 1142 958 ό
1172 930 1259 966 μέγας
1277 931 1492 965 Κωνσταντῖνος,
1516 931 1560 958 διὰ
1574 931 1623 966 τὴν
1637 931 1726 959 αὐτῶν
1744 931 1808 958 δυσ-

1025 977 1133 1004 σέϐειαν
1148 977 1194 1004 καὶ
1209 977 1240 1004 τὸ
1253 978 1303 1012 τῆς
1314 976 1429 1013 γνώμης
1448 976 1624 1012 παλίμϐολον,
1645 977 1809 1014 ὑπερορίους

1024 1022 1172 1058 ἐποιήσατο
1183 1030 1191 1038 ·
1205 1022 1264 1050 ἀλλ’
1279 1022 1341 1049 οὔτε
1368 1022 1421 1050 τῶν
1435 1022 1612 1058 ὑπαρχόντων
1638 1022 1809 1058 ἐγύμνωσεν,

1024 1068 1086 1096 οὔτε
1103 1068 1216 1104 βιϐλίοις
1233 1068 1471 1104 προσεξημίωσεν.
1499 1067 1646 1104 ᾚσχύνετο
1661 1068 1716 1104 γὰρ
1728 1068 1809 1103 λόγου

1024 1115 1150 1148 κωλύειν,
1167 1114 1225 1147 οὓς,
1241 1114 1282 1142 ὅτι
1294 1114 1399 1149 ἀλόγως
1423 1114 1568 1150 ἔπραττον,
1582 1114 1676 1150 ὲξορίᾳ
1701 1114 1808 1141 κατεδί-

1024 1160 1109 1194 καξεο
1122 1161 1269 1197 Νεστόριος
1285 1162 1299 1188 ό
1318 1160 1450 1196 δυσσεϐὴς
1473 1160 1639 1196 ἑξορίζεται·
1665 1162 1809 1196 Διόσκορος

1028 1208 1109 1235 πάλιν
1120 1216 1128 1224 ·
1140 1207 1243 1242 Πέτρος
1256 1207 1270 1234 ὁ
1279 1206 1410 1238 δείλαιος’
1423 1206 1540 1241 Σευῆρος
1550 1206 1597 1233 καὶ
1612 1206 1704 1233 πολλοὶ
1717 1206 1791 1233 ἄλλοι
1799 1215 1806 1222 ·

1025 1253 1083 1281 ἀλλ’
1098 1253 1186 1286 οὐδεὶς
1203 1253 1293 1280 αὐτῶν
1318 1252 1428 1288 βιϐλίων
1454 1252 1644 1288 αίχμαλωσίαν
1667 1252 1808 1288 ὑπέμεινε.

1007 1311 1011 1316 ·
1025 1299 1059 1326 Τί
1072 1299 1101 1326 δὲ
1113 1299 1187 1334 λέγω
1201 1298 1235 1325 τά
1247 1298 1366 1331 παλαιά;
1386 1298 1489 1325 Λέοντα
1514 1297 1560 1324 τὸν
1574 1298 1691 1334 δυσσεϐῆ
1716 1297 1810 1325 πολλοὶ

1026 1346 1074 1373 καὶ
1089 1345 1144 1372 τῶν
1158 1345 1198 1372 ἔτι
1211 1345 1362 1379 περιόντων
1375 1344 1448 1371 ῖσασι
1461 1343 1554 1378 Θηρίον
1565 1348 1579 1363 ν
1597 1344 1698 1379 μᾶλλον
1718 1344 1735 1379 ἦ
1759 1345 1809 1372 ἀν-

1026 1391 1135 1427 θρώπου
1151 1390 1231 1425 φύσιν
1242 1390 1446 1426 ἐπιδειξάμενον
1458 1396 1466 1404 ·
1482 1390 1540 1417 ἀλλ’
1559 1387 1636 1422 οὗτος
1649 1390 1695 1417 τδν
1711 1390 1810 1424 μέγαν,

1026 1437 1075 1465 καὶ
1092 1437 1130 1469 ὡς
1156 1436 1266 1473 ἀληθῶς
1288 1437 1459 1473 Νικηφόρον,
1484 1437 1606 1465 ὲλαύνων
1623 1436 1672 1463 τοῦ
1701 1436 1810 1472 θρόνου,

1027 1483 1074 1510 καὶ
1088 1481 1181 1518 ὲξορίᾳ
1198 1481 1373 1518 παραδιδοὺς,
1395 1481 1444 1517 οὐχ
1469 1481 1510 1508 ὅτι
1537 1480 1652 1508 καὶτῶν
1667 1480 1750 1508 αὑτοῦ
1770 1481 1812 1516 βι-

1027 1527 1110 1556 ϐλίων
1122 1528 1250 1563 ἐποίησεν
1262 1528 1425 1564 ὑπερόριον
1454 1527 1484 1554 οὐ
1501 1528 1550 1561 μὲν
1566 1524 1612 1554 οὖν
1637 1527 1699 1554 οὑδὲ
1719 1527 1811 1562 ὲλιμοο

1025 1574 1166 1609 κτόνησεν.
1184 1573 1220 1606 ὡς
1243 1574 1323 1609 ἡμεῖς
1338 1572 1586 1610 λιμαγχονούμεθα.
1602 1573 1655 1600 Καί
1669 1581 1711 1599 τοι
1734 1572 1813 1599 οὐδὲν

1024 1617 1106 1656 ἦττον
1135 1620 1181 1646 τὸν
1209 1619 1330 1655 ἀθλητὴν
1355 1618 1487 1654 ἐπεθύμει
1520 1617 1622 1650 θανεῖν,
1646 1618 1694 1644 καὶ
1718 1618 1735 1653 ἢ
1762 1617 1814 1653 τὴν

1027 1665 1109 1693 αὑτοῦ
1123 1665 1261 1701 βασιλείαν
1277 1665 1318 1696 είς
1342 1665 1430 1700 μῆκος
1459 1663 1575 1699 χρόνων,
1598 1663 1631 1690 δι’
1646 1660 1684 1690 ὧν
1710 1663 1812 1696 ἰσέϐει,

1026 1712 1118 1740 πάντα
1143 1710 1386 1748 παραταθήσεσθαι
1399 1718 1407 1726 ·
1433 1709 1491 1737 ἀλλ’
1520 1710 1596 1745 ’ὅμως
1618 1709 1704 1745 ῦνομα
1720 1709 1815 1737 λαϐεῖν

1026 1758 1202 1793 ἀνδροφονίας
1214 1758 1392 1792 ἱφυλάττετο·
1405 1756 1435 1783 οὐ
1460 1756 1511 1788 τὰς
1538 1756 1642 1792 σάρκας
1655 1755 1710 1783 τῶν
1740 1755 1815 1790 ὑπη-

1029 1803 1177 1840 ρετούντων
1191 1802 1276 1838 αὐτῷ,
1291 1802 1398 1839 λῃστῶν
1414 1801 1462 1829 καὶ
1479 1801 1617 1837 προδοτῶν
1639 1801 1730 1837 δίκην,
1748 1810 1817 1829 κατ-

1027 1850 1122 1885 έκοψε,
1132 1850 1233 1885 καίπερ
1242 1848 1381 1875 δυσσεϐῶν
1387 1847 1472 1875 τᾶλλα
1482 1852 1507 1881 ι,
1516 1849 1563 1876 καὶ
1574 1849 1664 1875 πνέων
1673 1847 1815 1883 ὼμώτητα·

1028 1898 1059 1924 οὑ
1074 1896 1129 1923 τῶν
1143 1892 1285 1931 ’συγγενῶν
1299 1895 1349 1931 τὴν
1371 1894 1481 1930 ὁμιλίαν
1505 1894 1643 1922 ὶκώλυσεν
1654 1903 1661 1911 ·
1682 1894 1743 1930 οὐχὶ
1760 1894 1817 1921 τῶν

1028 1942 1208 1978 ὑπαρχόντων
1255 1942 1357 1977 ζημίαν
1392 1941 1557 1976 ὑπήνεγκεν.
1591 1939 1707 1977 ᾘδέσθη
1747 1940 1816 1976 γὰρ,

1029 1986 1246 2023 Χριστιανισμὸν
1269 1987 1494 2022 ὑποκρινόμενος,
1524 1986 1663 2021 Ἐλλήνων
1687 1985 1817 2021 ὠμότερα

1029 2034 1256 2070 διαπράττεσθαι.
1300 2034 1415 2061 Ἐκεῖνοι
1452 2033 1518 2069 γὰρ,
1546 2033 1722 2068 ἀναιροῦντες
1750 2033 1816 2065 τοὺς

1032 2083 1185 2116 μάρτυρας,
1214 2080 1290 2115 ὅμως
1314 2079 1378 2106 οὔτε
1401 2079 1561 2115 θεραπείας,
1587 2080 1637 2115 τῆς
1660 2079 1736 2115 παρά
1760 2079 1817 2106 τῶν

1030 2127 1151 2159 οἰκείων,
1167 2126 1313 2162 τυγχάνειν
1332 2125 1451 2153 ἐκώλυον
1462 2134 1469 2141 ·
1487 2125 1573 2153 om:
1597 2126 1652 2153 τῶν
1679 2125 1818 2161 ὑπαρχόν-

191 2173 334 2200 crudelius
355 2180 436 2207 quam
462 2172 560 2208 pagani
586 2171 728 2200 desaevire.
748 2171 790 2198 illi
814 2171 887 2199 enim
916 2178 977 2198 cum

1031 2181 1086 2200 των
1099 2172 1253 2209 ἀφῃροῦντο
1264 2172 1315 2208 τὴν
1328 2171 1489 2207 κυριότητα.
1505 2171 1544 2198 Οὐ
1560 2171 1614 2207 μὴν
1629 2171 1690 2198 οὐδὲ
1700 2171 1819 2206 ψαλμῳ-

191 2223 323 2255 martyres
333 2223 563 2251 consummarent,
573 2226 627 2246 non
645 2217 830 2253 impediebant
837 2217 981 2252 quominus

191 2266 343 2293 amicorum
369 2264 503 2292 famulitio
536 2268 704 2295 uterentur:
729 2271 781 2291 nec
815 2264 981 2299 proprietate

190 2311 334 2347 privarunt
353 2310 522 2338 facultatum.
535 2310 588 2337 Sed
602 2317 666 2338 =nec
689 2309 735 2337 ille
749 2309 804 2337 Leo
817 2309 982 2345 psalmodias

192 2357 364 2393 prohibebat,
376 2365 470 2384 verum
483 2356 630 2384 multorum
642 2357 840 2384 monachorum
850 2357 877 2384 in
890 2364 976 2384 unum

191 2411 350 2432 consessum
366 2403 424 2431 fieri
440 2403 530 2431 solatii
542 2410 626 2430 causa
638 2402 753 2430 terebat.
767 2403 867 2430 Domos
875 2402 982 2431 divinas

191 2454 220 2476 et
234 2453 353 2477 sacratas
370 2449 426 2476 Deo
445 2448 517 2476 aedes
534 2455 589 2476 non
612 2448 775 2480 subruebat;
800 2452 935 2480 metuens,
951 2450 982 2474 ut

191 2494 334 2531 probabile
353 2499 406 2527 est,
422 2498 520 2522 contra
550 2501 627 2522 sacra
647 2501 731 2529 opera
764 2494 901 2526 insaavire,
918 2500 981 2520 cum

194 2541 319 2568 homines
331 2548 387 2567 non
401 2545 537 2568 metueret
548 2539 698 2567 offendere.
711 2539 746 2566 At
753 2544 854 2567 contra
867 2546 921 2571 me,
937 2538 982 2566 hei

193 2585 276 2614 mihi!
291 2585 384 2613 omnia
397 2592 479 2616 nova,
492 2592 603 2612 omnem
615 2584 774 2620 tragoediam
791 2584 983 2620 exsuperantia

193 2636 362 2666 usurpentur
383 2640 390 2658 :
410 2631 543 2666 captivor,
558 2631 593 2658 ab
609 2630 738 2658 omnibus
752 2631 863 2659 deseror
874 2629 979 2662 amicis,

193 2679 229 2708 ab
243 2677 380 2712 afﬁnibus,
392 2677 501 2706 famulis
518 2677 620 2713 privor,
631 2677 820 2713 psaﬂemibus,
840 2677 981 2706 monachi-

249 2760 270 2776 ³·
288 2761 373 2786 Amos
392 2765 451 2791 νιιι,
464 2757 508 2784 Η.

1031 2219 1090 2251 δίας
1113 2220 1217 2250 ἐκεῖνος
1229 2217 1369 2254 ἐξέκοψεν,
1378 2217 1446 2245 ἀλλὰ
1464 2218 1513 2245 καὶ¹
1524 2217 1630 2244 πολλῶν
1645 2217 1818 2253 μοναζόντων

1032 2264 1178 2293 συναυλίαν
1191 2264 1311 2292 ἀνεδίδου
1326 2263 1510 2300 παραμύθιον.
1526 2264 1563 2291 Οὐ
1574 2263 1637 2295 τοὺς
1650 2262 1818 2298 ἀφιερωθέν-

1032 2319 1082 2343 τας
1097 2311 1171 2346 αὐτῷ
1196 2311 1289 2343 οίκους
1313 2310 1382 2338 Θεοῦ
1411 2311 1460 2337 καὶ
1480 2311 1562 2342 ναοὺς
1589 2309 1795 2345 κατεστρέψατο
1808 2316 1816 2325 ·

1031 2356 1195 2383 ἐδυσωπεῖτο
1204 2356 1269 2391 γὰρ,
1281 2355 1320 2388 ὡς
1328 2355 1464 2391 ἐνόμιζεν,
1476 2355 1613 2390 ἀνθρώπῳ
1624 2355 1817 2390 προσκρούων,

1030 2403 1089 2434 τοῖς
1101 2401 1184 2434 θείοις
1198 2402 1289 2436 ἔργοις
1311 2401 1548 2437 ἐπιλυμαινεσθαι.
1563 2401 1634 2429 Καθ’
1647 2400 1725 2436 ἡμῶν
1737 2400 1777 2431 δι,
1791 2400 1820 2426 οῖ

1032 2456 1088 2484 μοι,
1104 2447 1195 2475 πάντα
1210 2448 1301 2481 καινὰ,
1317 2447 1365 2475 καὶ
1375 2448 1529 2484 τραγῳδίας
1546 2447 1678 2474 ἐπέκεινα
1690 2453 1698 2460 '
1710 2445 1818 2480 αἰχμά-

1031 2493 1112 2521 λωτοι
1136 2493 1277 2526 πάντωνι,
1303 2494 1402 2530 ἔρημοι
1422 2494 1518 2528 φίλων,
1546 2492 1646 2529 ἔρημοι
1664 2491 1816 2526 συγγενῶν,

1031 2541 1251 2576 ὑπηρετούντων,
1289 2541 1390 2578 ἔρημοι
1424 2541 1591 2576 ψαλλόντων,
1628 2540 1818 2577 μοναζόντων·

1031 2587 1093 2615 ἀντὶ
1102 2587 1131 2614 δὲ
1149 2587 1246 2622 φίλων,
1272 2587 1332 2615 ἀντὶ
1351 2587 1533 2623 μοναζόντων,
1562 2587 1623 2614 ἀντὶ
1648 2585 1821 2622 ψαλλόντων.

1032 2632 1094 2660 ἀντὶ
1110 2632 1220 2660 πάντων
1250 2632 1356 2666 ἁπλῶς,
1378 2631 1553 2668 στρατιωτῶν
1569 2629 1748 2661 κουστωδίαις
1771 2629 1823 2656 καὶ

1034 2680 1239 2715 στρατιωτικοῖς
1271 2679 1361 2716 λόχοις
1383 2678 1566 2715 ὲκδεδόμεθαυ
1590 2676 1824 2714 κατεστράφησαν

832 2807 949 2835 νΑΙὶΙιΕ
969 2808 1168 2841 LECTIONES.

233 2864 246 2879 ‘
266 2860 309 2887 ισ.
321 2859 427 2897 θηρίου.
466 2865 477 2879 ι
495 2859 529 2886 τὰ
539 2857 617 2886 ἄλλα.
658 2854 755 2882 ιοὺτε.
795 2859 805 2873 Ζ
826 2853 942 2885 πάντως.
