1940 3087
80 125 133 157 769

657 124 926 158 EPISTOLARUM
945 128 1062 160 LIBER
1081 130 1107 161 Ι.

1657 133 1712 165 ’170

79 181 149 209 οἶκοι
162 180 242 213 Θεοῦ,
259 182 308 208 καὶ
322 180 500 217 λελωϐημένα
527 181 641 217 σώματα
666 183 792 218 πενήτων
807 193 869 219 μετ-

927 195 1010 215 ςιηιιῐη
1025 188 1195 219 colentibus:
1210 196 1261 224 pro
1273 187 1380 219 amicis,
1402 186 1539 219 amnibus.
1555 187 1711 222 monachis,

80 228 232 262 ανὲστησαν
244 235 252 244 ο
265 228 358 255 καὶτὰ
375 227 534 263 ὑπάρχοντα
547 228 651 261 αὐτοῖς,
675 229 714 261 ὡς
732 229 870 265 πολεμίων

81 274 306 310 ὲδημοσιώθησαν
319 274 442 309 λάφυρα·
459 274 504 301 ἶνα
523 274 551 301 τί
567 275 701 310 ﬂvunt;
723 275 767 302 ἵνα
788 276 871 311 ἡμεῖς

81 319 240 355 ἀνιάσωμεν
250 328 256 335 ·
270 319 331 347 λίαν
342 319 450 354 πικρῶς
460 320 612 355 ὴνιὰσαμεν
621 328 630 336 ο
643 321 800 357 ἱλαστήριον
812 322 867 358 γὰρ

81 366 148 401 ἡμῖν
165 365 384 401 ἁμαρτημάτων,
403 366 506 393 ὲκεϊνοί
518 375 549 392 τε
569 367 616 394 καὶ
635 368 660 394 οἱ
679 367 744 402 περὶ
756 367 868 401 αὐτοὺς,

82 414 216 449 θεραπείᾳ
234 413 316 449 Θεῷι
332 414 479 450 ἀφιέρωτο.
500 413 570 441 Ἀλλ’
585 414 637 441 εδει
653 415 786 449 συννοεῖν,
813 415 868 451 μή-

81 467 148 486 ποτε
172 460 220 486 καὶ
246 459 314 492 Θεὸς
328 459 396 495 ἡμῖν
417 460 433 486 ὁ
457 459 650 495 ζημιούμενος,
680 461 781 496 μᾶλλον
807 470 870 488 συν-

81 506 245 542 αλγήσειεν*
270 506 351 542 είπερ
370 506 452 536 αὐτός
472 507 556 539 ἐστιν,
571 507 585 533 ὁ
609 507 645 534 τά
666 507 722 534 τῶν
743 508 869 543 πενήτων

81 552 279 587 οἰκειούμενος.
296 552 436 588 Σωμάτων
451 552 502 587 μιν
517 551 667 585 κακώσεις,
692 553 771 589 νόμοι
801 553 870 580 Ῥω-

84 597 183 632 μαίων,
195 599 252 630 τοῖς
267 598 314 624 ἐπὶ
338 597 491 633 κακουργίᾳ
520 597 643 630 ἁλοῦσιν,
666 598 707 630 εἰς
736 598 871 634 κάθαρσιν

82 643 172 679 ψυχῆς
182 643 336 678 ἐπενόησαν
346 651 354 659 ο
362 643 454 679 ψυχῆς
466 643 495 670 δὲ
504 643 644 676 κακώσεις
654 644 702 670 καὶ
712 644 869 677 ἐπιϐουλὰς,

82 688 144 715 οὐδὲ
154 689 236 724 ἀκοῇ,
253 688 334 724 μέχρι
347 688 406 722 νῦν,
428 688 506 724 παρά
519 696 591 715 τισιν
604 688 757 724 ἀνθρώπων
776 690 871 725 ἐπιτη-

82 736 231 768 δευομένας
245 736 456 772 παρειλήφαμεν
466 744 474 753 ”
495 737 520 763 εί
533 736 581 764 καὶ
596 737 645 764 νῦν
655 738 689 773 τῇ
703 738 788 773 πείρᾳ
805 745 871 772 μαν⁴

84 781 202 817 θάνομεν
213 790 220 797 ·
233 781 313 809 τοῦτο
325 782 381 817 γὰρ
389 782 470 818 δῆλον
482 781 524 809 δτι
534 783 618 815 ποιεῖ,
631 783 686 818 ἦτε
694 783 749 810 τῶν
761 782 871 818 βιϐλίων

83 827 240 862 ἀφαίρεσις,
256 827 304 854 καὶ
314 827 361 854 τοῦ
371 827 470 863 λύτρου
479 827 534 854 τῶν
544 828 655 863 ἀμαρτη
660 827 753 863 μάτων
761 828 778 862 ἡ
785 836 871 854 κατα-

85 873 189 909 στροφὴ
214 873 260 899 καὶ
285 873 441 908 ἀναίρεσις
463 874 480 909 ἡ
502 874 553 909 μὲν
565 874 653 909 αὐτῆς
675 873 707 900 τδ
730 874 809 909 ὄμμα
822 873 872 909 τῆς

85 919 203 955 θεωρίας
218 919 436 947 ὲναποσϐἑννυσα
448 919 497 947 καὶ
521 919 716 956 διαφθείρουσα
727 929 735 937 η
759 921 777 956 ἡ
793 920 823 947 δὲ
843 919 874 946 τδ

85 965 227 993 κάλλιστον
233 965 288 993 τῶν
295 964 420 1002 πράξεων
428 966 615 1002 πρασσωμένη
628 966 677 993 καὶ
687 965 873 994 καταλύουσα·

84 1012 128 1044 τίς
159 1013 276 1048 ἤκουσεν
298 1012 328 1045 ξιξ
342 1012 451 1044 αἰῶνος,
482 1013 555 1040 κατὰ
567 1012 663 1048 ψυχῶν
678 1012 871 1049 ἀνθρωπίνων,

85 1057 204 1093 πόλεμον
217 1058 269 1084 ὑπὸ
282 1057 330 1085 ἀνθ
336 1057 436 1094 ρώπων
450 1057 640 1092 ὲπινοούμιενον
651 1066 659 1091 ;
675 1058 706 1084 οὐ
717 1058 772 1093 γάρ
782 1058 875 1085 ῑκαναὶ

85 1103 204 1131 κενῶσαι
215 1104 305 1130 πᾶσαν
311 1103 396 1138 ὀργὴν
404 1103 433 1129 αἱ
445 1103 577 1138 τιμωρίαι
587 1103 635 1129 τοῦ
646 1103 782 1138 σώματος,
790 1104 876 1140 ὑπερ-

87 1150 161 1185 ορία,
178 1149 227 1176 καὶ
252 1149 437 1184 αῑχμαλωσία,
450 1149 499 1175 καὶ
514 1148 603 1183 λιμὸς,
619 1149 667 1176 καὶ
687 1150 805 1186 φρουρά,
829 1151 877 1177 καὶ

86 1195 202 1226 θάνατος
209 1195 270 1222 καθ’
284 1195 402 1230 ἑκάστην
416 1195 594 1229 ἑπαγόμενος,
610 1196 658 1222 καὶ
667 1195 787 1231 τοσούτῳ
796 1196 876 1231 μόνον

86 1240 134 1267 τοῦ
148 1240 217 1273 ζώου
232 1240 398 1276 φειδόμενος,
413 1241 469 1275 ὅσῳ
478 1241 516 1277 μὴ
533 1240 687 1268 συνανελεῖν
702 1241 814 1269 καὶτῶν
829 1243 877 1269 ἀλ-

86 1285 187 1321 γεινῶν
200 1286 250 1322 τὴν
260 1286 448 1322 συναίσθησιν,
461 1288 530 1324 ὅπερ
546 1286 604 1313 εστὶ
611 1287 642 1313 τὸ
653 1288 816 1322 πικρότατον
827 1285 876 1313 τοῦ

88 1334 204 1361 θανάτου
223 1333 347 1369 κέντρον,
373 1333 419 1360 καὶ
440 1333 458 1369 ὴ
472 1333 610 1369 ἀφόρητος
629 1332 756 1368 βάσανος,
774 1333 818 1360 ῐνα
830 1334 878 1360 καὶ

87 1380 123 1407 τὰ
137 1379 190 1407 τῶν
205 1379 376 1414 θνησκόντων
392 1379 552 1415 πάσχωμεν,
568 1379 617 1406 καὶ
631 1378 671 1415 τῷ
700 1379 809 1415 θανάτῳ
840 1379 875 1407 τὰ

89 1425 164 1461 πάθη
183 1425 222 1462 μὴ
230 1426 415 1454 συνδιαλύοιτο
423 1435 432 1444 ⁸
445 1428 459 1455 ὃ
471 1428 552 1464 μόνον
561 1426 608 1464 ἦν,
622 1428 661 1461 ὡς
678 1429 708 1456 ὲν
719 1428 875 1465 τηλικούτῳ

88 1473 178 1508 κακῷ,
204 1475 262 1505 τοῖς
286 1473 433 1509 θνήσκουσι
464 1473 649 1510 παραμύθιον.
675 1475 828 1510 Σκόπησον,
855 1472 878 1502 ὧ

89 1517 215 1568 βασιλεῦ,
235 1518 321 1546 ταῦτα
334 1519 405 1546 κατὰ
416 1520 530 1546 σεαυτόν
543 1527 550 1534 ·
565 1520 613 1546 καὶ
627 1520 651 1547 εί
680 1519 732 1555 μὲν
747 1520 832 1554 ἀθῳοῖ
845 1528 875 1546 σε
891 1536 914 1568 c

87 1565 120 1591 τὸ
136 1565 181 1592 σὺν
196 1565 326 1598 συνειδὸς,
347 1565 465 1602 πρόσθες
481 1566 530 1593 καὶ
548 1566 631 1603 ἕτερα
654 1566 716 1595 καθ’
734 1567 826 1602 ἡμῶν,
844 1567 877 1593 ἂν

87 1611 143 1647 ἄρα
165 1619 192 1637 τι
206 1611 254 1638 καὶ
278 1611 505 1647 παραλέλειπται.
526 1613 557 1640 El
580 1613 609 1640 δὲ
632 1613 821 1646 καταδικάζει,
838 1613 877 1649 μὴ

88 1657 240 1694 ἀναμείνης
261 1658 311 1694 τὴν
327 1658 432 1685 ἐκεῖθεν
455 1659 616 1696 καταδίκην,
628 1661 673 1687 ὅτε
687 1661 734 1687 καὶ
755 1661 773 1696 ἡ
791 1669 876 1696 μετα-

89 1704 186 1740 μελεια
198 1704 345 1740 ἄχρηστος.
369 1705 441 1740 Ἐγὼ
455 1705 487 1732 δε
496 1715 542 1733 σου
566 1707 673 1742 δέομαι,
697 1707 793 1742 καινὴν
812 1707 878 1740 ἴσως

87 1752 194 1787 δέησιν,
211 1751 270 1778 ἀλλ’
298 1752 346 1779 ἐπὶ
366 1752 536 1785 καινοτάτοις
558 1753 786 1789 προσαγομένηνο
811 1753 878 1788 στῆ-

89 1805 147 1830 σον,
163 1796 185 1824 ὣ
200 1797 323 1832 βασιλεῦ,
348 1797 384 1824 τά
399 1798 484 1830 κακὰ,
501 1794 523 1832 ᾦ
545 1798 635 1833 βούλει
662 1799 772 1834 τρόπῳ·
792 1799 810 1834 ἤ
830 1798 878 1826 τοῦ

89 1842 149 1879 βίου
166 1843 260 1878 τάχιον
271 1844 347 1879 ἡμᾶς
370 1844 417 1870 καὶ
431 1843 469 1880 μὴ
491 1845 560 1880 μετὰ
575 1845 626 1880 τῆς
643 1845 748 1881 πολλῆς
774 1846 879 1881 ταύτης

88 1888 138 1915 καὶ
153 1888 259 1923 ἀφάτου
276 1889 429 1925 ταριχείας,
460 1890 567 1925 ἐξάγων
580 1898 587 1906 ⁸
612 1891 630 1927 ἢ
652 1891 701 1927 τὴν
725 1892 879 1928 ὑπερὸολὴν

88 1934 255 1961 ἀνακόπτων
273 1935 328 1962 τῶν
342 1935 498 1972 δυσχερῶν·
516 1936 653 1973 μνήσθητι
668 1937 709 1963 ὅτι
734 1937 879 1973 ἅνθρωπος

88 1977 126 2011 ei,
144 1979 196 2006 κᾶν
225 1980 389 2017 βασιλεύῃςυ
411 1981 548 2018 μνήσθητι
579 1982 621 2009 ὅτι
639 1983 729 2018 σάρκα
753 1984 877 2018 περικεί-

90 2025 162 2062 μεθα
181 2026 231 2061 τὴν
245 2027 342 2063 αὐτὴν,
358 2027 406 2055 καὶ
418 2027 537 2063 βασιλεϊς
549 2027 596 2055 καὶ
620 2028 735 2061 ἰδιῶται,
753 2030 801 2057 καὶ
829 2031 879 2065 τῆς

89 2072 177 2106 αὐτῆς
209 2072 392 2108 κοινωνοῦμεν
421 2073 546 2108 φύσεως·
565 2074 701 2110 μνήσθητι
726 2075 768 2103 ὃτι
790 2076 880 2104 κοινὸν

90 2118 231 2152 Δεσπότην
249 2118 348 2153 ἔχομεν
365 2120 412 2146 καὶ
423 2120 560 2155 Πλάστην,
575 2121 623 2147 καὶ
637 2121 726 2148 κοινὸν
739 2122 844 2157 Κριτήν
854 2122 879 2150 δ.

90 2162 126 2189 Τί
141 2162 190 2197 τὴν
208 2163 256 2198 σὴν
272 2163 436 2197 ἐπιείκειαν,
459 2166 519 2196 ταῖς
547 2165 607 2192 καθ’
631 2165 709 2201 ἡμῶν
725 2166 880 2194 κακώσεσιν

921 234 1111 270 psallentibus,
1130 242 1162 262 ac
1176 242 1226 270 pro
1242 234 1350 262 ueteris
1361 233 1502 266 omnibus,
1517 232 1634 260 militum
1649 241 1713 261 cns-

921 281 1012 312 tndiaa,
1039 280 1203 307 militaribus
1227 279 1325 307 turmis
1345 279 1457 306 trador:
1486 278 1626 306 subversae
1646 270 1715 306 sunt

921 325 968 353 Dei
986 325 1070 358 aedes,
1094 325 1164 352 male
1182 325 1295 352 multata
1316 327 1467 360 pauperum
1486 331 1600 359 corpora
1625 327 1713 351 trans-

921 372 988 404 lata,
1004 371 1150 400 facultates
1160 379 1254 399 eorum
1271 378 1326 398 non
1349 370 1427 398 aliter
1438 378 1520 405 quam
1535 370 1599 397 belli
1626 369 1713 405 spolia

920 417 1081 453 publicatae:
1103 418 1131 444 in
1154 424 1234 452 quem
1255 415 1356 444 linem?
1374 423 1474 451 nempe
1492 419 1522 442 ut
1547 422 1597 450 ego
1618 422 1716 441 excru-

921 464 998 491 cier:
1016 469 1091 491 certe
1106 463 1244 490 crudelem
1267 463 1294 489 in
1310 462 1420 489 modum
1441 468 1492 496 ego
1514 459 1713 493 excamiiicor;

921 509 967 544 qui
984 516 1033 544 pro
1048 508 1169 544 peccatis
1184 507 1253 535 meis
1274 514 1336 534 cum
1353 505 1585 541 propitiatorium,
1610 509 1638 532 et
1655 504 1715 531 illas

921 555 993 583 aedes
1003 559 1031 582 et
1051 555 1173 590 ipsorum
1185 553 1302 580 famulos
1313 553 1525 582 destinaveram,
1539 558 1553 577 ο
1570 549 1716 578 serviendo

921 599 978 627 Deo
1006 600 1044 627 illi
1074 598 1288 631 abstrahamur;
1320 597 1368 625 sed
1393 595 1569 633 cogitandum
1599 595 1651 623 fuit
1679 603 1715 622 an

924 646 998 675 Deus
1027 646 1128 673 damno
1169 652 1185 672 a
1220 644 1299 672 nobis
1340 643 1484 676 afﬁciatur,
1509 646 1537 669 et
1566 642 1715 669 vehemen-

920 693 977 721 tius
997 692 1096 720 doleat.
1109 691 1190 718 Certe
1204 690 1315 726 quidem
1334 689 1408 717 dolet
1433 689 1457 716 si
1489 688 1571 716 modo
1591 687 1636 714 ille
1657 687 1716 722 ipse

922 743 974 771 est,
992 738 1039 774 qui
1066 744 1217 773 pauperum
1234 739 1338 764 statum
1356 736 1385 763 in
1402 742 1433 763 se
1453 734 1552 770 recipit
1564 741 1716 769 procuran-

922 785 997 812 dum.
1015 784 1153 819 Corporea
1171 787 1308 811 tormenta
1323 781 1418 809 civiles
1429 780 1618 808 Romanorum
1642 779 1717 815 leges

922 830 949 858 in
967 829 1116 862 maleﬁcos,
1132 829 1166 856 ad
1184 822 1356 864 purgandum
1372 826 1494 854 animum
1511 825 1715 857 adhibuerunt;

924 877 1022 904 anima
1042 881 1134 904 autem
1151 874 1301 907 cruciatus,
1316 877 1344 901 et
1362 872 1390 900 in
1403 879 1464 900 eam
1484 871 1715 906 conspirationes,

924 931 960 951 ne
972 923 1054 951 fando
1070 921 1190 958 quidem,
1211 921 1265 949 nisi
1283 927 1359 948 nunc
1377 919 1508 955 primum,
1522 917 1594 953 apud
1609 917 1717 952 aliquos

924 968 1109 996 intelleximus
1129 969 1274 1001 usurpatas
1291 974 1300 993 ς
1322 964 1370 992 sed
1391 971 1443 991 nos
1465 963 1494 990 in
1519 962 1649 998 praesenti
1669 969 1718 988 eas

924 1014 1101 1050 experimur;
1124 1013 1190 1041 satis
1216 1012 1291 1040 enim
1318 1015 1392 1047 patet
1419 1010 1493 1046 quod
1518 1009 1572 1037 hoc
1592 1007 1718 1036 intendat

925 1061 1059 1088 librorum
1084 1059 1204 1091 ablatio,
1225 1057 1423 1093 redemplionis
1443 1060 1618 1091 peccatorum
1643 1058 1717 1081 cata-

926 1107 1052 1142 strophe,
1065 1110 1093 1133 et
1107 1105 1224 1133 sublatio
1240 1112 1248 1131 :
1272 1104 1369 1132 harum
1389 1102 1516 1134 duarum,
1531 1101 1615 1129 altera
1639 1100 1718 1127 theo-

925 1152 974 1180 τίω
993 1151 1103 1179 oculum
1131 1149 1281 1184 exstinguit
1299 1152 1327 1176 et
1345 1148 1498 1183 depravat:
1518 1146 1602 1173 altera
1625 1149 1717 1172 autem

926 1197 1126 1233 pulcherrimas
1151 1195 1219 1223 alias
1241 1194 1363 1222 actiones
1385 1193 1413 1220 in
1441 1197 1534 1228 partes
1561 1191 1665 1218 divellit
1690 1194 1718 1216 et

927 1243 1061 1272 dissolvit.
1096 1242 1137 1270 Ab
1167 1241 1243 1269 omni
1256 1244 1331 1268 retro
1366 1237 1496 1267 memOria
1521 1237 1583 1272 quis
1615 1235 1719 1263 audivit

927 1290 1028 1318 bellum
1059 1289 1094 1316 ab
1132 1287 1291 1316 hominibus
1319 1290 1415 1314 contra
1449 1284 1570 1312 animam
1599 1282 1720 1310 hominis

927 1335 1083 1365 indictum?
1117 1333 1196 1369 quasi
1235 1341 1291 1361 non
1320 1331 1479 1359 suﬂicerent
1510 1336 1620 1357 onmem
1651 1328 1718 1355 iram

928 1383 1038 1419 penitus
1069 1388 1203 1409 evacuare
1229 1386 1363 1415 corporea
1394 1376 1550 1413 supplicia,
1593 1374 1719 1403 exsilium

928 1437 1039 1466 nempe,
1059 1428 1213 1464 captivitas,
1236 1427 1333 1458 fames,
1349 1425 1489 1456 custodia,
1504 1430 1580 1451 mors
1596 1421 1720 1457 quotidie

928 1475 1094 1507 inferenda;
1123 1474 1169 1502 ubi
1196 1473 1224 1501 in
1242 1480 1275 1500 eo
1297 1476 1404 1499 tantum
1429 1470 1492 1497 vitae
1520 1468 1651 1505 parcitur.
1683 1474 1720 1494 ne

929 1529 991 1550 cum
1017 1521 1074 1549 vita
1099 1520 1181 1548 simul
1204 1526 1303 1546 sensus
1337 1517 1472 1544 malorum
1492 1514 1651 1546 auferatur;
1673 1516 1719 1539 est

931 1568 977 1596 hic
988 1566 1184 1594 acerbissimus
1200 1565 1298 1592 mortis
1313 1562 1451 1594 stimulus,
1471 1559 1630 1588 carniﬁcina
1643 1559 1722 1586 into-

929 1613 1059 1645 lerabilis,
1074 1617 1105 1639 ut
1114 1611 1245 1639 nimirum
1259 1609 1434 1637 morientium
1447 1607 1585 1643 patiamur
1599 1606 1720 1637 dolores,

929 1665 957 1689 et
967 1665 1059 1688 tamen
1070 1665 1182 1687 sensum
1197 1656 1321 1685 dolowtn
1333 1663 1389 1683 non
1408 1655 1435 1682 in
1450 1658 1538 1681 morte
1551 1652 1720 1684 amittamus,

929 1709 1003 1745 quod
1020 1714 1109 1737 tamen
1124 1706 1306 1735 morientibus
1324 1704 1352 1731 in
1369 1701 1455 1730 tantis
1468 1699 1557 1731 malis,
1576 1699 1663 1726 solum
1679 1701 1723 1724 est

930 1756 1068 1784 solatium.
1085 1753 1235 1782 Considera
1252 1752 1280 1779 in
1294 1751 1381 1786 teipso
1397 1749 1465 1780 hac,
1482 1746 1593 1775 domine
1606 1751 1671 1777 rex;
1692 1747 1721 1771 et

930 1802 952 1830 si
969 1806 1014 1829 tua
1026 1805 1054 1829 te
1075 1803 1187 1827 excuset
1202 1795 1384 1827 conscientia,
1406 1792 1495 1827 adiice
1511 1791 1601 1818 adhuc
1617 1787 1722 1823 aliquid

930 1852 1026 1876 contra
1044 1854 1098 1879 me,
1120 1845 1143 1873 si
1155 1850 1245 1872 tamen
1258 1842 1406 1878 quidquam
1424 1844 1466 1867 est
1480 1846 1495 1866 a
1510 1842 1538 1865 te
1554 1835 1722 1872 prtetemtis-

930 1902 1002 1923 sum.
1018 1893 1065 1921 Sin
1087 1897 1115 1920 te
1133 1891 1178 1919 illa
1200 1889 1376 1920 condemnat,
1394 1885 1449 1914 noli
1467 1888 1629 1919 exspectare
1652 1881 1723 1908 futu-

932 1948 990 1968 ram
1039 1936 1307 1967 condemnationem,
1337 1941 1399 1961 cum
1429 1932 1531 1960 frustra
1560 1929 1652 1957 futura
1684 1927 1722 1954 sit

929 1985 1104 2023 paenitentia.
1127 1983 1264 2018 Deprecor
1283 1984 1374 2007 autem
1396 1984 1448 2013 ego
1469 1981 1496 2004 te
1514 1983 1583 2003 nova
1598 1972 1723 2001 fortassis

929 2020 1135 2069 deprecatione,
1146 2029 1192 2057 sed
1204 2028 1287 2056 rebus
1296 2024 1404 2053 novatis
1412 2021 1632 2053 accommodata;
1643 2020 1721 2049 siste,

931 2064 1091 2114 imperator,
1124 2074 1258 2103 malorum
1287 2077 1398 2099 cursum
1441 2072 1606 2104 quocunque
1640 2064 1723 2092 modo

931 2113 1043 2161 puteris,
1064 2127 1111 2150 aut
1132 2120 1270 2149 volucris:
1290 2118 1334 2145 vel
1359 2124 1404 2144 me
1423 2116 1457 2143 de
1482 2114 1536 2142 vita
1566 2113 1618 2140 hac
1655 2118 1720 2138 sus-

933 2158 1062 2201 tollendo,
1097 2169 1178 2203 idque
1212 2165 1384 2202 quantocius,
1417 2170 1471 2190 non
1502 2168 1564 2188 cum
1586 2158 1670 2186 multa
1693 2160 1722 2184 et

90 2209 296 2245 ὲξελέγχεις;τί
308 2211 358 2246 τὴν
373 2211 423 2245 σὴν
444 2211 630 2246 χρηστότητα,
654 2213 714 2243 ταῖς
739 2213 779 2244 εἰς
805 2213 875 2248 ἡμᾶς

932 2214 1122 2251 inexplicanda
1134 2220 1222 2245 mora,
1232 2211 1309 2247 quasi
1320 2209 1375 2238 sale
1385 2207 1525 2236 conditum
1535 2203 1702 2233 asservando
1712 2210 1720 2235 ;

91 2256 235 2291 ὲπηρείαις
247 2255 420 2289 nassum;
437 2256 463 2282 τί
487 2256 515 2282 δε
530 2257 580 2291 τὴν
600 2256 818 2293 φιλανθρωπίαν,
837 2259 879 2291 είς

90 2300 250 2336 ὑπόκρισιν,
272 2300 321 2328 καὶ
346 2301 438 2336 σχῆμα
466 2301 630 2337 πραότητος,
655 2303 689 2338 τῇ
714 2303 777 2330 καθ’
800 2304 879 2339 ἡμῶν

90 2347 161 2382 ὀργῇ
176 2347 223 2374 καὶ
236 2346 369 2382 βαρύτητι
380 2346 535 2382 διασύρεις;
547 2347 596 2374 οὐκ
611 2348 742 2383 αἰτοῦμεν
755 2349 877 2384 θρόνους,

91 2393 124 2419 ού
137 2393 226 2426 δόξαν,
241 2394 292 2420 οὐκ
300 2392 460 2429 εὐημερίαν,
476 2393 527 2420 οὐκ
540 2393 703 2421 εὐπάθειαν·
713 2394 771 2422 ἀλλ’
785 2395 878 2422 ἐκεῖνα

91 2439 233 2474 αἰτοῦμεν,
249 2439 267 2466 ἃ
283 2440 330 2466 καὶ
343 2441 400 2471 τοῖς
425 2439 578 2474 δεσμώταις
596 2439 759 2476 παρέχεται,
773 2437 810 2468 ὧν
823 2441 878 2468 οὐδ*

90 2486 117 2513 οἱ
129 2485 298 2520 αἰχμάλωτοι
313 2486 563 2520 ἀποτυγχάνουσιν,
582 2485 601 2512 ἃ
615 2486 663 2512 καὶ
679 2486 812 2522 βάρϐαροι
823 2489 879 2520 τοῖς

89 2531 214 2567 δεσμίοις
229 2533 360 2568 παρέχειν
374 2532 644 2568 φιλανθρωπεύονται
653 2541 661 2548 ·
676 2534 717 2565 εις
732 2533 811 2561 τοῦτο
825 2534 880 2570 γὰρ

88 2579 125 2606 τὰ
147 2578 203 2613 ἐμὰ
217 2578 382 2614 περίεστηκι
397 2579 559 2614 πράγματα,
580 2579 624 2606 ἵνα
645 2579 721 2615 παρὰ
735 2579 878 2615 βασιλέως,

88 2627 139 2653 καὶ.
152 2631 163 2646 ε
182 2625 243 2651 τότε
260 2624 522 2661 φιλανθρωποτάτου
540 2625 638 2659 γένους
649 2625 705 2652 τῶν
733 2626 880 2660 Ῥωμαίων

88 2672 204 2699 τοιαῦτα
217 2671 296 2699 and.
313 2671 346 2698 Τί
360 2669 408 2699 οὗν
418 2671 566 2707 αίτοῦμενς
584 2671 600 2708 ἢ
625 2671 676 2708 ζῇν
695 2672 732 2707 μὴ
756 2673 880 2708 χαλεπω-

90 2719 174 2754 τέραν
193 2718 310 2746 θανάτου
335 2717 419 2753 ζωὴν,
446 2718 463 2753 ἢ
489 2718 586 2745 θᾶττον
609 2718 800 2754 ἀπαλλαγῆναι
831 2720 878 2747 τοῦ

933 2267 980 2290 aut
995 2262 1092 2290 saltem
1114 2259 1286 2288 tristitiarum
1299 2261 1456 2284 mensuram
1473 2260 1527 2288 qua
1541 2257 1652 2286 premor
1667 2249 1722 2276 im-

933 2309 1074 2337 minuens.
1097 2307 1205 2334 Memor
1229 2305 1268 2332 sis
1289 2302 1363 2338 quod
1381 2299 1503 2328 mortalis
1518 2296 1636 2328 exsistis,
1658 2295 1722 2322 licet

932 2355 1098 2390 imperator;
1112 2352 1202 2388 cogita
1223 2351 1294 2386 quod
1307 2354 1423 2384 uterque
1439 2345 1535 2373 eadem
1549 2350 1632 2371 carne
1652 2341 1722 2368 ami-

933 2402 1033 2435 cimur,
1047 2405 1075 2428 et
1106 2399 1230 2436 ejusdem
1254 2402 1360 2425 naturae
1384 2393 1530 2431 participes
1562 2398 1667 2422 sumus,
1693 2393 1722 2416 et

933 2455 1011 2484 reges
1024 2451 1051 2475 et
1072 2446 1194 2483 privatus
1207 2443 1331 2479 quilibet.
1353 2441 1493 2468 Memento
1509 2437 1580 2473 quod
1597 2443 1721 2464 commu-

932 2483 997 2522 ncin
1027 2493 1183 2522 Dominum,
1210 2486 1340 2517 factorem
1366 2492 1394 2514 et
1413 2485 1536 2521 iudicem
1564 2483 1720 2510 habemus:

933 2545 1008 2568 tuam
1038 2538 1126 2573 ipsius
1147 2532 1399 2564 mansuetudinem,
1419 2530 1488 2566 quid
1508 2536 1552 2557 me
1577 2527 1723 2563 amigendn

933 2583 1093 2614 eonvincis?
1111 2582 1176 2618 quid
1197 2585 1272 2608 tuam
1291 2578 1441 2607 bonitatem
1459 2575 1567 2611 injuriis
1589 2574 1658 2602 meis
1677 2579 1724 2600 ac-

934 2630 1038 2659 cusas?
1063 2627 1279 2656 lisericordiam
1308 2625 1338 2654 in
1365 2623 1533 2660 hypocrisin,
1558 2626 1586 2649 et
1611 2621 1723 2648 schema

934 2674 1088 2704 clementiae
1111 2673 1175 2701 odio
1204 2672 1232 2700 in
1253 2679 1297 2700 me
1325 2676 1354 2699 et
1374 2670 1467 2698 furore
1493 2668 1616 2704 percitus
1636 2665 1722 2701 gravi,

934 2720 1054 2748 ludibrio
1066 2717 1171 2746 habes?
1204 2716 1346 2744 Thronium
1369 2721 1424 2742 non
1441 2713 1578 2743 desidero,
1595 2718 1649 2737 non
1665 2707 1722 2744 gla-

735 2797 852 2828 VARIIE
872 2798 1075 2829 LECTIONES.

131 2862 143 2877 ι
155 2858 196 2885 ῐσ.
211 2857 290 2886 Θεοῦ.
330 2859 343 2878 δ
361 2858 404 2886 Ισ.
420 2856 529 2892 ἕξομεν.
575 2863 586 2877 θ
607 2858 650 2885 id.
667 2856 774 2885 τούτου.
