1940 3087
211 74 266 108 ’171

768 74 901 107 ΡΗΟΤΙΙ
920 75 1172 106 PATRIARCHE
1191 75 1248 106 CP.

1780 75 1825 107 7‘12

209 136 289 168 riam,
305 142 361 163 non
375 135 436 164 dies
460 135 560 168 bonos,
582 142 641 162 non
657 133 755 162 felices
776 142 939 168 successus;
960 134 996 162 ὶιιι

1055 132 1180 167 σώματος
1194 140 1202 148 ·
1223 131 1402 168 δυσωπήθητι
1421 131 1474 167 τὴν
1501 131 1597 167 φύσιν·
1618 130 1753 167 αίδέσθητι
1773 133 1824 164 τοὺς

209 186 317 209 tantum
349 188 434 216 rogo,
464 188 526 216 qua
555 181 583 208 in
618 179 727 207 vincula
759 180 893 216 conjectis
925 181 1003 208 exhi-

208 227 321 259 bentur,
353 235 369 254 a
399 226 499 261 quibus
518 233 572 254 nec
595 225 696 261 captivi
719 225 914 257 excluduntur,
942 233 1005 261 quas

207 276 236 299 et
268 272 391 299 barbaris
417 271 551 299 catenatis
580 271 703 299 exhiberi
740 272 832 300 solent
865 279 927 300 cum
952 273 1003 300 bu-

206 317 338 344 manitate
369 325 376 344 :
408 323 442 344 eo
460 316 536 344 enim
561 321 634 345 statu
660 325 705 345 res
731 325 800 345 mea:
829 319 1002 346 constituun-

207 366 260 394 tur,
291 367 320 389 ut
346 370 361 389 a
392 370 457 398 rege
487 367 515 390 et
544 361 675 391 Romanis
699 363 917 392 clementissima
951 372 1002 391 na-

205 408 279 435 tione
308 408 498 444 hujuscemodi
522 409 717 444 deprecatione
742 410 783 438 uti
806 418 920 439 necesse
935 411 1002 438 mihi

203 454 249 482 sit.
274 455 339 487 Quae
364 459 406 482 est
425 459 518 482 autem
541 455 608 482 illa?
628 455 737 483 scilicet
761 459 792 483 ut
812 456 856 483 vel
877 464 913 483 ne
934 457 1000 489 vita,

203 500 302 534 quavis
316 506 405 528 morte
418 501 502 536 magis
519 501 618 529 alllicta
633 502 720 534 fruar,
734 507 782 530 aut
798 507 828 530 ut
845 511 926 538 quam
943 504 998 531 cito

203 545 239 573 de
260 553 376 581 corpore
391 547 483 582 egredi
506 547 604 575 liceat:
623 555 752 576 reverere
767 553 892 576 naturam
906 553 935 576 ut
951 557 998 576 exs

203 591 310 624 oreris;
337 599 499 619 communes
531 593 706 620 mortalitatis
734 593 810 628 leges
845 601 997 627 venerare;

202 638 362 665 communia
387 638 504 666 Itoniani
526 639 637 674 imperii
656 639 716 668 iura
741 640 798 667 noli
816 640 998 672 committere,

203 687 232 710 nt
245 684 279 711 de
308 688 334 712 te
363 690 492 712 narretur
518 694 618 713 novum
644 690 670 714 te
700 686 727 713 in
759 686 813 713 vita
844 686 1000 722 exemplum

1055 179 1162 210 κοινοὺς
1178 178 1233 206 τῶν
1245 178 1398 214 ἀνθρώπων
1411 178 1510 214 νόμους
1521 187 1529 194 ο
1546 178 1688 213 αίδέσθητι
1700 180 1748 213 τῆς
1768 178 1826 206 Ῥω-

1056 225 1161 260 μαῖκῆς
1174 225 1262 261 ἀρχῆς
1273 225 1308 252 τὰ
1319 226 1397 253 κοινά
1409 225 1502 252 δίκαια
1510 233 1516 241 ·
1530 225 1598 261 μηδὲ
1610 225 1703 252 καινόν
1714 234 1739 251 τι
1753 233 1826 260 παρα-

1055 271 1185 307 χωρήσῃς
1200 271 1394 307 ἐπεισαχθῆναι
1419 271 1458 306 τῷ
1486 271 1536 306 βίῳ
1552 271 1693 306 διήγημα·
1711 270 1750 297 ὅτι
1771 271 1827 297 ποτὲ

1055 316 1193 353 βασιλεὺς,
1208 317 1346 344 ὲπιεικίαν
1374 317 1422 344 καὶ
1446 317 1652 352 φιλανθρωπίαν
1677 316 1828 350 ἐπαγγελλό-

1054 371 1146 398 μενος,
1160 362 1237 398 φίλον
1251 363 1396 399 ἀρχιερέα,
1412 363 1460 390 καὶ
1483 364 1629 390 σύντεκνον
1644 362 1826 397 ποιησάμενος,

1052 409 1097 444 ὑφ’
1108 405 1141 436 οὗ
1155 409 1260 445 χερσὶν,
1286 409 1367 441 αὐτός
1394 417 1424 436 τε
1449 409 1495 436 καὶ
1521 409 1539 444 ὴ
1554 407 1672 443 βασιλὶς,
1689 407 1720 434 τὺ
1736 407 1827 444 χρίσμα

1050 456 1100 491 τῆς
1113 455 1254 492 βασιλείας
1268 455 1392 491 ὲχρίσθη,
1418 455 1466 482 καὶ
1483 455 1515 482 τδ
1535 454 1644 490 ἀξίωμα
1668 453 1827 486 ἑνεδύσαντο,

1054 502 1098 536 ὑφ’
1112 499 1143 529 οὗ
1155 501 1215 529 λίαν
1229 501 1357 537 ὲφιλήθη,
1377 500 1505 536 καὶπρὸς
1517 499 1546 528 ὃν
1560 500 1643 535 ὅρκια.
1665 500 1713 526 καὶ
1733 499 1827 531 πίστεις

1050 547 1196 582 φρικώδεις
1218 547 1313 582 ἔθετο,
1333 547 1363 574 ὃν
1379 547 1562 583 ὑπεραγαπᾷν
1579 546 1628 573 καὶ
1645 546 1765 582 στέργειν
1784 546 1829 572 ἑπ-

1052 594 1190 621 εδείκνυτο
1218 594 1320 622 ἃπασι’
1345 593 1440 621 τοῦτον
1468 593 1571 629 ὲξορίᾳ,
1597 593 1644 620 καὶ
1664 592 1734 627 λιμῷ
1746 591 1828 627 πικρῷ

1052 641 1199 676 παραδοὺς,
1230 641 1277 667 καὶ
1303 639 1412 676 μυρίοις
1437 639 1527 671 ἄλλοις
1553 638 1708 673 κατατήξας
1731 638 1827 669 κακοῖς,

1054 687 1201 722 εὐχόμενον
1218 687 1289 722 ὑπὲρ
1306 686 1401 718 αὐτοῦ,
1420 686 1458 721 τῷ
1472 686 1580 721 θανάτῳ
1592 683 1779 721 παρέπεμψεν.

202 729 352 758 intulisse:
369 737 468 765 nempe
489 730 573 763 istud,
597 731 670 765 quod
694 731 843 766 imperator
867 731 914 766 qui
936 730 1156 758 misericordiam
1180 736 1209 758 et
1236 731 1412 758 clementiam
1440 730 1633 765 pollicebatur,
1654 729 1830 763 archiepisco-

202 783 268 810 pum
284 783 365 810 quem
385 777 504 803 amicum
518 777 634 804 habebat
655 781 683 804 et
707 784 881 805 communem
909 777 1012 804 ﬁlium:
1031 784 1046 804 a
1073 778 1152 812 cujus
1172 778 1310 810 manibus,
1335 785 1398 804 cum
1432 776 1491 812 ipse
1512 781 1568 803 tum
1592 777 1747 811 impcratrix
1761 776 1828 812 regni

202 825 377 855 susceperant
411 820 582 852 unctionem,
606 825 634 847 et
665 825 829 855 potestatem
864 821 1010 848 induerant
1046 821 1202 857 dignitatis:
1224 830 1240 850 a
1271 830 1326 857 quo
1356 822 1535 849 vehementer
1558 821 1731 857 diligebatur,
1763 823 1829 857 apud

201 875 282 902 quem
309 867 416 902 juratus
458 867 539 894 fidem
562 867 765 902 interposuerat
798 868 1002 896 reverendam:
1035 876 1117 903 quem
1138 869 1218 896 valde
1236 869 1350 904 diligere
1376 872 1404 895 et
1429 876 1523 895 amore
1566 868 1709 903 complecti
1735 867 1830 903 passim

200 914 328 941 omnibus
357 914 515 941 ostenderat
536 922 544 940 :
567 914 643 941 illum
673 915 774 948 inedia,
800 915 897 943 exsilio
926 914 1062 948 multavit.
1087 920 1115 943 et
1152 915 1290 944 sexcentis
1327 915 1389 943 aliis
1409 914 1491 942 malis
1517 914 1694 950 liquefactum
1724 914 1829 944 interim

201 959 328 994 precibus
340 967 391 995 pro
409 960 468 995 ipso
482 959 697 988 intercedentem
710 961 792 989 morti
809 961 895 989 dedit.

489 1017 600 1045 EPIST.
625 1017 708 1046 xvn.
1011 1010 1034 1040 Β

553 1063 655 1091 Eidem.

1348 1017 1460 1046 ΕΠΙΣΤ.
1484 1018 1537 1046 ΙΖ’.

1373 1063 1416 1097 Τῷ
1427 1064 1520 1098 αὐτῷ.

767 1120 841 1146 Edita
856 1127 869 1146 ει
883 1121 1033 1147 Montacutio
1050 1121 1101 1154 (ep.
1118 1121 1158 1152 98,
1174 1128 1198 1153 p.
1215 1121 1283 1153 141).

235 1185 293 1221 Ego
306 1185 416 1220 quidem
439 1185 601 1213 arbitrabar
625 1189 652 1213 te
667 1184 701 1212 ad
714 1184 791 1221 regni
811 1183 918 1220 fastigia
930 1192 995 1220 pro-

200 1236 284 1264 moto,
307 1231 373 1258 mihi
393 1231 494 1266 gratias
527 1230 626 1266 agendi
664 1230 829 1266 multiplices
854 1230 996 1259 adfuturas

199 1277 368 1310 occasiones,
383 1284 432 1312 pro
447 1276 556 1309 amicis,
567 1276 700 1312 cognatis,
713 1276 903 1310 familiaribus,
915 1281 998 1304 caste-

200 1323 239 1350 ris
273 1323 494 1358 quibuscunque,
527 1324 626 1358 quibus
654 1324 752 1352 tesine
783 1324 894 1352 fastidio
925 1324 994 1352 mihi

200 1369 415 1404 gratiﬁcaturum
436 1370 463 1396 in
479 1375 613 1404 quantum
641 1378 747 1405 posses,
770 1371 865 1405 putavi
880 1380 887 1400 :
904 1379 937 1398 eo
951 1378 997 1398 me

200 1415 258 1450 spei
287 1415 430 1443 induxerat
456 1415 581 1444 sincerus
609 1421 637 1444 et
650 1416 709 1444 sine
735 1416 799 1444 fuco
817 1424 896 1445 meus
924 1417 952 1444 in
970 1421 997 1445 te

201 1460 319 1495 animus,
341 1468 394 1489 nec
416 1461 545 1490 dubitare
568 1462 696 1490 sinebant
717 1463 916 1498 promissiones
932 1471 995 1491 sex-

201 1512 293 1535 centaa
308 1507 474 1542 juramentis
491 1507 675 1540 confirmatae;
694 1516 762 1544 quas
776 1516 820 1536 me
841 1509 885 1537 vel
899 1509 996 1544 invito,

201 1552 260 1588 ipse
273 1561 365 1583 coram
386 1553 518 1582 omnibus
537 1555 661 1583 studiose
680 1556 859 1591 propagabas.
875 1556 910 1584 At
931 1564 997 1585 nos-

201 1603 252 1626 tra:
264 1599 320 1633 jam
338 1598 446 1626 tandem
462 1598 516 1626 huc
527 1607 590 1634 spes
605 1599 789 1634 devenerunt,
804 1605 835 1628 ut
845 1601 906 1629 licet
922 1609 994 1634 sero,

201 1645 333 1673 nec-satis
353 1650 516 1680 opportune,
538 1649 587 1673 tuo
617 1645 733 1681 imperio
766 1647 910 1683 gratificari
946 1647 996 1677 ha-

200 1691 290 1719 beam.
304 1690 438 1724 Quorsum
449 1696 539 1719 autem
551 1696 579 1719 et
591 1691 619 1719 in
631 1699 686 1727 quo
698 1692 822 1728 inquies?
830 1693 902 1728 quod
913 1693 996 1721 latro-

200 1746 266 1766 num
290 1745 318 1766 et
329 1739 570 1774 suspendiosorum
593 1739 737 1768 hominum
767 1740 912 1776 supplicia,
931 1748 993 1768 cum
1007 1759 1029 1788 ο

200 1785 301 1821 quibus
322 1792 409 1820 usque
431 1785 467 1812 ad
497 1785 718 1821 absumptionem
748 1786 943 1819 conﬂictabar,
965 1786 994 1814 in

199 1839 313 1859 cursum
347 1831 590 1866 temperantiorem
620 1835 783 1860 convertere
825 1832 993 1867 pollicearis.

201 1877 269 1905 Vide
282 1882 374 1906 autem
387 1878 435 1911 sis,
450 1878 550 1905 dilecte
561 1877 641 1911 mihi,
654 1878 719 1906 licet
736 1878 819 1912 nolis,
834 1879 993 1914 imperator,

199 1924 273 1959 quod
300 1928 408 1951 tentare
437 1928 544 1951 tantum
565 1927 596 1951 ut
624 1925 795 1959 persuadeas
823 1925 992 1958 hominibus,

200 1977 257 1997 non
278 1970 360 1997 modo
377 1970 444 1998 nihil
465 1969 577 1998 confert
594 1969 631 1997 ad
653 1971 873 2007 persuadendum
894 1971 990 2004 Deum,

199 2015 247 2043 sed
270 2015 298 2042 in
322 2015 404 2050 plane
423 2018 590 2045 contrarium
615 2017 802 2051 immutatur;
825 2021 901 2044 certe
931 2024 993 2052 qua

200 2061 261 2089 sine
286 2062 342 2090 ullo
367 2067 440 2090 metu
467 2063 513 2090 hic
546 2067 680 2099 geruntur
707 2063 867 2091 acerbiores
896 2070 992 2099 pmnas

164 2125 167 2129 ν
199 2109 264 2137 olim
284 2109 399 2145 iustitiae
416 2110 510 2138 omnia
539 2112 667 2140 Iustranti
680 2111 796 2140 dabunt.

1095 1183 1160 1219 Εγὼ
1172 1184 1220 1220 μὲν
1226 1184 1317 1220 ᾤμην,
1325 1183 1374 1219 τῆς
1381 1183 1396 1209 ὑ
1400 1183 1459 1218 μῶν
1469 1184 1689 1220 κραταιουμὲνης
1697 1184 1833 1220 βασιλείας

1050 1230 1151 1262 πολλὰς
1175 1231 1243 1266 αὐτῇ
1274 1229 1425 1266 προσάγειν
1449 1229 1625 1266 εὐχαριστίας
1637 1231 1708 1267 ὑπὲρ
1722 1232 1769 1267 τῆς
1795 1234 1833 1265 είς

1050 1278 1124 1313 ἡμᾶς
1138 1277 1310 1312 εὐεργεσίας,
1323 1276 1393 1311 ὑπὲρ
1409 1276 1506 1312 φίλων,
1525 1276 1596 1311 ὑπὲρ
1606 1277 1756 1312 συγγενῶν,
1767 1278 1834 1314 ὑπὲρ

1053 1322 1186 1358 συνήθων,
1202 1323 1272 1358 ὑπὲρ
1287 1322 1397 1350 πάντων
1411 1323 1514 1356 ἁπλῶς,
1526 1323 1578 1350 ὅσα
1601 1324 1728 1359 πράττων
1756 1325 1835 1357 αὐτὸς

1048 1369 1089 1400 είς
1101 1367 1151 1414 την
1160 1369 1177 1404 ἡ
1182 1368 1240 1404 μῶν
1254 1367 1404 1414 Θεραπῧαν
1424 1369 1504 1404 κόρον
1516 1370 1566 1396 οὐκ
1577 1366 1651 1404 εἶχες
1664 1370 1834 1405 χαρίζεσθαι.

1045 1414 1093 1445 Et;
1107 1411 1186 1440 τοῦτο
1199 1413 1255 1450 γὰρ
1266 1413 1339 1449 ἡμᾶς
1352 1411 1430 1449 ἦγεν,
1443 1413 1461 1448 ἥ
1476 1422 1506 1441 τε
1520 1414 1630 1450 καθαρὰ
1649 1415 1718 1450 πρός
1736 1424 1765 1442 σε
1788 1417 1836 1443 καὶ

1045 1457 1159 1494 ἀληθινὴ
1173 1457 1303 1490 διάθεσις,
1322 1457 1437 1485 καὶτῶν
1462 1458 1567 1494 μυρίων
1587 1458 1679 1494 ὅρκων
1702 1459 1749 1485 καὶ
1767 1459 1835 1485 ὐπο-

1047 1505 1166 1540 σχέσεων
1176 1504 1207 1531 τὸ
1221 1504 1362 1531 ἀνένδοτον
1373 1512 1382 1519 ·
1396 1503 1444 1535 οὓς
1458 1503 1506 1530 καὶ
1516 1503 1637 1532 ἀκόντων
1652 1504 1741 1539 ἡμῶν,
1755 1505 1839 1537 αὐτὸς

1048 1549 1135 1585 ὅμως,
1154 1550 1223 1585 πρὸς
1245 1549 1369 1580 ἅπαντας
1399 1549 1547 1578 ὑποτείνων
1569 1550 1601 1576 οὐ
1624 1550 1753 1582 διέλιπες.
1779 1551 1839 1578 Νῦν

1048 1595 1078 1623 δὲ
1095 1597 1135 1628 είς
1150 1595 1230 1622 τοῦτο
1239 1595 1274 1623 τὰ
1287 1595 1342 1622 τῶν
1353 1595 1496 1631 ἡμετέρων
1510 1595 1627 1623 ἐλπίδων
1643 1597 1838 1632 περιέστηκεν,

1048 1641 1158 1669 sum
1178 1640 1227 1677 ὀψὲ
1250 1640 1297 1669 τοῦ
1320 1642 1429 1678 καιροῦ,
1454 1643 1530 1678 ὅμως
1553 1642 1729 1678 εὐχαριστίαν
1744 1644 1777 1678 τῇ
1803 1644 1839 1679 σῇ

1049 1686 1226 1722 προσάγομεν
1257 1686 1393 1722 βασιλείᾳ.
1415 1687 1477 1714 Ἐπὶ
1492 1687 1557 1720 τίνι,
1585 1688 1633 1714 καὶ
1655 1687 1700 1714 διὰ
1727 1687 1770 1722 τί;
1797 1689 1840 1715 ὅτι

1048 1731 1099 1762 τὰς
1116 1731 1172 1758 τῶν
1187 1731 1293 1768 λῃστῶν
1312 1731 1360 1759 καὶ
1374 1731 1539 1767 κακουργῶν
1554 1732 1701 1768 τιμωρίας,
1724 1729 1769 1765 αἶς
1794 1734 1841 1760 ὲν-

1046 1777 1191 1810 αθλοῦντες
1202 1778 1282 1813 ἡμεῖς
1297 1777 1564 1812 καταδαπανώμεθα,
1583 1779 1622 1810 είς
1635 1779 1666 1806 τὸ
1686 1779 1842 1815 μετριώτε-

1046 1831 1093 1859 ρον
1109 1823 1287 1859 σχηματίζειν
1303 1823 1498 1859 ἐπεχείρησας.
1518 1823 1590 1850 Ἀλλ’
1610 1825 1672 1860 δρα,
1692 1825 1767 1859 φίλε,
1787 1826 1844 1853 κᾶν

1046 1870 1084 1905 μὴ
1095 1869 1196 1905 βούλει,
1211 1869 1332 1904 βασιλεῦ,
1344 1870 1385 1896 ὅτι
1399 1870 1431 1896 τὸ
1444 1869 1593 1905 πειρᾶσθαι
1606 1871 1713 1897 πείθειν
1728 1871 1843 1907 ἀνθρὼ-

1045 1922 1126 1948 πους,
1140 1915 1171 1942 οὐ
1188 1914 1269 1951 μόνον
1280 1915 1357 1942 οὐδὲν
1370 1915 1493 1942 συντελεῖ
1510 1916 1578 1952 πρὸς
1592 1916 1623 1943 τδ
1648 1918 1743 1944 πεῖσαι
1757 1917 1844 1951 Θεὸν,

1044 1960 1114 1987 ἀλλὰ
1141 1961 1188 1987 καὶ
1215 1960 1256 1993 είς
1279 1961 1438 1988 τούναντίον
1467 1961 1683 1997 ’περιτρέπεται⁵
1711 1963 1761 1990 καὶ
1784 1963 1846 1990 τῶν

1045 2006 1131 2038 ἀδεῶς
1147 2005 1267 2034 ἐνταῦθα
1283 2007 1491 2042 πραττομένων,
1508 2007 1609 2044 μᾶλλόν
1624 2009 1700 2037 ἐστιν
1726 2009 1845 2038 ἐκεῖθεν

1045 2053 1063 2088 ἠ
1076 2052 1245 2088 παντέςρορος
1261 2052 1322 2089 δίκη
1336 2053 1444 2089 κριτής.

863 2258 1152 2306 MONITUM

767 2355 800 2383 IN
821 2354 1030 2388 SEQUENTEM
1050 2354 1256 2384 EPISTOLAM.

712 2427 826 2464 (Angelo
841 2427 892 2456 ΜΛ]
909 2427 1006 2463 Script.
1021 2434 1074 2458 vet.
1091 2434 1113 2457 t.
1127 2428 1155 2462 l,
1170 2437 1238 2466 page
1250 2431 1320 2466 ut.)

235 2494 383 2532 Vestiganti
400 2496 469 2525 mihi
483 2496 510 2524 in
527 2495 667 2524 Vaticanis
685 2496 787 2532 pluteis
800 2497 890 2525 Photii
904 2498 1015 2534 scripta,
1030 2498 1153 2535 ignotum
1169 2499 1307 2534 quoddam
1328 2504 1429 2535 praeter
1441 2507 1518 2536 spem
1531 2508 1562 2529 se
1575 2501 1674 2529 obtulit
1689 2500 1721 2529 in
1740 2501 1857 2530 codice

199 2545 293 2569 vetere
306 2540 491 2575 palimpsesto,
505 2541 590 2568 breve
607 2540 735 2576 equidem
752 2541 800 2568 sed
814 2545 904 2569 tamen
923 2549 978 2570 non
993 2544 1234 2571 contemnendum.
1254 2543 1334 2572 Prior
1356 2544 1525 2580 palimpsesti
1546 2546 1682 2581 scriptura
1701 2546 1857 2581 quadrata

198 2589 251 2618 est,
268 2585 443 2620 continetque
456 2589 549 2620 partes
565 2593 706 2614 sacrarum
717 2593 810 2614 rerum
825 2585 943 2619 Leontii,
956 2587 990 2615 de
1004 2595 1059 2622 quo
1072 2595 1156 2622 opere
1170 2588 1198 2614 in
1213 2587 1268 2615 alio
1279 2587 1420 2616 volumine
1435 2589 1579 2617 locuturus
1592 2597 1665 2617 sum.
1691 2588 1858 2625 Scriptura

196 2629 342 2666 posterior,
356 2629 447 2657 saeculi
462 2629 547 2658 ferme
560 2638 620 2664 ml,
637 2630 720 2658 habet
738 2638 807 2666 opus
824 2630 933 2658 Eusebii
948 2630 987 2658 De
1010 2632 1064 2658 situ
1080 2635 1106 2658 et
1121 2631 1271 2658 nominibus
1295 2631 1488 2660 Hebraicorum
1509 2633 1627 2660 locorum
1643 2641 1653 2661 :
1676 2637 1705 2660 et
1722 2634 1858 2668 quidem

196 2675 232 2702 ad
244 2681 367 2702 normam
383 2673 465 2709 hujus
483 2674 615 2701 rarissimi
628 2674 741 2706 codicis,
756 2674 802 2709 qui
818 2674 871 2701 fuit
888 2675 952 2702 olim
968 2674 1114 2702 cardinalis
1129 2674 1233 2708 Sirleti,
1251 2679 1357 2703 textum
1378 2677 1471 2711 operis
1486 2676 1632 2704 Eusebiaui
1661 2676 1751 2705 fuisse
1780 2677 1860 2705 reﬁ-

197 2724 271 2746 ctum
281 2719 361 2747 docet
371 2717 520 2747 Vallarsius
538 2719 564 2746 in
582 2717 739 2755 Hieronymi
752 2719 882 2752 editione,
900 2719 932 2746 T.
944 2718 988 2746 lll.
1008 2719 1168 2754 Sequuntur
1182 2718 1210 2746 in
1225 2715 1321 2747 codice
1338 2720 1468 2755 glossaria
1483 2721 1618 2756 quaedam,
1637 2726 1694 2748 tum
1708 2721 1746 2748 de
1762 2729 1860 2749 men-

197 2762 269 2790 suris
289 2763 511 2798 ponderibusque
537 2763 668 2798 opuscula
680 2784 688 2796 ,
713 2771 821 2790 necnon
840 2763 999 2798 theologicae
1013 2763 1117 2798 aliquot
1130 2762 1316 2791 deﬁnitiones.
1334 2764 1403 2791 Exin
1425 2764 1517 2792 Photii
1547 2765 1678 2793 canonica
1702 2773 1861 2801 responsa

198 2807 329 2841 quinque,
348 2815 410 2843 cum
426 2815 459 2836 eo
475 2807 553 2836 titulo
566 2815 647 2843 quem
659 2807 697 2844 _in
713 2811 808 2837 nostra
825 2807 944 2837 editione
961 2807 1054 2837 Grmce
1068 2807 1239 2844 scripsimus.
1255 2807 1383 2837 Photium
1399 2809 1516 2845 denique
1536 2810 1747 2846 subsequuntur
1775 2810 1861 2839 Gre-
