1940 3087
109 73 154 106 773
670 71 939 103 EPISTOLARUM
959 73 1075 103 LIBER
1095 73 1110 103 ῐ
1671 74 1726 107 774

109 128 305 166 goriiThcologi
323 127 457 164 quaedam,
477 132 505 155 et
523 134 609 163 pauca
632 134 776 163 auonyma.
792 127 918 156 Profecto
943 133 972 156 et
997 128 1055 164 ipse
1074 128 1267 163 palimpsestus
1287 128 1315 156 in
1332 128 1463 158 extremis
1482 128 1584 158 codicis
1611 128 1684 158 foliis
1705 139 1722 157 a

108 174 188 210 priore
202 178 230 201 et
241 172 360 201 maxima
376 172 419 200 sui
442 177 519 208 parte
534 171 643 199 diﬁ‘ert:
668 172 750 199 habet
764 173 837 200 enim
860 172 978 200 Actuum
990 173 1201 208 apostolicorum
1224 173 1387 209 fragmenta,
1402 174 1599 201 vetustioribus
1612 193 1619 206 ,
1639 182 1723 209 quam

107 215 202 244 Leontii
220 223 299 251 opus,
314 215 411 243 litteris
425 219 544 242 exarata.
561 214 616 242 Sed
628 215 713 249 enim,
729 215 780 247 .his
802 215 913 244 interim
929 216 1048 249 omissis.
1062 217 1096 244 de
1115 216 1205 245 Photii
1220 217 1323 252 scripto
1341 217 1462 245 breviter
1484 217 1551 245 mihi
1573 218 1720 245 dicendum

108 264 152 293 est,
162 259 233 295 quod
247 259 281 287 ad
293 258 413 287 Leonem
427 258 558 286 Calabriae
572 258 809 294 archiepiscopum
819 259 946 288 mittitur.
959 260 1091 289 Calabriae
1102 261 1194 288 sedem
1206 260 1388 296 episcopalem
1403 261 1475 288 inter
1487 269 1535 288 eas
1549 265 1724 288 numeratam-

107 304 187 336 video,
202 310 262 338 quae
272 303 434 338 patriarchae
449 302 598 338 Byzantino
613 302 755 337 parebant,
767 302 915 331 in'n0vella
929 302 1030 331 Leonis
1041 303 1180 339 Sapientis
1192 303 1242 339 (I).
1253 303 1300 339 qui
1314 303 1402 332 Photii
1416 305 1543 332 alumnus
1556 304 1608 332 fuit
1621 313 1628 331 :
1641 304 1725 340 eique

107 347 158 376 sedi
176 347 289 376 honoris
303 347 402 383 gradus
416 346 488 374 inter
502 346 648 375 Mocissum
660 347 852 383 Larissamque
867 348 1003 375 tribuitur.
1021 347 1106 375 Porro
1120 352 1212 375 utrum
1227 347 1353 375 Calabria
1369 347 1542 383 intelligenda
1556 348 1591 375 sit
1605 348 1721 384 Argivo-

107 400 160 420 rum
178 391 276 425 insula,
298 391 327 419 in
348 399 401 426 qua
423 391 488 419 olim
503 390 702 419 Demosthenes
717 399 854 420 venenum
870 392 971 425 hausit,
992 399 1027 419 an
1043 392 1135 428 potius
1147 392 1230 420 Italize
1245 391 1395 428 provincia,
1411 392 1483 420 haud
1496 391 1553 420 scio
1570 400 1605 420 an
1626 392 1727 420 merito

107 436 222 464 dubitare
233 435 323 463 liceat.
337 434 406 463 Nam
420 438 448 463 et
465 435 547 463 Italia:
560 435 713 471 Calabriam
728 435 757 463 in
772 444 804 464 ea
819 436 926 464 novella
941 444 971 472 p.
985 436 1037 464 100
1055 436 1186 471 appellari
1200 436 1292 468 video,
1306 443 1361 471 quo
1373 436 1433 464 loco
1447 435 1586 464 Severina:
1602 436 1726 464 Calabra:

107 480 157 508 sedi
180 479 365 515 subjiciuntur
384 478 505 515 episcopi
525 478 741 515 Callipolitanus,
758 479 951 513 Acerantinus,
973 483 1001 507 et
1022 479 1112 507 Castri
1133 479 1244 508 veteris.
1260 479 1331 507 Tum
1343 480 1427 520 _apud
1459 479 1727 516 Porphyrogenitum

107 523 184 552 them.
200 523 249 551 lib.
260 523 296 556 II,
308 523 353 556 I0,
367 523 527 559 oppidulum
541 522 648 552 Sanctae
662 523 799 551 Severinze
818 531 904 559 prope
917 523 1064 552 Crotonem
1079 524 1201 559 ponitur.
1215 524 1304 559 Atque
1319 524 1362 552 his
1379 523 1407 550 in
1427 524 1495 551 Iocis
1512 523 1614 551 Graecae
1640 525 1726 551 ritum

106 566 228 595 Ecclesia
245 567 345 602 partim
369 567 459 595 adhuc
479 567 569 602 vigere
592 567 672 594 docet
689 566 830 602 Ughellius
854 570 920 594 tom.
958 566 1006 599 IX,
1034 575 1062 603 p.
1085 567 1148 595 475.
1171 566 1296 595 Profecto
1314 571 1394 595 aetate
1421 566 1553 594 Pbotiana
1575 571 1728 594 extremam

106 611 172 638 illam
186 610 272 638 Italiw
286 615 390 646 partem
405 610 432 638 in
449 611 588 647 Byzantini
605 611 803 643 patriarchatus
816 610 915 638 ﬁnibus
933 610 1017 638 fuisse
1030 606 1256 646 comprehensam
1267 631 1275 644 ,
1292 611 1385 638 multis
1405 610 1577 638 documentis
1597 617 1726 645 compro-

105 654 190 682 batum
209 658 269 686 est,
287 659 315 682 et
328 659 403 682 certe
414 661 429 682 ι
442 655 514 682 dicta
531 654 587 690 jam
603 654 776 690 imperatoris
791 654 906 681 novella.
922 653 979 682 Imo
993 662 1059 682 vero
1075 655 1194 682 Leonem
1225 654 1301 682 hunc
1314 654 1446 682 Calabriae
1466 654 1565 681 Italicae
1590 654 1726 689 archiepi-

105 705 209 733 scopum
225 697 309 726 fuisse
323 698 369 726 vix
382 698 488 730 dubito,
509 698 574 726 dum
586 698 730 726 considero
742 697 868 725 Photiani
882 698 1025 733 cujusdam
1043 698 1141 726 inediti
1150 699 1242 734 operis
1252 699 1385 726 adversus
1396 698 1508 726 Latinos
1520 698 1565 733 (de
1578 705 1633 732 quo
1643 705 1729 733 opere

105 742 171 777 mox)
188 742 288 776 locum,
309 742 367 775 ubi,
388 742 556 770 enumeratis
574 741 656 770 Italia
677 746 706 770 et
722 741 877 770 Occidentis
890 742 971 770 variis
995 742 1104 778 populis
1126 743 1174 778 qui
1190 742 1313 778 pontiﬁci
1336 742 1460 770 Romano
1477 743 1629 777 parebant,
1649 742 1731 770 abiis

99 785 212 814 .Photius
234 786 334 821 excipit
350 786 500 818 Calabros,
522 793 592 821 quos
611 786 649 814 ait
669 793 732 814 cum
763 785 866 813 Graecis
887 787 1055 814 consentire.
1078 787 1132 815 Sed
1155 791 1246 815 tamen
1267 786 1323 814 Leo
1351 790 1426 814 certe
1459 784 1556 821 Rbegii
1581 787 1730 821 episcopus

104 834 202 858 octavae
221 830 324 866 synodo
343 835 437 858 contra
454 830 579 858 Photium
599 830 742 858 celebratae
768 830 931 866 subscripsit
951 830 990 866 (2)
1008 839 1015 857 :
1030 830 1157 866 idemque
1187 831 1216 858 in
1239 829 1461 866 pseudo-synodo
1485 829 1618 857 Pbotiaua
1643 837 1728 866 appa-

105 875 155 902 ruit
169 874 206 910 (5)
224 883 233 901 :
252 882 333 909 quam
354 883 412 903 rem
430 875 541 902 Coletus
565 874 594 902 in
620 873 736 910 Ughellii
756 873 795 909 (4)
815 874 1055 902 emendationibus
1075 875 1213 910 sapienter
1236 875 1353 907 notavit,
1377 878 1459 909 atque
1475 874 1512 901 ita
1528 874 1647 901 Leonem
1671 881 1728 900 non

104 918 182 946 dubio
196 918 292 946 ordine
305 919 332 946 in
345 918 533 955 Rheginorum
547 918 736 954 episcoporum
749 918 820 946 serie
835 919 986 947 constituit.
997 919 1050 947 Sed
1068 927 1132 947 ecce
1151 918 1180 946 in
1196 919 1323 954 praedicta
1337 918 1445 946 novella
1460 925 1488 953 p.
1512 917 1565 945 I00
1588 917 1731 953 Rheginus

104 962 245 998 episcopus
254 970 269 990 a
280 962 396 991 Calabro
418 964 485 991 satis
499 963 686 999 distinguitur.
700 961 787 990 Porro
802 970 852 998 ego
865 966 961 990 auctor
974 969 1035 990 sum
1050 967 1081 990 ut
1090 962 1123 990 de
1137 962 1238 990 ﬁnibus
1247 961 1387 998 Byzantini
1405 961 1605 997 patriarchatus
1624 961 1729 996 legatur

103 1006 180 1034 etiam
196 1007 342 1042 perdoctus
352 1007 478 1035 Bressius
493 1007 524 1035 in
538 1007 636 1035 Melitae
659 1007 861 1042 antiquitatibus
873 1006 924 1042 (5),
933 1007 979 1042 qui
992 1006 1121 1034 Leonina:
1133 1007 1248 1035 novellae
1261 1006 1450 1034 auctoritatem
1463 1009 1525 1041 post
1535 1005 1604 1032 alios
1618 1006 1729 1033 critic-os

104 1050 222 1078 ventilat.
241 1050 282 1078 Ad
300 1058 357 1078 rem
374 1056 496 1079 nostram
512 1051 584 1086 quod
606 1050 713 1082 attinet.
732 1055 839 1078 constat
855 1049 973 1078 Leonem
988 1050 1121 1078 Calabriae
1138 1050 1374 1086 archiepiscopum
1394 1049 1574 1085 postulavisse
1593 1057 1610 1076 a
1630 1049 1730 1077 Photio

105 1094 255 1129 patriarcha
273 1101 336 1127 suo,
352 1099 434 1130 atque
448 1102 464 1122 a
480 1095 598 1130 synodo,
612 1101 673 1129 qua).
687 1093 758 1129 apud
774 1094 862 1129 ipsum
877 1093 1077 1127 celebrabatur,
1091 1094 1289 1121 dubitationum
1303 1093 1482 1129 quarumdam
1499 1093 1649 1121 solutiones
1662 1102 1669 1120 :
1683 1094 1729 1121 cui

104 1139 222 1166 honestae
239 1139 364 1174 petitioni
377 1146 524 1167 occurrens
536 1138 660 1171 Pbotius,
672 1138 762 1173 capita
773 1138 895 1174 quinque
906 1138 1064 1173 rescripsit:
1076 1146 1137 1174 qua:
1150 1145 1200 1174 ego
1212 1143 1241 1166 ut
1255 1138 1289 1166 de
1303 1146 1333 1165 re
1347 1138 1480 1165 canonica
1494 1137 1574 1171 bene,
1590 1142 1621 1164 ut
1636 1145 1729 1172 spero,

103 1189 229 1214 mererer,
244 1181 342 1210 Latina
354 1182 418 1216 feci,
432 1182 544 1212 scholiis
557 1182 660 1218 aliquot
672 1181 820 1216 declaravi,
835 1186 863 1210 et
875 1181 899 1210 si
912 1189 977 1210 cum
991 1181 1190 1217 Amphilochiis
1205 1181 1234 1209 in
1252 1182 1304 1210 hoc
1317 1181 1456 1210 volumine
1470 1181 1592 1215 ederem,
1612 1182 1731 1211 pretium

104 1233 192 1261 opera:
210 1225 269 1254 fore
283 1226 413 1262 judicavi.

525 1409 708 1450 PHOTII
742 1410 1001 1452 BESPONSA
1037 1411 1307 1452 CANONICA.

105 1576 148 1610 τῷ
159 1577 378 1612 θεοφιλεστάτφ
388 1576 538 1610 dou-mito)
545 1576 770 1613 συλλειτουρτῷ
781 1577 887 1605 Λέοντι
901 1583 912 1610 ,ι

136 1612 362 1639 cinnamomum
379 1613 548 1639 Καλαϐοίαι-
566 1612 675 1639 Φώτιοι-
693 1613 888 1639 ἀρτιεπίσκο-

946 1577 1142 1639 Relr’lgiosiuimo
1172 1582 1198 1605 et
1225 1578 1393 1605 sanctissimo
1420 1577 1500 1605 Leoni
1524 1577 1656 1606 Calabria:
1681 1586 1728 1605 ar-

975 1615 1137 1639 ctieuiscono
1149 1613 1260 1639 Photius
1284 1614 1492 1639 arclricnisconus
1510 1613 1728 1639 Constantiutmo-

136 1612 362 1648 ἀρχιεπισκόπῳ
379 1613 548 1649 Καλαὸρίας
566 1612 675 1647 Φώτιος
693 1612 888 1648 ἀρχιεπίσκο-

975 1612 1137 1649 citiepiscopo
1149 1613 1260 1641 Photius
1284 1614 1492 1648 archiepiscopus
1510 1613 1731 1648 Constantinopo-

134 1654 193 1681 πος
211 1649 569 1682 Κωνσταντινουπόλεως.

975 1649 1082 1677 litantis.

137 1704 179 1732 Τὰ
196 1705 273 1741 παρὰ
285 1704 336 1741 τῆς
360 1704 438 1740 ὑμῶν
464 1705 603 1740 θεοφιλιας
626 1705 695 1741 πρὸς
721 1706 797 1741 ἡμᾶς
821 1705 889 1733 ἁνα-

99 1751 264 1786 πεμφθέντα
278 1751 414 1785 κεφάλαια
423 1752 480 1783 τοῖς
495 1751 714 1787 Θεοφιλεστάτοις
730 1752 809 1787 ἡμῶν
828 1752 874 1779 ἐπι

99 1796 215 1823 δοθέντα
245 1795 458 1832 μητροπολίταις
473 1796 511 1832 (6)
528 1797 576 1823 καὶ
590 1796 655 1832 παρ’
669 1796 760 1823 αὐτῶν
774 1797 889 1832 δοκιμα-

100 1842 204 1869 σθέντα
221 1850 253 1869 τε
274 1842 322 1869 καὶ
341 1841 550 1877 βασανισθέντα,
565 1842 695 1877 τοιαύτης
719 1841 796 1877 ἔτυχε
826 1842 889 1878 κρί-

99 1887 173 1920 σεώς
189 1896 220 1915 τι
239 1889 287 1915 καὶ
305 1887 467 1920 ἐπιλύσεως.

942 1719 944 1725 ι
975 1704 1041 1738 Quae
1055 1710 1145 1733 vestra
1156 1705 1245 1741 pietas
1261 1705 1296 1733 ad
1311 1713 1362 1733 nos
1380 1705 1454 1733 misit
1465 1706 1594 1741 capitula,
1608 1714 1671 1733 cum
1685 1713 1732 1733 re-

940 1751 1121 1787 ligiosissimis
1153 1751 1254 1779 nostris
1279 1751 1460 1787 metropolitis
1486 1751 1609 1779 exhibita
1627 1751 1732 1779 fuerint

940 1801 1022 1832 atque
1034 1797 1068 1824 ab
1079 1796 1132 1824 illis
1143 1796 1171 1824 in
1180 1804 1293 1824 examen
1305 1801 1410 1831 vocata,
1426 1797 1564 1833 ejusmodi
1578 1797 1732 1825 retulerunt

939 1842 1071 1878 judicium
1090 1850 1123 1870 ac
1136 1842 1312 1870 solutionem.
1515 1846 1517 1849 '

136 1931 178 1960 A'.
206 1933 277 1968 Περὶ
304 1933 355 1969 μὲν
384 1932 440 1960 τῶν
462 1931 631 1968 χειροτονίαν
659 1932 801 1969 ἱερατικὴν
821 1931 890 1968 μηδὲ

101 1979 171 2016 μιαν
185 1979 313 2014 ἐχόντων,
335 1977 512 2013 βαπτίσματα
534 1977 564 2005 δὲ
582 1977 617 2005 δι’
641 1978 746 2005 ἑαυτῶν
763 1979 890 2006 τελεσάν-

99 2033 171 2056 των,
185 2023 308 2051 τοιοῦτόν
321 2032 349 2050 τι
365 2024 492 2059 ὥρισται.
512 2022 558 2054 Ὠς
582 2023 607 2050 si
630 2023 680 2058 μὲν
706 2022 736 2049 ὲν
760 2022 890 2058 ἐλευθέρᾳ

99 2070 138 2104 γῇ
154 2069 203 2096 καὶ
216 2068 389 2104 Χριστιανῶν
402 2067 546 2105 παρρησίᾳ
557 2068 653 2104 ἱερέων
663 2076 694 2095 τε
703 2068 829 2104 εὐπορίᾳ,
840 2067 890 2095 τοῦ

98 2115 227 2142 τοιούτου
247 2115 453 2151 κατετόλμησαν
482 2115 696 2150 ἐγχειρήματος,
728 2114 782 2142 τῶν
810 2114 891 2150 ιερῶν

98 2160 313 2196 διακοσμήσεών
324 2168 354 2186 τε
369 2161 415 2187 καὶ
428 2161 633 2196 προχειρήσεων
648 2161 695 2188 τὸν
723 2160 823 2196 θεσμὸν
851 2160 891 2192 εἰς

99 2206 211 2242 φαῦλον
223 2206 373 2241 τιθέμενοι,
393 2206 492 2241 μᾶλλον
500 2206 530 2233 δὲ
538 2206 667 2243 ἀλαζονία
681 2207 891 2243 ἐμπορευσάμε-

975 1930 997 1958 I.
1018 1929 1096 1964 Quod
1108 1929 1143 1958 ad
1153 1938 1200 1959 eos
1218 1930 1346 1959 homines
1367 1931 1467 1959 attinet
1481 1931 1541 1967 qui,
1559 1931 1636 1959 nullo
1654 1939 1734 1960 sacro

940 1975 1036 2004 ordine
1051 1976 1168 2012 pmditi,
1179 1976 1344 2012 baptismum
1356 1984 1438 2004 manu
1453 1985 1502 2005 sua
1516 1977 1733 2005 administrave‘

940 2026 1015 2055 runt,
1033 2022 1086 2050 hoc
1101 2022 1243 2050 deﬁnitum
1260 2022 1323 2051 fuit.
1340 2022 1480 2058 Siquidem
1497 2023 1526 2050 hi
1541 2022 1626 2051 libera
1642 2023 1670 2050 in
1687 2031 1732 2050 re-

941 2067 1021 2103 gione
1034 2072 1061 2095 et
1073 2067 1228 2096 Christiana
1237 2076 1305 2104 pace
1317 2068 1545 2104 sacerdotumque
1558 2069 1647 2104 copia,
1659 2069 1732 2104 ejus-

941 2114 1014 2141 modi
1030 2114 1101 2141 actui
1116 2121 1225 2142 manum
1238 2115 1383 2142 admovere
1394 2115 1452 2142 ausi
1465 2114 1579 2147 fuerint,
1591 2122 1732 2142 sacrarum

941 2161 1164 2189 constitutionum
1179 2169 1210 2189 ac
1225 2161 1440 2189 ministeriorum
1470 2162 1558 2197 legem
1594 2160 1670 2188 Ilocci
1691 2161 1733 2188 fa-

942 2206 1057 2238 cientes.
1074 2205 1128 2233 imo
1143 2213 1209 2233 vero
1222 2206 1351 2241 superbia
1369 2214 1419 2233 sua
1437 2206 1518 2237 elati;
1537 2205 1584 2238 hi,
1600 2205 1710 2240 inquam
1723 2226 1733 2239 ,

99 2261 157 2284 vat,
174 2252 298 2288 σφοδρῶς
323 2251 533 2287 ἐπιτιμηθέντας
558 2252 629 2288 ὑπὲρ
649 2252 705 2279 τῶν
724 2253 775 2289 ἤδη
796 2253 890 2288 πλημ-
906 2253 912 2283 1

946 2259 1035 2280 severe
1048 2251 1185 2287 increpiti.
1199 2251 1235 2279 ob
1251 2251 1278 2279 id
1292 2251 1365 2287 quod
1384 2252 1517 2279 hactenus
1529 2256 1733 2286 perpetrarunt,

100 2297 291 2335 μληθέντων,
306 2298 354 2325 καὶ
379 2297 429 2332 τῆς
456 2298 526 2332 μετὰ
543 2297 630 2324 ταῦτα
658 2298 798 2334 ἱερατικῆς
824 2308 890 2334 προ-

98 2344 259 2380 χειρήσεως
271 2343 305 2370 δι’
320 2342 387 2370 αὐτό
399 2351 431 2377 γε
444 2342 523 2370 τοῦτο
531 2342 760 2379 ἀπειρχθήσονται
775 2351 784 2360 η
799 2344 824 2370 ol
836 2344 892 2380 γὰρ

97 2391 155 2425 τὴν
169 2389 219 2416 τοῦ
236 2389 310 2416 θείου
335 2388 495 2424 Πνεῦματος
519 2388 598 2424 χάριν
620 2388 791 2424 ἀποσυλῆσαι
811 2388 892 2423 θελή-

98 2442 216 2466 σαντες,
229 2434 278 2461 καὶ
302 2433 408 2465 ἑαυτοῖς
430 2433 480 2468 τὴν
503 2432 598 2468 τιμὴν,
613 2432 672 2459 ἀλλ’
685 2432 735 2468 οὐχ
748 2433 801 2460 ὑπὸ
823 2432 892 2460 Θεοῦ

96 2479 270 2515 καλούμενοι
282 2478 488 2514 ἐπιτρέψαντες,
497 2477 534 2509 ὡς
548 2478 599 2513 τῆς
607 2477 682 2510 θείας
690 2478 799 2514 χάριτος
805 2486 891 2505 κατα-

942 2305 957 2325 a
973 2305 1052 2325 sacro
1068 2297 1151 2324 etiam
1172 2297 1300 2333 posthinc
1318 2297 1470 2324 ministerio
1492 2297 1528 2324 ob
1546 2296 1617 2324 hanc
1634 2304 1732 2324 noxam

943 2342 1132 2370 excludantur.
1145 2341 1213 2369 Nam
1226 2342 1273 2377 qui
1287 2341 1373 2369 divini
1390 2340 1507 2376 Spiritus
1523 2341 1638 2377 gratiam
1652 2349 1733 2368 usur-

943 2396 1008 2422 pare
1024 2388 1178 2421 voluerunt,
1194 2387 1300 2422 sibique
1316 2388 1449 2415 honorem
1463 2387 1567 2422 absque
1585 2387 1634 2414 Dei
1652 2394 1732 2414 voca.

944 2434 1019 2460 tione
1031 2433 1179 2466 vindicare,
1198 2433 1280 2460 veluti
1293 2432 1394 2460 divina:
1411 2433 1505 2468 gratia:
1515 2436 1732 2467 contemptores,

945 2478 997 2506 hac
1014 2479 1072 2514 ipsa
1088 2483 1175 2507 semet
1189 2479 1366 2506 orhaverunt.
1386 2479 1473 2512 Quam
1491 2478 1564 2507 enim
1580 2482 1645 2506 ante
1664 2477 1735 2505 acci-

855 2578 972 2608 NOTJE.

138 2647 183 2683 (I.)
198 2646 281 2683 Apud
295 2645 490 2683 Leunclavium
507 2645 547 2683 De
562 2646 620 2683 jar.
639 2647 685 2675 Cr.
698 2647 775 2675 Rom.
796 2655 825 2683 p.
846 2646 892 2675 88.

138 2681 183 2716 (2)
197 2681 281 2709 Bard.
295 2681 398 2709 Concil.
411 2687 431 2708 t.
442 2681 520 2716 Nip.
537 2682 600 2709 929.

154 2715 183 2751 5)
203 2716 386 2744 Colet.Couc.
402 2721 421 2742 ι.
436 2715 523 2752 XVII,
539 2724 566 2752 p.
582 2717 644 2745 574.

153 2753 183 2784 Il)
204 2752 270 2779 Tom
288 2752 333 2784 IX,
349 2760 377 2786 p.
393 2751 455 2780 524.

139 2788 184 2823 (5)
203 2787 263 2815 Lib.
281 2795 316 2814 vr.
335 2787 377 2814 15.

984 2648 1021 2684 (6)
1041 2647 1163 2683 Intellige
1181 2646 1390 2684 patriarcbalem
1411 2646 1563 2684 synodum,
1580 2645 1734 2684 cuiusmodi

947 2681 1097 2720 permultas
1112 2681 1319 2720 Ie‘gimusapud
1335 2681 1530 2720 Leuttclavium
1546 2682 1572 2709 in
1589 2681 1733 2720 canonico-

948 2717 1009 2754 i-um
1021 2717 1214 2754 responsorum
1227 2717 1314 2745 libris.
1334 2718 1372 2745 De
1388 2718 1480 2754 Leone
1494 2721 1586 2744 autem
1601 2717 1733 2754 Calabriae

948 2753 1047 2780 Italicae
1065 2752 1273 2788 archiepiscopi,
1286 2753 1320 2780 ad
1335 2761 1416 2787 quem
1443 2753 1501 2781 hare
1520 2759 1650 2787 responsa
1665 2752 1730 2780 scri-

948 2789 987 2816 bit
1003 2788 1126 2821 Photius,
1146 2788 1202 2816 dixi
1218 2796 1299 2824 supra
1316 2788 1342 2815 in
1358 2788 1466 2815 Manilo.
