1940 3087
200 91 254 122 775

759 88 890 120 ΡΗΟΤῙΙ
908 90 1160 124 ΡΑΤΒΙΛΒΟΗᾸΞ
1180 96 1234 126 CP.

1777 95 1821 126 776

199 146 330 182 piendum
344 148 518 182 spreverunt,
532 144 657 172 eamdem
670 143 779 172 etiamsi
797 149 892 181 postea
911 154 992 175 acce-

1045 151 1188 186 φρονηταὶ,
1213 150 1318 186 ταύτης
1341 151 1453 182 ἑαυτοὺς
1476 150 1689 188 ἀπεστέρησανο
1714 147 1751 178 ὧν
1773 152 1820 187 γὰρ

199 194 300 228 perint,
314 192 455 228 aspernari
471 200 528 219 non
547 192 723 220 dubitabunt.
738 191 799 220 1am
820 200 868 221 eos
889 193 936 228 qui
957 194 993 223 ab

199 240 265 275 Ipsis
280 239 407 275 baptizati
420 238 540 271 luerunt,
554 245 724 273 nequaquam
737 239 858 274 Spiritus
875 240 991 275 gratiam

199 286 337 321 recepisse
353 292 499 312 censemus
512 294 521 311 ι
533 292 618 320 quare
630 292 678 312 eos
689 288 718 312 et
733 293 802 320 aqua
819 285 949 320 baptizari
965 290 993 313 et

199 337 295 360 sancto
308 331 456 359 chrismate
471 331 534 366 ungi
549 336 631 366 atque
645 331 682 358 ita
696 333 851 360 consecrari
862 332 989 360 decerni-

199 385 271 404 mus.
279 377 381 411 Nempe
388 385 450 404 cum
458 384 501 404 res
510 377 643 412 ejusmodi
653 378 832 412 contemptim
842 383 870 406 et
879 378 991 414 indigne

198 427 278 449 antea
294 427 404 457 peracta
417 421 509 454 fuerit,
522 422 663 457 sequimur
677 423 843 458 apostolicos
859 431 990 457 canones,

198 469 243 504 qui
260 476 425 504 magnopere
439 468 598 503 obiurgant,
615 469 637 496 si
658 469 719 504 quis
736 469 849 497 minime
869 470 992 505 baptiza-

198 515 268 542 verit
282 522 339 547 eos,
358 514 404 549 qui
420 514 455 541 ab
470 514 560 550 impiis
572 514 735 549 baptismum
752 516 920 550 receperint,
940 523 992 543 ceu

197 559 243 595 qui
254 559 336 587 falsos
350 567 368 587 a
383 559 455 587 veris
467 560 655 587 sacerdotibus
668 568 724 587 non
739 560 930 591 discreverim.
957 561 993 588 At

197 605 271 633 enim
287 606 310 633 si
327 606 373 640 qui
388 605 415 633 in
430 605 572 633 barbarica
587 605 690 633 ditione
704 606 844 642 degentes,
861 607 888 634 in
901 615 993 635 sacer-

197 652 293 681 dotum
304 651 412 679 defectu
425 652 589 686 baptismum
599 652 861 686 administraverint,
872 658 993 681 meretur

199 699 307 725 veniam
323 699 492 732 necessitas;
513 706 549 726 ne
562 699 689 727 videlicet
699 718 706 732 ,
724 700 875 736 tyrannidis
891 708 973 729 causa
984 721 992 735 ,

198 745 277 772 vacui
292 746 378 781 gratia
395 745 571 774 dimittantur
587 746 606 773 ii
621 746 667 781 qui
683 746 729 774 illa
745 746 826 782 potiri
841 747 991 782 postulant.

198 791 289 824 Quare
322 791 448 820 homines
475 792 522 827 qni
547 791 755 827 baptizaverunt
782 792 891 819 etiamsi
915 799 993 820 sacro

1045 197 1098 232 πρὸ
1111 196 1158 223 τοῦ
1173 196 1268 223 λαϐεῖν
1284 197 1501 234 κατεφρόνησαν,
1515 196 1619 224 τούτων
1640 196 1688 223 καὶ
1704 196 1771 232 μετὰ
1795 197 1822 223 τὸ

1042 242 1135 269 λαϐεῖν
1164 242 1276 273 εἰκότως
1299 242 1509 278 καταφρονῆσαι
1526 242 1557 269 οὺ
1586 242 1799 278 παραιτήσονται
1813 251 1820 258 ·

1042 287 1105 319 τοὺς
1119 286 1148 313 δέ
1163 295 1195 321 γε
1207 287 1273 323 παρ’
1287 287 1376 314 αὐτῶν
1390 287 1599 322 βαπτισθέντας,
1612 287 1740 322 οὐδαμῶς
1755 287 1821 320 δεεαρ

1044 329 1143 365 μένους
1158 329 1316 366 Πνεύματος
1331 331 1410 366 χάριν
1423 330 1564 365 ἡγούμεθα
1573 338 1580 346 ·
1591 330 1624 357 δι’
1633 330 1647 356 ὃ
1660 331 1706 357 καὶ
1719 331 1748 357 έν
1755 330 1822 357 ὕδατι

1043 375 1240 411 βαπτισθῆναι,
1257 376 1306 402 καὶ
1330 375 1370 411 τῷ
1396 375 1467 411 ἁγίῳ
1498 375 1576 419 μύριρ
1604 375 1758 412 χρισθῆναι,
1782 376 1824 403 καὶ

1042 422 1115 450 οὕτω
1127 422 1307 458 τελειωθῆναι
1323 422 1501 457 διοριζόμεθα
1513 430 1521 437 ·
1539 422 1596 450 κᾶν
1602 430 1629 448 τι
1642 422 1763 449 τοιοῦτον
1777 432 1824 450 κα-

1042 468 1251 504 ταφρονητικῶς
1273 477 1305 495 τε
1329 469 1377 495 καὶ
1398 467 1517 500 ἀναξίως
1537 468 1824 504 προδιεπράχθη,ὲπό-

1044 524 1121 551 μενοι
1137 516 1193 547 τοῖς
1210 515 1402 547 ἁποστολικοίς
1426 515 1520 542 κανόσι
1535 514 1659 550 σφοδρῶς
1680 515 1823 550 ἐπιτιμῶσι

1024 588 1026 591 ,
1042 561 1107 592 τοὺς
1129 561 1167 596 μὴ
1182 560 1364 596 βαπτίζοντας
1388 560 1452 592 τοὺς
1471 561 1529 587 ὅσοι
1548 559 1625 594 παρὰ
1646 559 1700 587 τῶν
1725 559 1825 588 ὰσεδῶν

1043 606 1168 639 ἐδέξαντο
1179 606 1332 642 βάπτισμα,
1342 607 1380 637 ὡς
1394 606 1433 642 μὴ
1443 606 1634 641 διακρίναντας
1647 605 1739 641 ἱερέας
1750 606 1825 641 ψευδ-

1045 654 1141 688 ιερέων
1157 654 1206 689 (7).
1220 654 1252 682 El
1275 653 1298 680 δ’
1315 655 1345 680 έν
1365 652 1522 689 βαρϐαρικῇ
1548 660 1620 684 τινες
1635 652 1822 687 παροικοῦντες

1043 700 1208 735 ἐπικρατείᾳ
1226 699 1274 726 καὶ
1288 698 1386 735 ἱερέων
1398 698 1590 730 ἐπιλιπόντων,
1604 698 1746 733 βάπτισμα
1757 699 1823 734 ἱερὸν

1043 747 1217 778 ἐπετέλεσαν,
1230 745 1380 780 συγγνώμη
1399 746 1435 781 τῇ
1453 744 1571 781 ἀνάγκῃ,
1589 745 1637 771 καὶ
1655 745 1686 771 τὺ
1700 745 1737 780 μὴ
1748 745 1825 780 ἀγεύσ

1045 801 1125 824 στους
1135 792 1183 827 τῆς
1208 792 1318 827 χάριτος
1337 791 1382 818 διὰ
1393 792 1446 827 τὴν
1468 790 1614 826 τυραννίδα
1638 790 1703 822 τοὺς
1729 792 1825 825 ταύτην

199 838 295 865 ordine
311 845 365 865 non
383 837 504 873 insigniti
524 837 652 869 fuissent,
665 837 767 873 judicio
782 838 883 866 vindici
905 839 992 873 subji—

1045 839 1236 874 ἑπιδεομένους
1252 838 1463 874 ἀποστραφῆναι
1478 845 1486 853 ·
1506 837 1546 864 διδ
1559 837 1623 867 τοὺς
1635 835 1824 872 βαπτίσαντας,

198 891 261 911 cere
288 884 375 911 visum
402 891 458 910 non
495 888 547 911 est.
583 883 739 918 Baptizatos
766 889 860 911 autem
894 884 992 911 iterum

198 929 346 957 chrismate
364 929 426 965 ungi
447 929 560 956 omnino
574 929 740 961 deﬁnimus.
755 929 862 956 etiamsi
888 936 903 956 a
923 937 994 964 pra:-

198 976 279 1003 dictis
295 975 367 1002 uncti
384 975 507 1002 fuerint:
526 980 608 1010 atque
630 975 666 1002 ita
688 983 801 1010 prorsus
826 975 919 1002 divino
942 983 993 1002 un-

199 1024 300 1056 guento
322 1019 477 1048 consecrari
506 1020 534 1047 in
561 1021 717 1055 septenario
741 1020 847 1048 dierum
878 1021 991 1056 spatio:

197 1066 346 1100 cmteroqui
362 1066 438 1093 illum
457 1066 633 1101 baptismum,
644 1067 690 1102 qui
705 1070 817 1103 urgente
830 1067 994 1095 necessitate

199 1112 369 1139 ministratus
389 1112 487 1143 fuerat.
502 1120 554 1139 non
570 1113 717 1148 antiquari.
736 1113 791 1140 Etsi
804 1113 877 1140 cnim
891 1113 914 1140 is
926 1113 994 1141 ritus

200 1158 376 1193 imperfectus
395 1163 473 1191 erat,
490 1163 581 1186 tamen
595 1158 737 1187 Trinitatis
759 1159 942 1192 invocatione,
967 1165 995 1187 et

199 1204 245 1240 pio
258 1204 441 1231 invocantium
455 1204 519 1237 line,
535 1209 563 1232 et
576 1205 766 1240 recipientium
784 1204 846 1237 fide,
862 1205 929 1232 satis
941 1205 992 1232 ho-

201 1255 312 1278 noratus
331 1250 392 1278 fuit.
412 1251 500 1283 Quare
515 1258 566 1278 nec
586 1251 685 1278 iterum
705 1259 775 1286 aqua
794 1251 925 1286 baptizari
947 1258 995 1278 cos

199 1295 245 1330 qui
261 1295 387 1330 baptizati
406 1295 537 1329 linet-ant,
553 1296 728 1323 decernimus
740 1315 748 1328 ,
769 1301 804 1322 ne
823 1295 928 1322 scilicet
948 1302 995 1322 re-

199 1341 337 1376 baptizare
357 1341 510 1369 videamur.
544 1341 612 1368 Nam
637 1345 666 1368 et
691 1341 841 1376 petentium
868 1340 944 1373 ﬁdes,
967 1344 996 1368 et

198 1386 365 1414 initiantium
378 1386 485 1421 pietatis
494 1386 625 1418 studium.
633 1391 661 1414 et
672 1386 817 1422 tyrannicae
825 1385 995 1413 auctoritatis

199 1437 382 1466 contemptus,
398 1437 425 1459 et
440 1432 657 1467 impendentium
677 1432 863 1467 periculorum
880 1436 995 1467 propter

200 1478 340 1505 Christum
362 1479 511 1514 neglectus,
535 1486 587 1505 nec
612 1482 707 1506 saneto
733 1478 838 1513 Spiritu
853 1481 993 1512 expertem

200 1531 251 1551 nec
259 1523 400 1558 profanum
414 1524 539 1551 videntur
552 1524 642 1552 sinere
658 1528 797 1559 peractum
812 1524 989 1559 baptismum.

201 1568 299 1596 Multos
321 1570 394 1597 enim
419 1569 569 1605 antiquitus
590 1570 710 1598 Ecclesia
740 1569 787 1596 Dei
804 1568 993 1604 comprobavit

201 1614 361 1649 baptismos,
378 1620 490 1650 propter
509 1620 663 1651 temporum
683 1621 711 1643 et
727 1615 848 1642 locorum
870 1615 992 1642 necessi-

201 1664 286 1688 tatem
297 1669 348 1689 ceu
358 1662 500 1690 commode
511 1662 724 1690 administratas.
735 1661 773 1689 De
781 1662 835 1690 hoc
847 1661 991 1689 hactenus.

1044 884 1097 911 κᾶν
1123 885 1188 911 ἄνευ
1214 884 1394 920 χειροτονίας,
1413 883 1533 918 ὲπιτίμῳ
1553 883 1645 919 κρίσει
1668 883 1719 909 οὐκ
1741 883 1826 916 ἔδοξεν

1043 932 1109 966 ἡμῖν
1130 930 1330 958 καθυποὸαλεϊν
1347 938 1355 947 ι
1369 931 1431 962 τοὺς
1450 930 1479 956 δέ
1494 938 1526 964 γε
1541 929 1747 964 βαπτισθέντας,
1765 930 1827 957 ἁνα-

1045 976 1211 1011 μυρισθῆναι
1236 975 1286 1010 μὲν
1315 975 1424 1006 πάντως
1446 973 1637 1009 διοριζόμεθας
1665 972 1717 1000 κᾶν
1730 974 1754 999 εί
1764 973 1827 1008 παρ’

1044 1022 1133 1049 αὐτῶν
1158 1021 1345 1057 ὲμυρίσοησαν
1359 1020 1398 1056 (8)
1414 1027 1423 1036 ο
1434 1020 1484 1046 καὶ
1493 1019 1565 1046 οὕτω
1576 1019 1620 1046 διὰ
1633 1020 1681 1055 τῆς,
1696 1019 1744 1046 τοῦ
1758 1019 1827 1046 θείου

1046 1068 1132 1104 μύρου
1151 1067 1225 1101 ἅπαξ
1237 1067 1352 1104 χρίσεως
1367 1066 1397 1093 ὲν
1412 1066 1482 1093 ἑπτὰ
1498 1066 1617 1102 ἡμέραις
1629 1065 1667 1101 (9)
1685 1065 1828 1100 τελειωοῆ-

1044 1122 1101 1141 ναι·
1117 1115 1146 1141 οὐ
1162 1114 1215 1149 μὴν
1225 1113 1253 1140 δὲ
1266 1112 1296 1139 τὸ
1310 1113 1384 1145 ὅπως
1399 1110 1446 1139 οὖν
1463 1113 1576 1146 γεγονὸς
1590 1112 1634 1139 διὰ
1646 1112 1694 1147 τὴν
1706 1112 1827 1147 ἀνάγκην

1046 1161 1189 1197 βάπτισμα
1201 1159 1238 1195 μὴ
1254 1158 1465 1194 συγχωρηθῆναι
1477 1167 1484 1173 ·
1507 1158 1558 1185 κᾶν
1572 1158 1627 1193 γὰρ
1653 1157 1747 1190 ἀτελὲς
1762 1157 1826 1193 (ιοι,

1044 1208 1118 1242 ὅμως
1140 1207 1174 1242 τῇ
1191 1206 1332 1240 ἐπικλήσει
1355 1204 1406 1240 τῆς
1428 1205 1566 1238 παναγίας
1596 1204 1711 1240 Τριάδος
1727 1204 1772 1231 καὶ
1789 1204 1829 1239 τῷ

1045 1253 1133 1288 πιστῷ
1147 1251 1241 1286 σκοπῷ
1254 1251 1309 1278 τῶν
1319 1250 1552 1285 ἐπικαλουμένων,
1566 1251 1600 1286 τῇ
1629 1258 1658 1276 τε
1674 1250 1763 1276 πίστει
1776 1251 1829 1277 τῶν

1045 1298 1400 1334 ὑποδεχομένωντετίμηται
1408 1305 1416 1312 ·
1424 1296 1458 1323 δι’
1472 1296 1486 1323 δ
1495 1296 1556 1323 οὐδὲ
1568 1295 1686 1331 ἔμπαλιν
1699 1296 1829 1331 βαπτίσαι

1044 1345 1082 1380 τῷ
1093 1345 1169 1371 ὕδατι
1182 1344 1244 1376 τοὺς
1256 1342 1455 1379 βαπτισθέντας
1468 1341 1563 1377 ὁρίζω,
1577 1342 1619 1369 ἶνα
1629 1343 1666 1378 μὴ
1680 1342 1830 1370 ἀναϐαπτι-

1045 1399 1091 1418 σαι
1107 1390 1227 1426 δόξωμεν
1237 1398 1244 1405 ·
1258 1389 1276 1425 ἠ
1291 1397 1322 1416 τε
1336 1388 1391 1424 γὰρ
1398 1388 1453 1416 τῶν
1464 1387 1632 1423 αἰτουμένων
1644 1388 1745 1421 πίστις,
1760 1389 1807 1416 καὶ
1816 1390 1831 1416 ὁ

1044 1438 1099 1465 τῶν
1114 1437 1264 1466 τελούντων
1278 1436 1342 1473 περὶ
1350 1437 1399 1472 τὴν
1412 1435 1552 1463 εὐσέϐειαν
1561 1435 1704 1467 σπουδαῖος
1718 1437 1829 1467 σκοπός·

1046 1485 1064 1519 ἥ
1078 1493 1107 1511 τε
1121 1485 1171 1520 τῆς
1190 1485 1356 1519 τυραννικῆς
1369 1483 1550 1518 ἐπικρατείας
1568 1482 1732 1518 παρόρασις.
1751 1483 1800 1509 καὶ
1815 1484 1833 1518 ἡ

1044 1529 1098 1556 τῶν
1113 1529 1312 1565 ἐπηρτημένων
1323 1528 1454 1555 κινδύνων
1463 1527 1508 1554 διὰ
1528 1527 1646 1563 Χριστὸν
1658 1527 1833 1563 καταφρόνη-

1046 1584 1098 1608 σις,
1112 1576 1161 1602 οὐκ
1173 1576 1287 1611 ἄμοιρον
1296 1574 1343 1602 τοῦ
1358 1574 1436 1609 ἁγίου
1447 1574 1605 1609 Πνεῦματος
1616 1573 1671 1600 οὐδ’
1683 1574 1792 1609 ἀνίερον
1802 1575 1834 1601 τὸ

1044 1621 1170 1648 τελεσθὲν
1199 1621 1340 1657 βάπτισμα
1355 1620 1464 1648 δοκοῦσι
1480 1621 1653 1647 καταλιπεῖνο
1669 1620 1756 1647 πολλὰ
1777 1621 1834 1655 γὰρ

1045 1668 1177 1695 ἀνέκαθεν
1192 1668 1269 1703 παρὰ
1291 1669 1327 1704 τῇ
1339 1667 1388 1694 τοῦ
1409 1666 1478 1694 Θεοῦ
1499 1667 1647 1703 Ἐκκλησία
1656 1667 1836 1718 συνεχοζρῆθη

202 1718 389 1755 βαπτίσματα,
401 1718 445 1746 διὰ
455 1719 559 1756 καιρῶν
572 1719 620 1747 καὶ
626 1718 717 1746 τόπων
731 1719 854 1755 ἀνάγκην
867 1719 1009 1755 χρησίμως
1024 1716 1229 1753 ἀποδειχθέντα.
1248 1717 1304 1744 Καὶ
1320 1716 1385 1754 περὶ
1400 1716 1451 1752 μὲν
1462 1715 1557 1743 τούτου
1569 1716 1698 1743 τοσαῦτα.

955 1809 1071 1839 NOTAE.

242 1902 279 1937 (7)
299 1901 391 1930 Canon
403 1906 446 1929 est
460 1902 531 1928 inter
547 1900 627 1937 vulgo
640 1900 802 1937 apostolicos
815 1901 991 1937 quadragesi-

205 1935 274 1965 mus
284 1937 431 1971 septimus;
450 1944 518 1971 quos
538 1935 695 1963 sine’dubio
717 1936 844 1963 tribuisse
863 1935 992 1971 apostolis

205 1972 362 1999 auctoribus
386 1971 512 1999 Photium
535 1971 589 2006 jam
623 1971 741 1998 vidimus
769 1979 797 2006 p.
825 1972 886 1999 “5.
911 1971 993 2005 Atqui

205 2015 286 2034 nemo
295 2007 350 2041 jam
361 2007 482 2042 amhigit,
495 2007 560 2041 quin
573 2007 600 2033 hi
615 2014 733 2034 canones
741 2007 903 2034 auctoritate
913 2011 993 2040 atque

204 2046 285 2069 aetate
301 2041 447 2076 apostolica
465 2047 591 2074 careant;
611 2046 638 2068 et
656 2041 764 2076 quidem
779 2042 860 2068 etiam
884 2046 994 2076 propter

204 2084 321 2108 errores.
339 2084 408 2111 quos
421 2076 571 2107 continent.
589 2077 660 2104 circa
676 2077 850 2110 baptismum.
865 2076 994 2111 Chrysos-

205 2112 270 2140 torui
282 2112 362 2139 etiam
373 2113 414 2146 (ut
427 2116 455 2138 et
468 2111 519 2138 hoc
529 2111 617 2139 obiter
628 2114 731 2144 notem)
741 2111 842 2146 scripta
853 2111 992 2145 complura

1041 1901 1217 1937 quamobrem
1236 1901 1280 1928 hic
1296 1908 1409 1937 parcere
1419 1899 1518 1937 _verhis
1531 1899 1605 1926 licet.

1078 1936 1116 1971 (8)
1136 1936 1272 1963 Arcadius
1290 1933 1350 1970 cap.
1373 1935 1390 1962 4
1410 1935 1445 1962 de
1463 1941 1666 1971 neograeeorum
1693 1933 1839 1971 erroribus

1042 1969 1125 2006 agens
1135 1972 1173 1998 ait
1187 1980 1193 1998 :
1205 1969 1406 1998 Sacramentum
1420 1969 1628 2006 conﬁrmationis
1639 1977 1711 2004 taque
1720 1977 1758 2006 ac
1768 1969 1841 2004 bap-

1043 2004 1150 2033 tismum
1173 2006 1253 2033 semel
1275 2006 1416 2032 exhibitum
1438 2010 1536 2032 veteres
1558 2005 1656 2031 iterare
1678 2004 1752 2038 nefas
1779 2013 1842 2032 esse

1034 2042 1318 2074 ,ducebantnecentes.
1331 2041 1354 2066 si
1368 2048 1421 2067 non
1432 2040 1566 2070 iterarittt.
1582 2047 1694 2065 canones
1710 2039 1842 2066 concilio-

1043 2085 1102 2103 rum
1127 2076 1238 2103 violasse
1262 2076 1422 2102 existimant.
1457 2075 1592 2102 Blastarcs
1615 2074 1687 2108 apud
1703 2075 1841 2102 eumdem

1044 2111 1146 2139 Arcud.
1162 2118 1222 2146 cap.
1241 2110 1273 2138 12
1295 2118 1407 2145 prorsus
1422 2118 1486 2146 eum
1517 2109 1615 2146 Photio
1636 2109 1778 2146 conspirat
1792 2110 1843 2136 di-

205 2147 296 2182 spuria
311 2143 449 2174 recensuit
470 2147 541 2174 inter
561 2146 679 2182 genuina
701 2143 816 2173 Photiu's
827 2146 908 2182 haud
917 2143 992 2182 'rsatis
1008 2143 1030 2170 Ι)
1043 2154 1109 2174 cens
1123 2154 1178 2173 non
1191 2143 1251 2173 esse
1264 2143 1498 2182 rebaptizandunh
1519 2145 1565 2172 sed
1581 2149 1669 2182 tamen
1686 2145 1843 2182 coptirma-

205 2182 255 2209 hac
269 2181 297 2208 in
310 2189 339 2208 re
347 2186 442 2209 acutus
459 2181 579 2213 criticus.
592 2181 688 2209 fraude
705 2189 758 2208 non
771 2181 873 2216 agnita,
891 2181 929 2208 uti
942 2188 993 2209 nos

204 2220 333 2252 admonet
345 2216 560 2252 lliontiauconius
569 2217 754 2252 Chrysostomi
767 2217 865 2247 editor,
876 2218 902 2243 in
916 2216 992 2250 praef.

203 2251 264 2279 Jam
278 2259 313 2279 ne
340 2252 471 2279 miremur
485 2251 610 2279 Photium
629 2251 781 2286 tantopere.
796 2256 824 2278 et
838 2256 935 2285 praeter
949 2258 993 2278 ve-

206 2295 263 2314 ram
279 2287 453 2317 sententiam,
465 2294 568 2322 urgere
587 2292 615 2314 ut
629 2286 783 2322 baptismus
796 2294 811 2313 a
827 2286 896 2313 laico
910 2286 994 2322 colla—

207 2327 260 2354 tus,
275 2322 419 2356 aliquando
434 2321 528 2348 saltent
544 2322 675 2349 habeatur
686 2321 831 2353 invalidus,
843 2321 994 2348 audiendus

206 2363 249 2385 est
262 2358 371 2384 Graecus
383 2357 517 2392 Arcudins
528 2357 560 2384 de
575 2357 648 2392 bapt.
660 2364 720 2391 cap.
735 2357 764 2383 ll
780 2356 889 2392 dicens:
901 2357 994 2383 Totam

207 2393 288 2427 ferme
303 2392 444 2423 Graeciam,
459 2391 593 2424 ﬂuuium,
615 2392 775 2427 lloscouiam
785 2411 792 2422 ,
810 2396 834 2417 et
849 2391 916 2417 alius
931 2399 994 2425 pro-

205 2426 317 2458 uincias.
329 2435 388 2462 qua:
400 2427 427 2453 in
437 2427 489 2460 ﬁde
501 2426 598 2454 Christi
610 2427 664 2453 ritu
675 2426 765 2454 Grazea
777 2431 953 2461 perseverant,
966 2427 994 2453 in

206 2471 236 2490 eo
254 2463 353 2489 versari
367 2470 454 2489 errore
473 2470 505 2488 ac
516 2462 648 2496 scrupulo,
668 2466 695 2488 ut
720 2462 824 2488 absente
845 2462 993 2497 presbytero

205 2497 300 2524 malint
311 2497 460 2532 permittere
470 2501 498 2523 ut
511 2497 624 2532 infantes
635 2497 690 2523 sine
710 2497 840 2530 baptismo
853 2505 866 2523 e
879 2497 931 2523 vita
948 2497 992 2523 de-

206 2533 310 2564 cedunt,
325 2540 405 2567 quant
416 2541 458 2558 eos
471 2531 584 2559 salutari
599 2532 705 2558 lavacro
716 2531 832 2564 abluere,
847 2532 915 2566 quod
928 2532 992 2559 exis-

193 2569 297 2594 timent
310 2567 359 2594 sibi
377 2567 451 2593 laicis
470 2575 502 2593 ne
524 2567 552 2593 in
569 2567 720 2594 necessitate
733 2567 838 2601 quidem
853 2567 929 2593 licere
946 2567 993 2593 hoc

206 2610 313 2630 nutriere
333 2602 415 2637 fungi.
436 2602 524 2628 Photii
546 2602 681 2629 sententia
697 2602 756 2628 sine
772 2601 855 2629 dubio
875 2602 993 2629 innotuit

205 2638 333 2669 Arcudio,
351 2644 366 2663 a
380 2645 434 2672 qtto
446 2645 506 2671 cap.
519 2637 564 2665 cit.
580 2638 649 2664 inter
669 2637 870 2671 rebaptizantes
882 2637 993 2671 ponitur

206 2673 320 2700 Photius
331 2673 489 2707 coryphaaus
501 2672 666 2703 schismatis.
685 2672 776 2707 lingua
793 2672 945 2707 etcalatno,
963 2677 993 2700 ut

204 2709 253 2740 ait,
278 2709 310 2735 atl
330 2706 516 2735 lacessendum
534 2707 615 2734 homo
636 2706 867 2742 promptissimus.
891 2706 992 2741 Hujus-

205 2743 277 2770 modi
297 2743 354 2770 fere
369 2750 500 2773 errorem,
518 2743 572 2777 jam
590 2741 652 2769 inde
669 2750 684 2769 a
702 2742 870 2776 (lyprianicis
886 2745 991 2776 tempo-

204 2777 279 2807 ribus
304 2779 464 2813 repetitum,
483 2777 582 2813 passim
608 2781 725 2812 arguunt
747 2777 834 2804 Latini
848 2777 965 2812 theologi
983 2786 990 2804 :

1045 2181 1146 2208 tionem
1160 2179 1345 2215 repetendam.
1359 2180 1387 2207 ln
1402 2181 1497 2209 eadem
1509 2179 1643 2207 sententia
1655 2184 1697 2215 est
1710 2180 1843 2206 charas

1044 2224 1106 2244 cum
1122 2214 1248 2243 Aristeno
1262 2216 1295 2243 ad
1311 2223 1371 2242 can.
1388 2220 1475 2249 apost.
1494 2215 1653 2249 Rursusque
1665 2214 1789 2241 Zonaras
1804 2215 1844 2242 ad

1043 2259 1105 2278 ean.
1119 2251 1213 2278 Carth.
1232 2251 1358 2286 Cypriani
1376 2251 1448 2285 apud
1464 2250 1638 2285 Beveregium
1655 2254 1673 2276 t.
1692 2249 1756 2286 l.»p.
1771 2250 1843 2286 567.

1045 2286 1098 2313 Sed
1107 2291 1134 2314 ct
1142 2284 1297 2314 chrismatis
1313 2284 1500 2320 repetitionem
1516 2284 1617 2312 refutat
1625 2284 1762 2311 Arcadius
1776 2285 1797 2312 ι.
1813 2293 1844 2312 c.

1043 2321 1166 2356 Denique
1189 2321 1309 2350 Zonaras
1332 2319 1395 2348 eum
1422 2319 1774 2356 rebaptizantibusrsetttire
1797 2321 1846 2347 vi-

1043 2354 1130 2383 detur'
1141 2356 1176 2383 ad
1202 2364 1264 2384 can.
1297 2356 1392 2383 Carth.
1416 2356 1517 2382 Aurelii
1539 2361 1558 2383 t.
1579 2356 1597 2381 I.
1619 2363 1646 2389 p.
1660 2354 1721 2381 575.
1744 2354 1787 2381 De
1811 2363 1846 2382 re

1044 2392 1171 2418 universa
1197 2391 1328 2427 legendus
1344 2392 1463 2427 fomnino
1487 2391 1622 2427 illastares
1644 2390 1846 2427 inAsyntagm.

1044 2427 1090 2454 ubi
1105 2427 1145 2462 de,
1156 2425 1242 2462 baptf,
1259 2427 1329 2462 apud
1344 2426 1471 2461 Bevereg.
1490 2431 1556 2453 tom.
1576 2425 1606 2452 ll.
1626 2433 1658 2462 p_._
1671 2425 1716 2451 38.
1733 2433 1798 2460 sqq.

1079 2462 1116 2496 (9)
1138 2460 1257 2497 lntellige
1273 2460 1457 2496 septenariuui
1473 2468 1616 2488 numerum
1634 2460 1753 2497 dierum,
1775 2465 1849 2495 post

1043 2505 1111 2532 quos
1123 2497 1209 2525 Graeci
1229 2496 1318 2524 Solent
1330 2504 1458 2532 puerum,
1474 2496 1519 2531 qui
1528 2496 1563 2532 in
1578 2496 1715 2532 baptismo
1729 2500 1849 2532 unctus

1043 2531 1141 2565 fuerat,
1165 2533 1262 2559 iterum
1289 2531 1396 2559 deferre
1420 2532 1453 2558 ad
1478 2531 1622 2559 ecclesiam
1647 2535 1676 2557 ut
1693 2531 1846 2558 abluatur.

1043 2568 1146 2595 Arcud.
1163 2575 1223 2602 cap.
1238 2568 1281 2598 17,
1298 2575 1326 2602 p.
1340 2566 1384 2594 55.

1080 2602 1136 2636 (l0)
1157 2600 1339 2629 Nimirum'ex
1357 2601 1492 2629 sententia
1515 2601 1671 2628 Graecorum
1693 2600 1741 2635 qui
1766 2600 1849 2636 bap-

1043 2638 1154 2665 tismum
1169 2645 1225 2664 non
1241 2638 1301 2664 sine
1312 2637 1520 2664 conﬁrmatione
1534 2637 1689 2672 conferunt.
1703 2637 1752 2672 sic
1771 2644 1850 2672 ergo

1043 2673 1164 2707 loquitur
1185 2672 1372 2707 imprudenter
1385 2672 1468 2699 etiam
1483 2672 1593 2699 Simeon
1610 2671 1745 2707 Thessali
1762 2671 1852 2707 apud

1042 2708 1194 2742 Arcadium,
1220 2715 1280 2742 cap.
1298 2707 1332 2734 13
1348 2716 1355 2734 :
1374 2707 1431 2742 Οὐκ
1449 2706 1526 2733 ἔσται
1546 2707 1656 2738 τελείως
1671 2715 1714 2738 τις
1732 2706 1852 2742 βαπτι-

1044 2743 1128 2775 σθεὶς,
1139 2744 1153 2770 ὁ
1167 2741 1205 2778 μὴ
1217 2741 1346 2778 τὸίμύρον
1359 2741 1514 2778 δεξάμενος.
