1940 3087
112 147 157 179 777

111 201 230 237 ΚῌΦΑΛ.
251 201 289 229 B’.
303 216 339 223 -
350 202 419 237 Περὶ
434 202 642 236 πρεσϐυτέρων

139 235 181 265 ὧν
194 239 224 265 αι
243 235 462 272 γυναῖκες-Ὄπῦ
475 235 634 272 Βαρϐάρων
652 237 864 273 διεφθάρησαν.

143 284 208 319 Περὶ
219 283 247 310 δὲ
259 283 313 309 τῶν
323 282 513 319 πρεσϐυτέρων
521 283 566 310 καὶ
572 284 703 311 διακόνων
714 285 768 311 τῶν
779 286 811 311 ἐκ
820 285 886 321 βαρ-

111 329 221 364 ϐαρικῆς
227 328 352 360 ἁλώσεως
359 330 409 360 τὰς
419 328 523 360 οἰκείας
531 328 736 364 ἀναδεξαμένων
743 332 884 364 γυναῖκας,

112 374 208 410 φθορὰν
237 374 265 400 ἐν
281 374 336 405 τοῖς
352 373 504 409 Βαρϐάροις
523 374 690 407 ὑποστάσας,
705 376 753 410 οὺχ
783 375 885 404 ἁπλοῦν

111 419 213 455 ὁρῶμεν
229 419 273 446 τὸν
292 418 383 454 νόμον,
395 419 467 445 em
479 420 547 454 πρὸς
562 419 612 451 τὰς
624 419 771 455 διαφόρους
782 422 885 448 ποικιλ-

111 465 216 500 λόμενον
224 465 337 500 πράξεις
349 471 357 479 ⁸
373 466 397 491 εί
414 466 462 500 μὲν
472 465 525 500 γὰρ
537 466 706 501 ἐκουσιότητι
723 467 772 501 τὴν
783 467 885 502 φθορὰν

110 511 271 546 ὑπέστησαν,
288 511 370 538 παντὶ
388 512 480 547 τρόπῳ
491 512 554 543 τοὺς
568 512 667 546 ἀνδρας
685 512 787 539 τούτων
804 514 883 548 ίερω-

111 557 204 593 μένους
218 557 307 589 ὄντας,
322 557 338 592 ἢ
353 556 455 584 τούτων
473 558 527 583 τῶν
546 551 684 592 γυναικιθν
703 559 844 593 ἐκστῆναι,
866 560 883 595 ἢ

110 602 281 638 βουλομένους
291 603 401 634 ταύταις
417 604 547 633 συνεῖναι,
559 603 715 630 πεπαῦσθαι
739 604 788 639 τῆς
804 605 884 640 ίερω-

110 646 187 682 σύνης
202 647 275 682 (11)·
291 646 361 673 οὕτω
379 647 428 681 μὲν
450 648 474 673 εἰ
489 648 659 690 ἐκουσιότητξ
679 649 834 685 ὑπέστησαν
849 651 882 685 τῇ

109 692 192 728 φθορᾴ
203 701 210 708 υ
224 692 255 719 τὸ
278 693 328 727 μὲν
342 692 389 719 οὖν
411 692 497 724 πάθος
512 694 593 720 πάλιν
609 695 738 730 τέμνεται
752 696 792 727 εις
814 695 861 722 δύο
873 703 881 711 θ

107 738 136 765 τὸ
151 738 199 773 μέν
213 737 268 774 γὰρ
284 738 365 765 αὐτοῦ
383 739 554 774 μεμιγμένην
575 740 631 774 ἐχει
641 740 690 775 τὴν
704 740 751 766 τοῦ
763 742 884 776 ἡναγκα·

108 783 203 818 σμένον
214 782 411 817 συγκατάθεσιν
424 792 430 799 ·
445 784 513 810 τὺδέ
524 785 661 816 παντελῶς
676 785 792 821 ὑπάρχει
814 786 883 820 γνώ-

108 836 159 863 μης
173 829 219 854 καὶ
234 828 458 862 συγκαταθέσεως
471 829 612 865 ἐλεύθερον
635 830 683 857 τοῦ
699 831 883 866 ἐπηρεασθέν-

677 146 947 177 EPISTOLARUM
965 146 1080 176 LIBER
1100 147 1126 176 Ι.

656 203 707 238 καὶ
733 203 880 230 διακόνιον

935 202 1004 232 CAP.
1019 203 1052 230 ll.
1065 217 1100 224 -ο
1109 203 1147 230 De
1156 203 1308 238 presbyteris
1322 208 1346 229 et
1367 203 1484 230 diaconi;
1498 211 1607 238 quorum
1621 212 1713 232 uxores

1660 148 1713 179 ’178

1113 247 1130 265 ιι
1146 238 1273 265 Barbari;
1287 238 1390 265 violata:
1406 239 1521 274 fuerunt.

971 284 1009 311 De
1024 283 1186 319 presbyteris
1202 291 1234 311 ac
1245 284 1377 316 diaconis,
1402 284 1447 318 qui
1460 292 1492 311 ex
1509 284 1647 312 barbarica
1667 292 1714 312 ca-

935 330 1058 365 ptivitate
1082 337 1179 357 uxores
1192 337 1254 357 suas
1278 334 1448 364 receperunt,
1478 330 1668 358 contumeliam
1696 340 1713 359 a

935 375 1061 403 Barbaris
1081 382 1184 410 paSSas,
1209 374 1281 402 haud
1306 375 1418 410 simplex
1442 375 1581 403 decretum
1604 382 1713 405 exstare

935 422 1066 454 videmus,
1085 422 1132 448 sed
1151 429 1199 456 pro
1221 428 1311 448 rerutn
1332 426 1466 456 gestarum
1488 422 1644 450 diversitate
1663 431 1713 450 va—

935 467 1016 494 rium.
1037 467 1104 494 Nam
1131 467 1154 493 si
1183 466 1234 493 illae
1265 473 1321 492 non
1343 466 1435 493 invitae
1462 466 1561 494 vitiata:
1591 467 1712 498 fuerunt.

935 513 1045 539 omnino
1060 516 1164 547 oportet
1179 512 1251 540 viros
1265 519 1356 538 earum
1377 512 1462 538 sacris
1482 512 1622 540 ordinibus
1642 520 1715 547 pra:-

934 558 1004 585 ditos
1017 562 1064 584 aut
1078 558 1231 592 huiusmodi
1246 557 1360 584 feminas
1370 557 1505 590 deserere,
1517 562 1563 584 aut
1573 558 1596 585 si
1606 558 1715 585 illarum

934 604 1059 631 convictu
1074 604 1112 630 uti
1123 603 1218 636 velint,
1234 611 1249 630 a
1264 611 1342 631 sacro
1359 603 1510 630 ministerio
1529 611 1644 630 cessare.
1661 604 1713 636 Ita,

934 650 1054 685 inquam,
1074 651 1096 676 si
1123 649 1251 676 mulieres
1274 657 1329 676 non
1353 650 1445 676 invita:
1466 649 1571 677 violata:
1590 649 1711 677 fuerunt.

933 695 1039 723 Rursus
1052 695 1111 729 ejus
1126 694 1213 729 stupri
1227 695 1281 722 duo
1297 702 1395 730 genera
1414 702 1475 722 esse
1496 699 1625 730 possunt;
1646 703 1716 730 quo-

933 748 992 768 rum
1014 741 1127 768 alterum
1150 741 1261 783 mistum
1282 740 1442 769 habetcum
1465 741 1627 768 necessitate
1646 749 1714 768 con-

932 794 1059 820 sensum;
1082 787 1198 814 alterum
1214 786 1396 814 voluntarium
1411 786 1523 814 omnino
1538 791 1580 814 est
1600 792 1628 814 et
1645 794 1714 814 con-

932 831 1067 859 sensionis
1101 831 1212 867 plenum
1231 836 1259 859 et
1280 831 1380 866 injuria
1405 831 1530 859 liberum.
1553 833 1714 868 Exemplum

106 883 158 905 τος·
167 874 222 901 οἷόν
231 883 257 901 τι
267 875 352 908 λέγω·
367 874 468 901 Ἐλπίδι
479 875 554 911 φόϐῳ
567 876 584 911 ἢ
595 876 734 911 μαστίγων
748 877 819 909 τινὶς
829 876 884 904 τῶν

935 882 1003 905 esto.
1018 877 1082 912 Spe,
1096 877 1193 905 timore
1205 877 1363 910 verberum,
1384 877 1521 905 nonnulla:
1534 877 1653 910 l‘eminaa,
1670 879 1714 906 vel

106 920 281 955 γυναικῶν,ἣ
304 919 351 946 καὶ
376 920 445 956 πρὸς
465 921 565 956 πεῖραν
588 921 637 956 τῆς
665 921 799 957 τιμωρίας
831 922 883 957 άφ-

108 968 213 1002 ιγμέναι
232 967 366 1000 ἐξέδωκαν
393 968 492 1000 ἑαυτὰς
505 969 545 1000 είς
575 969 678 1004 φθοράν
690 976 699 986 ·
717 969 884 1005 συγγνώμης

107 1014 154 1050 μὲν
168 1012 214 1041 οὖν
228 1011 307 1041 αὗται
324 1012 405 1046 ἄξιαι,
422 1014 438 1048 ἢ
459 1015 487 1041 αἱ
514 1015 657 1050 πρότερον,
673 1015 722 1042 ἇτε
735 1015 767 1050 δὴ
787 1015 883 1050 βουλη-

105 1059 190 1086 θεῖσαι
201 1059 392 1094 διαφθαρῆναι,
406 1059 518 1095 ὕστερον
526 1060 553 1086 δὲ
562 1060 614 1087 ὑπὸ
625 1061 674 1094 τῆς
686 1060 806 1096 ἀνάγκης
817 1061 884 1097 πρὸς

105 1105 182 1132 τοῦτο
199 1106 430 1141 κατολισθήσασαι
443 1114 451 1121 ο
466 1107 496 1134 οὐ
515 1107 568 1142 μὴν
591 1108 620 1134 δὲ
634 1107 694 1134 οὐδὲ
707 1106 788 1135 αὗται
808 1109 882 1141 ἄξιαι

104 1151 281 1186 τυγχάνουσιν
295 1152 453 1187 ίερωμένοις
470 1154 589 1179 συνεῖναι
604 1153 731 1189 ἀνδράσιν
744 1162 751 1168 ·
764 1153 885 1187 συγγνώ-

108 1205 161 1232 μης
177 1196 231 1232 γὰρ
246 1197 294 1223 ἐπὶ
311 1198 472 1232 ρυπάσμασι
494 1199 541 1224 καὶ
567 1198 753 1234 καθαρότητος
771 1199 837 1226 πολὺ
854 1200 885 1226 τὸ

106 1242 231 1277 διάφορον
249 1250 256 1257 ·
283 1242 317 1269 δι’
344 1242 357 1269 ὃ
382 1244 429 1269 καὶ
449 1244 474 1270 oi.
495 1243 653 1279 βουλόμενοι
682 1245 778 1276 αὐταῖς
803 1246 884 1280 ἱερεῖς

106 1287 297 1320 συνάπτεσθαι,
325 1289 373 1315 καὶ
397 1285 469 1316 οὗτοι
496 1288 543 1315 τοῦ
568 1289 668 1316 οἰκείου
695 1290 884 1316 διαπεσοῦνται

106 1333 260 1369 ἀξιώματος
273 1343 280 1349 ·
293 1334 322 1361 τὸ
337 1334 366 1361 δὲ
386 1335 479 1361 Λοιπὸν
492 1334 567 1369 παρὰ
586 1334 672 1361 ταῦτα
686 1335 723 1367 ὼς
738 1335 785 1361 τοῦ
801 1335 884 1362 ἀκου-

106 1381 165 1406 σίου
180 1379 266 1411 εἴδους
280 1379 410 1416 ἐξῄρηται
425 1381 474 1415 τῆς
494 1380 636 1411 κοινωνίας
657 1380 751 1406 τούτου
769 1388 776 1395 ·
791 1378 846 1406 οἷόν
858 1389 884 1406 τι

105 1425 176 1459 λέγω
185 1433 192 1441 ·
210 1426 243 1452 Εῐ
252 1434 293 1457 τις
306 1426 429 1461 βασάνων
444 1426 624 1461 ἐπαγομένων
641 1426 658 1460 ἢ
672 1426 718 1452 καὶ
737 1426 774 1461 μὴ
787 1427 885 1460 ἐπαγο-

108 1471 196 1506 μένων
218 1473 312 1507 χεῑρας
331 1472 378 1498 καὶ
399 1471 483 1503 πόδας
506 1471 606 1506 δεθείη,
619 1468 678 1497 εἶτα
703 1471 884 1506 περιψυλάξαι

106 1516 206 1551 ἑαυτὴν
224 1517 259 1543 τὰ
275 1516 392 1551 μάλιστα
407 1516 564 1548 σπουδάζει,
577 1516 660 1551 πόρον
670 1516 721 1543 οὐκ
737 1515 883 1551 ἐχειαύτὴ,

105 1562 159 1589 κᾶν
185 1563 259 1588 δοκεῖ
278 1562 448 1597 διεφθάρθαι,
472 1563 575 1597 φθορᾶς
602 1561 650 1595 τὴν
674 1562 773 1597 ἑαυτῆς
796 1562 885 1598 ψυχὴν

105 1608 251 1644 ἐλευθέραν
280 1609 312 1643 τῇ
338 1617 370 1641 γε
394 1608 507 1643 ἀληθείᾳ
529 1608 718 1644 διατηρήσασα
739 1609 860 1644 κρίνεται
876 1617 883 1625 ·

104 1655 165 1686 ταῖς
179 1654 316 1686 τοιαύταις
330 1652 377 1681 οὖν
395 1654 517 1688 γυναιξὶν
534 1655 561 1681 εἷ
577 1663 647 1686 τινες
661 1654 714 1681 τῶν
732 1655 886 1690 ἱερωμένων

105 1701 238 1727 συνοικεῖν
264 1700 418 1735 βούλοιντο,
443 1700 571 1734 οὐδεμίαν
593 1701 636 1726 ἐπ’
661 1700 750 1726 αὐτῶν
779 1700 886 1735 ὁρῶμεν

104 1746 257 1780 ἀποτομίαν
283 1746 500 1780 προϋαίνουσαν·
524 1745 665 1780 ἀγαπητὸν
694 1746 743 1780 μὲν
770 1746 823 1780 γὰρ
840 1746 887 1772 καὶ

104 1792 255 1823 ἐπαινετὸν,
273 1793 297 1818 εἰ
309 1791 356 1818 καὶ
369 1793 444 1826 κοινῇ
453 1791 549 1827 γνώμῃ
561 1792 608 1817 καὶ
621 1791 703 1826 βουλῇ
721 1791 751 1818 τδ
764 1792 886 1818 συνοικέ-

105 1845 163 1864 σιον
179 1837 350 1864 διαλύσουσι·
369 1837 418 1872 οὐχ
427 1837 464 1868 ὡς
480 1837 656 1871 ρυπάσματος
675 1836 692 1871 ἣ
712 1836 885 1871 κηλιδώσεως

102 1883 202 1914 αἴτιον,
214 1882 271 1909 ἀλλ’
293 1883 336 1908 ἵνα
354 1882 404 1913 τάς
419 1890 448 1908 τε
467 1881 521 1908 τῶν
542 1881 648 1908 πολλῶν
665 1881 814 1916 ὑπολήψεις
841 1882 886 1908 ἐπὶ

102 1927 134 1954 τὺ
158 1927 257 1962 μᾶλλον
281 1926 432 1961 θαυμάζειν
452 1926 501 1961 τὴν
514 1926 616 1961 ἀρετὴν
642 1926 820 1961 διεγείρωσιν,
839 1926 886 1952 καὶ

100 1972 158 1998 τῶν
171 1971 344 2007 χαιρεκάκων
366 1970 505 2001 παντελῶς
533 1970 568 1996 τὰ
584 1971 704 2005 στόματα
721 1970 885 2006 ἀπορράψω-

101 2025 145 2043 σιν
173 2016 227 2052 (12)
242 2023 249 2031 ’
265 2016 312 2042 καὶ¹
338 2015 487 2051 μαρτύριον
513 2014 627 2051 ἐναργὲς
655 2015 883 2050 παραστήσωσιν,

98 2063 147 2089 ὅτι.
163 2061 221 2097 βίας
235 2062 319 2096 μόνης
335 2059 368 2097 ἦν
384 2062 452 2097 ὅπερ
469 2060 500 2094 ἐξ
519 2061 649 2098 ἐπηρείας
665 2061 820 2096 ὑπέστησαν
833 2070 841 2077 ·
857 2062 883 2087 εἰ

98 2108 156 2143 γὰρ
172 2108 231 2140 ἐξὸν
244 2108 313 2143 αὐτῇ
325 2108 403 2142 ἀνδρὶ
428 2107 467 2143 τῷ
483 2108 590 2143 νομίμῳ
611 2109 760 2140 κοινωνεῖν,
787 2108 804 2142 ὴ
815 2113 829 2128 ι
853 2107 883 2134 δὲ

98 2153 162 2189 Θεῷ
177 2153 276 2188 μᾶλλον
292 2153 456 2193 κολληθῆναι
479 2153 634 2188 ῂρετίσατο,
651 2153 709 2185 πῶς
723 2153 757 2180 ἂν
774 2152 824 2188 τὴν
833 2161 882 2188 γε·

933 923 1015 950 etiam
1030 922 1199 950 arnciatuum
1220 922 1404 957 experientia,
1419 922 1508 950 vitiari
1528 930 1558 950 se
1578 923 1715 958 permise-

933 973 1007 996 runt.
1031 968 1078 996 Hte
1091 968 1200 1004 quidem
1218 968 1298 996 venia
1317 969 1403 1004 magis
1421 968 1510 1004 dignae
1527 973 1590 996 sunt
1602 988 1610 1001 ,
1631 976 1714 1004 quam

934 1014 986 1041 illa:
1004 1022 1065 1049 qua:
1075 1019 1153 1041 antea
1166 1014 1273 1049 quidem
1288 1020 1386 1050 sponte
1399 1020 1524 1050 stuprum
1539 1022 1624 1050 passa;
1638 1019 1713 1048 sunt,

934 1064 1027 1095 postea
1042 1067 1108 1087 vero
1121 1061 1282 1096 necessitate
1295 1061 1320 1087 id
1332 1060 1511 1088 admiserunt.
1528 1060 1582 1088 Has
1593 1068 1713 1096 quoque,

933 1106 1055 1141 inquam,
1080 1105 1194 1133 feminas
1218 1095 1359 1141 indignum
1387 1110 1414 1133 et
1437 1114 1499 1133 cum
1529 1107 1718 1134 sacerdotibus

933 1152 998 1179 viris
1014 1152 1096 1179 vitam
1114 1153 1226 1187 agitare.
1242 1151 1347 1186 Quippe
1370 1152 1468 1187 ingens
1493 1153 1565 1180 inter
1581 1153 1649 1179 labis
1671 1153 1715 1179 in-

934 1198 1099 1233 dulgentiam
1118 1203 1146 1225 et
1160 1199 1306 1232 puritatem
1322 1197 1493 1225 intervallum
1513 1203 1564 1225 est.
1584 1198 1673 1230 Quare
1691 1198 1715 1225 si

934 1244 979 1279 qui
992 1244 1145 1272 sacerdotes
1159 1244 1202 1271 his
1216 1244 1336 1278 copulari
1350 1244 1452 1274 volent,
1467 1244 1520 1278 ipsi
1538 1251 1646 1278 quoque
1663 1251 1715 1271 sua

934 1289 1064 1324 dignitate
1082 1289 1218 1317 excident.
1239 1289 1371 1324 Superest
1389 1289 1602 1316 involuntarium
1627 1289 1713 1324 stupri

934 1342 1029 1368 genus,
1049 1334 1121 1369 quod
1138 1334 1166 1360 in
1179 1334 1370 1369 praedictorum
1389 1334 1545 1361 societatem
1562 1342 1617 1360 non
1627 1334 1713 1361 venit.

934 1379 1091 1414 Exemplum
1103 1384 1171 1407 esto.
1182 1379 1208 1406 Si
1216 1379 1401 1414 qua,admotis
1409 1379 1586 1411 'cruciatibus,
1600 1383 1646 1406 aut
1656 1378 1718 1406 sine

935 1425 988 1458 his,
1004 1433 1101 1452 manus
1118 1425 1254 1460 pedesque
1276 1424 1401 1452 devincta
1412 1444 1419 1457 ,
1435 1423 1613 1451 nihilominus
1625 1428 1710 1451 custo-

935 1473 992 1500 dire
1007 1480 1037 1499 se
1052 1480 1101 1507 pro
1113 1472 1216 1500 viribus
1238 1472 1295 1499 nisa
1317 1472 1410 1503 fuerit,
1434 1471 1503 1498 nihil
1529 1471 1587 1506 ipsa
1609 1471 1637 1498 in
1656 1479 1715 1498 rem

935 1518 1058 1550 contulit,
1073 1518 1177 1545 etiamsi
1194 1518 1281 1545 vitiari
1297 1518 1353 1545 visa
1378 1522 1419 1544 est
1437 1525 1443 1543 :
1464 1524 1526 1544 nam
1540 1517 1605 1544 vitio
1620 1525 1716 1552 puram

900 1554 1056 1591 canimam
1091 1572 1185 1592 revera
1215 1564 1420 1591 conservavisse
1452 1564 1600 1598 judicatur.
1636 1562 1717 1590 Hisce

937 1611 1045 1638 feminis
1067 1611 1091 1638 si
1106 1611 1150 1645 qui
1166 1610 1249 1638 sacris
1274 1610 1379 1645 prmditi
1400 1610 1541 1637 ordinibus
1562 1609 1717 1637 cohabitare

937 1656 1031 1689 velint,
1054 1656 1157 1683 nullam
1174 1656 1290 1683 durioris
1305 1655 1444 1683 divisionis
1458 1655 1648 1682 necessitatem
1665 1655 1717 1682 im-

937 1702 1090 1737 ponendum
1105 1702 1236 1729 videmus.
1252 1700 1375 1736 Optabile
1396 1705 1486 1728 tamen
1501 1705 1542 1728 est
1557 1705 1638 1735 atque
1657 1700 1715 1727 lau-

937 1748 1027 1775 dabile
1050 1748 1073 1775 si
1098 1753 1192 1774 mutuo
1208 1755 1343 1774 consensu
1361 1755 1393 1774 ac
1405 1747 1544 1774 voluntate
1562 1746 1716 1773 convictum

936 1793 1063 1820 dirimant
1074 1801 1080 1818 :
1092 1800 1147 1819 non
1159 1792 1230 1826 quod
1241 1791 1303 1818 inde
1312 1791 1416 1818 macula
1427 1795 1474 1818 aut
1488 1791 1562 1818 labes
1575 1795 1716 1825 sequatur,

937 1838 983 1866 sed
999 1838 1038 1865 uti
1054 1838 1126 1873 vulgi
1141 1837 1234 1872 opinio
1248 1837 1282 1864 ad
1291 1837 1400 1864 virtutis
1413 1836 1620 1864 admirationem
1631 1837 1716 1872 magis

936 1885 1078 1915 excitetur,
1092 1888 1174 1918 atque
1184 1886 1214 1910 ut
1228 1890 1332 1916 eorum,
1344 1883 1390 1918 qui
1405 1883 1494 1910 alieno
1503 1883 1575 1910 malo
1585 1882 1714 1918 gaudent,

935 1938 982 1957 ora
997 1937 1107 1964 prorsus
1121 1929 1296 1956 obstruantur
1312 1937 1319 1955 :
1340 1936 1372 1955 ac
1386 1928 1503 1963 denique
1526 1928 1715 1956 testimonium

935 1975 1046 2003 evidens
1058 1975 1114 2008 ﬁat,
1134 1974 1159 2002 vi
1182 1975 1367 2002 tantummodo
1383 1975 1509 2010 injuriam
1524 1974 1630 2002 mulieri
1647 1982 1715 2002 con-

935 2020 1037 2055 tigisse.
1058 2019 1125 2046 Cum
1147 2019 1219 2046 enim
1243 2019 1307 2046 huic
1328 2020 1409 2047 liceat
1429 2019 1550 2055 legitimo
1572 2027 1633 2047 cum
1655 2019 1714 2046 viro

934 2064 1035 2097 vivere,
1051 2071 1083 2091 ea
1104 2064 1128 2090 si
1149 2063 1289 2091 adhaerere
1312 2064 1403 2099 potius
1427 2064 1482 2091 Deo
1501 2068 1593 2100 optet,
1623 2071 1715 2091 nonne

932 2109 1075 2137 barbaram
1098 2109 1291 2137 contumeliam
1315 2109 1374 2138 sine
1397 2110 1480 2138 dubio
1504 2110 1714 2137 involuntariam

932 2154 984 2183 sibi
1004 2159 1085 2190 atque
1108 2154 1276 2190 inculpatam
1302 2156 1432 2184 accidisse
1454 2156 1638 2184 demonstrat?
1657 2155 1714 2182 Hoc

731 2241 847 2270 VARIE
861 2240 1062 2269 LECTlONES.

190 2321 204 2336 ³
219 2314 287 2343 Cod.
302 2315 339 2341 ει.

845 2386 962 2416 ΝΟΤᾸΕ.

138 2471 163 2506 (l
171 2470 196 2504 l)
215 2469 290 2506 Idem
301 2469 427 2506 decernit
434 2468 514 2506 etiam
527 2467 640 2494 Michael
651 2465 803 2506 patriarcha
816 2473 883 2506 con-

94 2501 149 2535 tra‘
158 2501 325 2532 sacerdotem
335 2505 380 2539 qui
396 2503 544 2539 adulteram
554 2501 667 2530 uxorem
679 2502 796 2529 retinere
808 2501 882 2528 velit.

94 2541 216 2569 Lcuncl.
238 2544 304 2566 tom.
322 2538 385 2573 I,’p.
406 2538 469 2565 265.

134 2575 192 2609 (12)
212 2575 318 2609 Quippe
328 2571 399 2609 apud
409 2573 516 2600 Graecos
528 2571 675 2600 sacerdotis
685 2579 753 2609 uxor
765 2571 885 2609 παπαδιά

92 2606 336 2648 ρεσωέπὶἶιοῐιοτο
347 2606 456 2648 fruitur.
468 2608 553 2648 ferme
564 2611 598 2648 ut_
600 2612 706 2648 veteres
716 2606 885 2648 diaconissze;

93 2641 187 2681 anue
217 2643 562 2681 sanctior__qu_odammodo
591 2642 715 2681 habetur,
739 2641 885 2681 pudicitiae,

93 2677 243 2709 modestiae
255 2687 287 2707 ac
305 2677 444 2706 solitudini
464 2678 601 2713 prmeipue
628 2677 749 2709 studens,
773 2677 887 2713 candido

94 2717 163 2743 velo
174 2715 359 2750 distinguitur,
381 2717 533 2750 etﬂaaquat‘a
557 2720 639 2750 prope
657 2719 718 2750 cum
746 2712 888 2750 sacerdote

93 2751 162 2778 viro
176 2746 352 2778 veneratione
375 2746 483 2775 colitur.
507 2746 565 2780 Qua
581 2746 615 2774 de
632 2755 660 2774 re
684 2747 741 2782 lege
759 2746 887 2774 Goarium

92 2786 128 2812 in
149 2786 240 2812 adnot.
260 2785 293 2812 ad
318 2783 507 2818 Eucltologium
524 2782 570 2810 Gr.
582 2791 623 2818 rp.
639 2782 701 2810 219.
718 2781 889 2818 thterpquin

95 2821 189 2848 Latini
214 2819 367 2847 sacerdotes
391 2816 501 2845 meliore
521 2817 675 2845 conditione
691 2821 755 2844 sunt
784 2816 809 2851 (1
826 2817 888 2844 Cor.

96 2865 153 2889 νη,
174 2854 229 2890 '58).
248 2854 304 2889 qui,
327 2853 429 2888 nuptiis
445 2852 564 2884 omissis,
589 2853 662 2880 omni
689 2852 740 2880 hoc
766 2851 886 2879 sanctiﬁ-

267 2901 404 2932 Pnaon.
418 2901 476 2931 GR.
494 2901 560 2932 Cll.

900 2472 922 2499 D
935 2467 1028 2494 candte
1041 2467 1133 2495 uxoris
1151 2466 1260 2502 negotio
1281 2466 1405 2500 curisque
1427 2468 1532 2494 caeteris
1551 2466 1711 2493 liberantur.

935 2502 967 2529 Et
990 2502 1099 2536 quidem
1113 2509 1147 2529 ex
1170 2502 1294 2529 crelibatu
1319 2502 1447 2535 majorem
1474 2509 1579 2536 quoque
1606 2502 1713 2528 virtutis

936 2537 1142 2564 admirationem
1159 2537 1245 2563 creari
1269 2537 1296 2563 in
1311 2536 1410 2571 populo
1429 2537 1571 2564 conlirmat
1586 2536 1637 2563 hoc
1655 2537 1715 2564 loco

937 2572 1060 2599 Photius.
1076 2572 1165 2605 Quare
1182 2577 1209 2598 et
1230 2572 1257 2598 in
1271 2571 1363 2599 Graeca
1378 2571 1496 2598 Ecclesia
1515 2572 1644 2605 episcopi.
1663 2579 1714 2598 ne-

937 2607 1001 2634 dum
1016 2607 1140 2634 monachi
1158 2606 1277 2634 caalibem
1293 2606 1376 2633 vitam
1389 2606 1499 2641 degunt.
1512 2605 1595 2633 Porro
1606 2606 1714 2633 Graeco-

938 2650 998 2669 rum
1011 2643 1099 2677 majus
1106 2641 1190 2668 fuisse
1196 2641 1355 2677 obsequium
1369 2648 1431 2677 erga
1439 2641 1593 2668 sacerdotes
1609 2641 1716 2677 caelibes

937 2685 1018 2712 quam
1032 2674 1093 2712 erga
1109 2681 1245 2709 uxoratos,
1263 2674 1392 2712 testisest
1402 2674 1605 2712 Nanzianzenus
1616 2674 1716 2712 Grego-

937 2710 995 2739 rius
1016 2713 1043 2738 in
1065 2710 1192 2738 oratione
1216 2712 1248 2738 de
1276 2711 1412 2746 baptismo,
1441 2711 1503 2738 dum
1525 2711 1563 2737 ait
1585 2710 1716 2746 quosdam

938 2747 1047 2774 dill'errc
1064 2746 1156 2773 solitos
1171 2745 1344 2781 baptismum,
1359 2746 1445 2773 donec
1467 2747 1539 2772 hunc
1562 2745 1716 2781 acciperent

938 2783 980 2808 vel
997 2782 1031 2808 ab
1048 2781 1176 2817 episcopo
1192 2780 1235 2810 vel
1248 2790 1264 2809 a
1276 2781 1415 2817 sacerdote
1430 2780 1520 2816 potius
1532 2780 1624 2808 caelibe
1636 2787 1719 2815 quam

938 2822 1060 2845 ll.\0f{ll.0.

1493 2893 1529 2923 25
