1940 3087
133 133 182 167 ’181

133 188 234 226 ἀπορία
256 185 326 216 εῖναι
349 188 441 218 δοκει.
470 185 538 222 μηδὲ
558 185 608 218 τὰς
630 185 748 218 πίστεως
767 185 909 221 ἀλλοτρίας
924 189 946 216 Α

133 235 298 271 βουλομένας
318 234 438 262 εῠποιεῖν
450 232 623 268 Χριστιανοῖς
642 231 777 265 ἀδελφοῖς,
797 232 843 258 καὶ
864 231 911 257 ἐπὶ

131 281 259 309 τοσοῦτον
281 282 377 312 αὑταῖς
399 279 600 315 τεθαῤῥηκέναι
629 277 676 305 καὶ
704 275 910 313 προσανατεθῆ-

132 337 185 361 ναι,
213 327 274 362 μηδ’
288 327 372 357 αὐτὰς
390 325 498 357 ὲκείνας
515 323 734 360 παρατηρεῖσθαι
749 329 757 336 ·
775 321 843 349 ἀλλὰ
858 321 911 348 «καὶ

131 374 163 400 δι’
191 373 281 401 αὐτῶν
305 371 472 407 είσκομίζειν
500 370 550 406 τὴν
573 369 620 396 τοῦ
642 368 748 403 ἀγαθοῦ
768 367 911 395 κοινωνίαν

132 420 188 451 τοῖς
204 418 266 454 μηδ’
279 418 324 444 ὑπ’
341 417 427 452 αὐτῆς
442 417 491 451 τῆς
501 415 657 451 τυραννίδος
673 414 723 450 τῆς
738 414 779 445 εἰς
793 412 912 449 Χριστὸν

132 463 373 499 κατωλιγωρηκόσι
381 462 496 493 πίστεως
507 468 515 476 ·
528 460 655 487 οὐδέποτε
666 460 720 495 γὰρ
733 457 868 485 κοινοῦται
880 457 911 484 τὸ

132 509 219 544 ἅγιον,
240 508 341 543 μᾶλλον
362 507 391 534 δὲ
404 506 513 541 ἁγιάζει
536 505 584 532 καὶ
598 505 663 536 τοὺς
676 503 890 538 κεκοινωμένους
902 511 910 520 ·

133 556 208 591 εἰμὴ
227 555 335 582 ὖποπτά
354 562 414 581 τινα
437 553 572 588 πρόσωπα
588 550 768 583 καταπαίζειν
788 549 911 585 συνήθως

132 602 228 637 ἔχοντα
253 600 308 628 τῶν
333 600 424 632 θείων,
440 598 527 627 ταῦτα
547 596 752 634 ἐγχειρισθῆναι
774 595 910 632 προφασί-

133 648 230 679 (omo.

133 703 257 731 ΚΕΦΑΛ.
271 703 309 730 E'.
326 701 395 736 Περὶ
407 701 471 733 τοῦ,
485 702 513 728 ei,
524 699 581 736 χρὴ
595 699 750 736 κοινωνεῖτε
765 698 838 736 τοὺς
852 697 912 726 ὑπὸ

166 738 238 799 uirga
256 733 439 772 Σῳακήνῶν
468 737 511 770 εἰς
524 733 699 769 "acciretur
728 733 912 767 βιασθέντας

166 781 218 799 παι
239 781 285 799 ac.

166 781 285 805 παίσας.

168 821 228 847 Ἔτι
239 820 267 846 δὲ
283 819 329 846 καὶ
343 819 407 854 περὶ
420 819 474 845 τῶν
487 817 564 853 παρὰ
578 817 627 852 τῆς
645 816 817 853 βαρϐαρικῆς
834 815 913 843 ἀσελ-

132 868 209 902 γείας
222 867 389 903 βιασθέντων
401 865 514 893 παιδίων
529 865 574 892 διὰ
590 864 620 891 τδ
632 865 681 900 τῆς
696 864 756 900 βίας
772 863 911 897 ἐπάγαγὸν
926 863 947 892 Β

133 921 162 939 τε
187 912 235 939 καὶ
251 911 448 947 ἀπαραίτητον,
469 909 634 944 συγγνώμην
661 909 766 940 τούτοις
789 908 910 942 δοθῆναι,

135 958 182 985 καὶ
197 958 247 992 τῆς
272 956 404 989 ζωοποιοῦ
419 955 563 987 κοινωνίας
590 955 627 990 μὴ
643 953 850 989 ἁποκωλυθῆναι
871 954 912 981 δι-

133 1003 247 1039 ὡρισται
263 1012 270 1018 ·
287 1003 312 1030 εἰ
334 1003 416 1037 μήπω
427 1001 548 1028 ἑκούσιον
560 1001 590 1027 τὸ
599 1001 751 1036 ἁμάρτημα
766 999 912 1035 κατειργά-

134 1058 215 1077 σαντο
230 1057 238 1065 ·
255 1049 316 1076 τότε
344 1049 398 1084 γὰρ
416 1047 463 1074 καὶ
477 1047 569 1078 αὐτοῖς
594 1047 629 1073 τὰ
643 1046 690 1073 ἐπὶ
709 1047 764 1077 τοῖς
782 1044 911 1076 ἑκουσίως

133 1095 245 1123 τοιαῦτα
276 1093 466 1130 πλημμελοῦσι
490 1092 652 1128 προσφόρως
680 1091 806 1127 ἐπιτίμια
829 1099 912 1126 προσ-

133 1141 261 1176 αρμόσει.

169 1185 294 1213 Τοσαῦτα
315 1186 363 1221 μὲν
385 1185 460 1221 παρὰ
480 1185 530 1220 τῆς
552 1185 602 1220 σῆς
616 1182 768 1220 θεοφιλείας
793 1182 912 1218 προϐλη-

134 1232 215 1260 θέντα
242 1231 398 1267 ζητήματα,
413 1231 476 1264 ἀξια
502 1230 648 1267 προφανῶς
672 1230 786 1266 ἐρεύνης
811 1230 912 1264 τυγχά-

134 1286 225 1310 νοντα,
233 1277 280 1304 καὶ
291 1277 341 1312 τῆς
353 1277 403 1312 σῆς
413 1277 545 1308 συνέσεως
555 1276 586 1303 τὸ
596 1275 738 1302 σπουδαῖον
745 1275 912 1310 χαρακτηρί-

134 1331 179 1350 σαι
188 1323 324 1357 δυνάμενα
336 1330 344 1338 '
359 1322 407 1349 καὶ
425 1321 539 1356 τοιαύτη
545 1321 621 1357 παρὰ
634 1321 687 1347 τῶν
696 1319 912 1354 θεοφιλεστάτων

135 1368 340 1405 μητροπολιτῶν
361 1367 513 1403 συμφώνως
533 1368 595 1402 περὶ
612 1366 701 1394 αὐτῶν
718 1366 912 1401 ὲξανεστηκυῖα

133 1413 235 1449 ψῆφος,
253 1413 314 1448 ἥτις
329 1412 405 1448 παρὰ
420 1413 471 1447 τῆς
491 1412 569 1447 ἡμῶν
588 1411 762 1446 μετριότητος
778 1410 834 1445 (ΓΙ)
854 1410 913 1436 ἑπι-

134 1458 334 1494 σφραγισθείσα
344 1458 391 1484 καὶ
401 1457 602 1493 ἀποδεδεγμένη
610 1456 678 1492 πρὸς
685 1456 733 1492 τὴν
744 1456 792 1492 σὴν
801 1456 912 1491 θεοφιλῆ

133 1503 350 1540 παραπέμπεται
378 1503 525 1538 ὁσιότητα·
555 1503 633 1538 δέχου
657 1502 748 1530 τοίνυν
775 1502 830 1529 τῶν
858 1502 912 1529 σῶν

134 1550 334 1585 προϐλημάτων
356 1549 405 1581 τὰς
431 1549 568 1580 ὲπιλύσεις
590 1550 686 1583 σαφεῖς
708 1548 745 1580 ὡς
768 1548 912 1584 ἐξῄτησας,

133 1596 163 1622 ὲν
177 1595 266 1630 καιρῷ
289 1595 336 1622 καὶ
350 1593 489 1630 προσώπῳ
505 1593 544 1629 τῷ
560 1593 703 1628 ἐπιτηδείῳ
732 1593 834 1625 ταύτας
852 1602 914 1620 συν-

132 1639 226 1675 τηρῶν
249 1639 298 1666 καὶ
322 1639 541 1674 παραφυλάττων
555 1647 563 1654 ·
589 1638 637 1665 καὶ
663 1639 700 1674 μή
721 1647 747 1664 τι
773 1638 838 1672 περὶ
865 1637 914 1673 τὴν

133 1685 236 1713 τούτων
251 1685 411 1720 ἀποτυχίαν,
433 1684 490 1711 ἀλλ’
518 1685 560 1711 ὅτι
584 1683 684 1719 ἀκηδία
698 1689 710 1703 ο
734 1692 784 1711 κ...
806 1683 912 1718 ἄλλῳ...

133 1731 169 1758 τὰ
189 1731 212 1757 δ’
228 1731 300 1766 ἄλλῳ
311 1739 318 1746 ·
336 1730 472 1767 ἐρρῶσθαι
484 1730 513 1757 δὲ
527 1729 571 1756 διὰ
596 1729 695 1761 παντὸς
710 1738 778 1757 κυ...
796 1729 912 1765 λιπαροῦ

927 1534 948 1563 C

707 132 975 164 EPISTOLARUM
995 132 1109 164 LIBER
1128 133 1153 164 I.

960 185 1033 213 modi
1047 185 1243 217 desiderentur,
1259 190 1324 213 tunc
1345 185 1483 214 enimvero
1504 193 1538 214 ne
1559 186 1611 214 illa:
1630 188 1742 222 quidem

961 231 1077 259 vitanda:
1090 236 1163 261 sunt.
1183 238 1243 266 qua:
1256 232 1306 259 etsi
1322 231 1374 259 fide
1384 232 1490 266 alien-.e,
1504 237 1594 260 tamen
1612 238 1641 261 ut
1660 234 1740 261 Chri-

960 278 1057 306 stianis
1068 277 1196 306 fratribus
1208 278 1278 305 bene
1292 278 1402 312 faciant,
1416 284 1554 315 tantopere
1568 280 1669 308 audent
1680 285 1741 308 tan-

960 330 1073 359 tumque
1095 325 1187 353 oneris
1203 333 1258 353 non
1279 330 1417 353 recusant.
1434 325 1536 353 Harum
1558 334 1677 362 quoque.
1699 328 1741 354 in-

960 378 1053 406 quam,
1071 372 1197 399 manibus
1218 370 1391 399 deferendam
1412 379 1555 400 censemus
1573 373 1656 400 divini
1678 373 1742 400 boni

961 417 1178 444 communionem
1193 416 1227 444 ad
1241 423 1289 444 eos
1298 416 1344 451 qui
1357 424 1392 443 ne
1404 416 1455 444 sub
1470 417 1619 453 tyrannidis
1632 418 1743 452 quidem

959 460 1023 497 iugo
1029 461 1211 490 Christianam
1219 462 1298 490 fidem
1308 462 1456 498 negligunt.
1465 462 1524 490 Non
1538 463 1610 491 enim
1620 467 1744 491 sanctum

960 507 1101 542 polluitur,
1122 507 1178 536 imo
1193 507 1282 543 ipsum
1298 516 1346 535 eos
1360 508 1511 536 sanctiﬁcat
1524 509 1570 544 qui
1589 516 1618 537 se
1633 509 1743 537 contin-r

960 558 1037 588 sunt.
1050 553 1108 581 Nisi
1128 553 1201 582 forte
1224 550 1358 590 suépeette
1379 554 1500 589 quaedam
1522 562 1659 590 personae,
1682 563 1744 590 quae

961 600 1043 628 rebus
1056 600 1140 628 sacris
1153 589 1382 634 illuderersolent,
1393 600 1511 629 oﬂicinm
1524 589 1589 629 iilud
1605 601 1655 629 sibi
1668 589 1744 630 com...

961 646 1074 674 missum
1092 646 1229 674 simulent.

961 702 1038 731 CAP.
1058 702 1088 729 V.
1101 698 1136 723 -4-
1149 703 1241 731 Utrum
1255 704 1291 730 ad
1303 711 1406 731 sacram
1421 704 1627 731 communionem
1646 704 1743 730 admit-

995 738 1067 778 lemﬁ
1081 738 1228 800 ﬁni-timeri
1246 739 1338 774 quibus
1354 737 1742 766 Saracenorumincomincntia

995 780 1048 800 vim
1062 781 1079 799 a
1104 781 1120 800 u
1132 781 1140 800 ι
1155 794 1162 800 .

995 780 1048 800 vim
1062 780 1162 801 auum.

995 817 1108 853 Insuper
1122 818 1261 846 decretum
1283 817 1344 852 fuit,
1361 826 1397 847 ne
1416 818 1507 854 pueris
1527 819 1626 853 quibus
1642 818 1742 846 Barba-

962 871 1054 891 rorum
1078 864 1248 899 impudicitia
1270 863 1298 892 vl
1322 868 1446 900 stuprum
1471 864 1630 896 obtulisset,
1651 864 1743 892 habita

961 909 1066 936 ratione
1081 909 1218 937 violentiae
1231 913 1259 937 et
1279 910 1466 943 necessitatis,
1487 910 1566 937 venia
1583 910 1742 945 denegetur.

961 962 1030 982 neve
1045 954 1065 982 ii
1076 954 1167 983 divina
1179 962 1211 983 ac
1221 954 1327 982 vivifica
1338 955 1528 983 communione
1537 955 1740 990 prohibeantur.

960 1000 1019 1029 Nisi
1034 1000 1110 1033 forte
1123 1001 1307 1030 voluntarium
1330 1006 1471 1036 peccatum
1490 1005 1716 1036 perpetraverunt
1734 1009 1741 1027 :

962 1052 1027 1075 tunc
1040 1048 1122 1080 enim.
1134 1055 1189 1075 non
1204 1055 1283 1076 secus
1296 1055 1328 1075 ac
1339 1047 1399 1076 illos
1408 1048 1454 1082 qui
1465 1051 1562 1082 sponte
1574 1047 1660 1082 culpis
1670 1048 1742 1082 ejus-

962 1093 1037 1120 modi
1050 1097 1137 1121 semet
1150 1093 1288 1127 irretiunt,
1303 1100 1384 1128 poma
1397 1093 1495 1121 merita
1514 1100 1614 1129 pueros
1636 1100 1743 1127 quoque

961 1139 1051 1167 decet.

998 1183 1089 1218 Atque
1106 1183 1150 1211 lia;
1167 1183 1277 1211 [uerunt
1289 1190 1305 1211 a
1320 1188 1365 1210 tua
1380 1184 1481 1219 pietate
1496 1185 1660 1219 qumstiones
1678 1193 1742 1220 pro-

961 1231 1066 1266 positae,
1087 1230 1285 1258 consultatione
1305 1236 1416 1265 prorsus
1434 1230 1612 1266 dignissimas,
1635 1235 1743 1265 tuaeque

962 1276 1104 1312 sapientiae
1119 1276 1206 1304 zelum
1221 1276 1288 1304 satis
1307 1275 1534 1304 demonstrantes.
1558 1275 1621 1304 Haec
1642 1276 1706 1304 item
1727 1286 1742 1303 ει

962 1321 1172 1357 religiosissimis
1188 1322 1369 1357 metropolitis
1391 1322 1518 1349 concordi
1539 1321 1677 1357 suﬂragio‘
1690 1322 1743 1350 lata

963 1367 1096 1395 sententia
1107 1372 1158 1399 est,
1167 1374 1248 1402 quam
1261 1371 1352 1395 nostra
1365 1367 1744 1402 mediocritas'ratartnﬁabcua

962 1418 1044 1448 atque
1062 1413 1226 1441 confirmans
1248 1413 1283 1441 ad
1305 1414 1456 1449 religiosam
1477 1418 1551 1442 tuam
1570 1415 1741 1442 sanctitatem

963 1459 1055 1486 mittit.
1081 1459 1180 1494 Excipe
1200 1459 1283 1494 igitur
1299 1459 1497 1487 dubitationum
1531 1464 1654 1493 tuarum,
1675 1468 1743 1495 quas

963 1504 1104 1538 postulasti
1120 1505 1283 1540 perspicuas
1305 1505 1464 1539 solutiones,
1487 1512 1587 1540 easque
1601 1506 1743 1533 commodo

963 1550 992 1577 in
1008 1555 1128 1586 tempore
1142 1551 1318 1586 personisque
1331 1550 1436 1578 idoneis
1449 1556 1528 1579 utens
1545 1559 1634 1579 serva.
1650 1551 1684 1580 Et
1698 1559 1745 1578 uc-

962 1596 1023 1623 cubi
1043 1597 1071 1623 in
1093 1595 1135 1623 bis
1161 1596 1271 1629 labaris,
1285 1597 1328 1624 vel
1346 1597 1408 1632 quia
1424 1597 1538 1624 incuria.
1552 1617 1558 1624 .
1571 1617 1579 1624 .
1600 1596 1697 1624 Valere
1716 1602 1743 1625 te

961 1642 1053 1676 cupio,
1068 1642 1179 1678 jugique
1194 1644 1336 1671 sanctitate
1349 1651 1380 1671 ac
1389 1643 1494 1678 iustitia
1503 1651 1609 1671 sacrum
1622 1648 1742 1671 vestrum

963 1694 1055 1722 regere
1065 1694 1185 1722 gregem,
1200 1692 1282 1722 atque
1301 1695 1317 1714 a
1336 1687 1424 1715 noxiis
1443 1686 1541 1714 anima:
1557 1686 1629 1714 vitiis
1648 1686 1743 1722 procul

960 1736 1085 1760 avertere
1109 1732 1182 1759 Finis
1195 1733 1382 1767 capitulorum.

136 1778 190 1814 μὴν
206 1778 235 1804 ὲν
266 1778 385 1812 ὁσιότητι
417 1777 463 1803 καὶ
493 1775 651 1811 δικαιοσύνῃ
682 1775 712 1802 τὸ
733 1775 804 1810 ίερδν
825 1776 902 1810 ὑμῶν
923 1777 1084 1813 ποιμένοντα
1110 1778 1244 1814 ποίμνιον,
1273 1778 1319 1806 καὶ
1347 1778 1401 1805 τῶν
1431 1777 1622 1814 ψυχολετήρων
1648 1777 1742 1805 παθῶν

133 1823 307 1860 διατηρῆσαι
329 1822 526 1860 πορρὡτερον.
539 1837 574 1843 -
594 1822 683 1855 Τέλος
702 1821 762 1849 τῶν
777 1823 959 1857 κεφαλαίων.

450 1886 713 1925 EPISTOL/E
739 1885 1002 1926 CANONICIE
1034 1888 1100 1925 AD
1139 1887 1429 1927 EPISCOPOS.

433 1952 544 1981 ΕΠΙΣΤ.
562 1951 612 1978 18'.

1255 1955 1362 1983 EPIST.
1383 1953 1453 1982 XIX.

743 1996 814 2023 Edita
827 2004 842 2022 a
856 1998 1003 2025 Montacutio
1017 2001 1053 2032 (p.
1070 1999 1134 2031 585).

168 2056 261 2084 Πάντα
283 2055 333 2090 τῆς
358 2052 435 2089 ὑμῶν
461 2051 655 2088 ἀρχιερατικῆς
676 2051 844 2086 τελειότητος
867 2051 912 2079 καὶ

999 2053 1099 2082 Omnia
1111 2057 1209 2086 vestrae
1221 2052 1370 2082 sacerdotis
1384 2052 1485 2080 summi
1516 2051 1690 2087 perfectionis
1713 2058 1742 2077 ci.

133 2101 323 2137 πνευματικῆς
336 2100 434 2135 σοφίας
447 2099 539 2134 γέμει,
557 2098 606 2125 καὶ
616 2097 666 2132 τῆς
684 2097 825 2132 πολιτικῆς
837 2097 913 2124 εὐνο-

133 2148 200 2183 μίας
221 2155 254 2182 τῃ
268 2145 396 2182 ἀκριϐείᾳ.
410 2144 607 2178 συγκέκραται.
622 2142 659 2169 Τό
672 2151 701 2169 τε
712 2141 766 2177 γὰρ
777 2142 818 2174 είς
849 2151 912 2169 συν-

133 2192 226 2228 οδικὴν
239 2191 329 2226 κρίσιν
343 2191 457 2224 ἀγαγεῖν
471 2189 489 2216 ἃ.
508 2188 691 2224 προύϐάλλετο
706 2189 756 2224 τὴν
772 2188 913 2224 ἀμφισϐή-

132 2246 227 2274 τησιν·
245 2238 292 2264 καὶ
306 2237 337 2263 τὸ
352 2236 390 2271 μὴ
400 2235 488 2270 οἰκείᾳ
501 2235 581 2270 ῥώμη
596 2235 646 2268 τῆς
656 2234 800 2267 συνέσεως,
814 2234 914 2270 καίπερ

134 2284 236 2316 ἱκανῶς
248 2283 348 2320 ἐχούσῃ
362 2283 409 2310 καὶ
421 2281 604 2308 πολυπλασιον
622 2280 704 2316 βάρος
718 2281 824 2316 ἀνέχειν
834 2280 914 2317 ὀχλή-

134 2339 214 2358 σεων·
239 2330 286 2357 καὶ
299 2329 340 2362 τὸ,
359 2328 491 2363 πρότερον
505 2326 554 2358 τὰς
576 2326 737 2360 ὲγκολπίους
750 2327 915 2360 φιλονεικίας

132 2375 341 2411 διαλυσάμενον,
357 2374 427 2401 οὕτω
444 2374 544 2408 χωρεῖν
560 2372 607 2400 ἐπὶ
623 2372 672 2407 τὴν
686 2372 775 2408 κρίσιν
787 2372 842 2399 τῶν
854 2371 917 2404 ἐξω-

962 2099 1115 2136 spiritualis
1131 2098 1274 2135 sapientia;
1290 2098 1369 2133 plena
1384 2102 1459 2131 sunt,
1474 2105 1537 2126 cum
1561 2101 1656 2125 exacta
1671 2097 1739 2124 civi—

962 2146 1028 2174 lium
1053 2152 1145 2173 rerum
1173 2145 1226 2173 rite
1257 2144 1529 2172 administrandarum
1553 2142 1650 2178 peritia
1673 2149 1738 2169 con-

962 2191 1074 2227 junctae.
1091 2189 1159 2218 Nam
1173 2194 1202 2217 et
1219 2197 1253 2216 ea
1275 2196 1335 2224 quae
1368 2188 1589 2224 proponebantur
1602 2187 1636 2214 ad
1646 2186 1736 2214 disce-

963 2237 1125 2273 ptationem,
1136 2235 1171 2264 ad
1188 2234 1345 2271 synodicum
1357 2233 1489 2269 judicium
1503 2232 1616 2264 referre,
1627 2238 1680 2259 nec
1693 2238 1738 2258 so-

965 2282 1053 2310 lertia:
1073 2289 1130 2310 sua:
1147 2280 1240 2309 robori
1258 2280 1351 2313 ﬁdere,
1367 2278 1491 2314 quamvis
1510 2277 1655 2305 sullicienti
1669 2276 1741 2303 mul-

967 2327 1052 2363 tiplex
1077 2326 1250 2362 negotiorum
1282 2324 1389 2360 pondus
1416 2323 1562 2355 sustinere,
1588 2327 1617 2350 et
1644 2321 1740 2356 sopitis

967 2372 1085 2408 primum
1101 2370 1238 2398 intestinis
1262 2369 1488 2401 dissensionibus,
1512 2368 1550 2395 ita
1569 2368 1678 2395 demum
1706 2366 1742 2394 ad

765 2427 881 2456 VARIIE
896 2427 1098 2456 LECTIONES.

170 2486 183 2502 ο
201 2481 231 2509 in
243 2480 420 2517 sequentibus
431 2478 537 2507 lacunis
550 2478 595 2506 vix
606 2477 657 2505 tria
671 2476 801 2505 vocabula
817 2476 967 2509 amisimus,
981 2483 1042 2511 qua:
1059 2475 1111 2511 legi
1123 2478 1264 2509 nequeunt
1279 2473 1306 2500 in
1319 2473 1476 2501 oblitterato
1491 2472 1593 2499 codice.

881 2534 997 2563 ΝΟΤΛΕ.

132 2589 206 2624 apud
224 2586 392 2624 Beverigium
420 2590 487 2613 tom.
512 2584 545 2617 ll,
570 2592 597 2619 p.
621 2583 655 2624 ’ξο
672 2591 730 2618 sqq.
749 2582 782 2610 Et
797 2581 913 2624 ’quidem

131 2619 191 2655 eius,
215 2619 333 2656 excepto»
356 2622 470 2648 fortasse
497 2619 652 2656 necessario
678 2626 754 2656 casu.
779 2619 913 2656 sanctiora

132 2651 261 2694 mysteria
280 2651 412 2694 attigisse,
429 2660 509 2694 negat
523 2662 584 2681 cum
597 2654 717 2694 [nugare
734 2652 866 2694 Arcndius
879 2651 914 2694 de

132 2686 193 2721 orii.
209 2700 268 2728 cap.
289 2686 490 2728 l0.vchenqu's
502 2696 611 2728 quoque
634 2688 747 2728 Goarius
759 2687 793 2728 ad
806 2686 913 2728 encliol.

132 2737 162 2763 p.
177 2728 230 2755 τιν
242 2722 304 2761 ’δαί
327 2722 432 2763 necnon
448 2724 485 2752 lo.
499 2722 594 2763 Finitis
605 2724 631 2750 in
643 2722 772 2763 peculiari
780 2726 912 2763 tractatu.

134 2756 173 2789 bc
191 2756 349 2790 diaconissis
368 2761 485 2794 denique
499 2756 726 2794 breviaAquiedam
742 2756 910 2794 collectanea

133 2797 243 2832 reliquit
257 2805 321 2824 mss.
336 2791 470 2832 Joseplms
483 2793 582 2828 llegius
591 2791 725 2820 vaticame
741 2791 911 2832 bibliotheca:

134 2826 201 2861 ante
222 2832 271 2860 llos
294 2839 379 2859 annos
401 2826 552 2867 iirzufcctus,
575 2836 634 2864 qua:
660 2836 714 2854 non
741 2827 799 2855 sine
821 2826 910 2860 aliquo

966 2581 1054 2609 fructu
1067 2581 1202 2616 leguntur.
1212 2578 1251 2605 De
1262 2576 1383 2605 diaconis
1393 2575 1439 2616 qui
1448 2577 1614 2616 ineat-ceres
1627 2575 1662 2616 ad
1673 2583 1741 2616 mar—

965 2620 1038 2651 tyres
1053 2610 1282 2651 submittebantur
1296 2616 1384 2651 exstat
1404 2610 1506 2651 Natalis
1521 2610 1664 2651 Menandri
1689 2610 1743 2636 dis—

965 2645 1076 2678 s'crtatio
1094 2651 1123 2677 in
1142 2649 1272 2676 Thesauro
1291 2646 1368 2673 theol.
1387 2651 1453 2674 tom.
1468 2646 1515 2677 Xl,
1531 2653 1558 2679 p.
1574 2645 1636 2672 584.

1002 2686 1025 2720 (l
1033 2685 1058 2719 7)
1067 2685 1105 2712 lta
1120 2683 1245 2720 modeste
1251 2686 1337 2710 semet
1350 2681 1485 2720 appellare
1497 2678 1585 2720 solent
1595 2678 1682 2720 Grfeci
1695 2686 1741 2713 pa-

967 2713 1090 2747 triarchae
1116 2720 1144 2746 in
1162 2718 1327 2754 synodormn
1352 2713 1419 2754 actis
1444 2715 1515 2754 apud
1540 2713 1742 2741 Leunclavinm.

965 2755 1053 2782 Latini
1069 2759 1159 2781 autem
1174 2751 1245 2787 saepe
1259 2757 1372 2779 utuntur
1387 2751 1505 2778 dictione
1520 2754 1608 2787 nostra
1623 2756 1744 2774 nuntiaue-

965 2791 1037 2823 mdo,
1052 2798 1113 2816 cum
1131 2785 1223 2817 ϐιωρέ
1243 2787 1334 2822 phrasi
1349 2787 1432 2814 ferme
1447 2785 1643 2813 eousoirantcs.
