1940 3087
201 145 254 177 783

779 142 908 172 PIIOTII
927 142 1175 172 PATRIARCHIE
1193 142 1247 172 (ΖΡ.

1757 141 1807 176 Ἲὸί

201 209 233 229 ea
249 208 309 235 qua:
322 203 397 227 extra
414 203 477 226 sunt
492 198 661 234 dijudicanda
676 198 832 233 procedere,
845 199 980 233 quomodo

1031 199 1093 231 θεν,
1114 198 1173 230 πῶς
1191 201 1242 226 οὐκ
1260 198 1317 225 ἐστι
1331 198 1381 234 μὲν
1400 199 1473 232 θείας
1487 199 1581 235 σοφίας
1593 200 1806 237 ἀπευθυνομένου

203 255 258 274 non
273 248 331 281 ejus
347 247 380 273 sit
395 245 440 280 qui
455 245 490 271 ad
510 244 610 272 divina)
634 245 776 279 sapientim
803 245 922 280 regulam
951 252 981 272 se

202 291 361 327 comparet?
376 291 498 323 Quatuor
516 290 598 325 igitur
614 290 692 317 initio
708 291 797 317 statim
814 291 848 318 ad
867 298 981 318 examen

202 337 331 373 propositi
342 335 503 371 presbyteri,
522 339 596 363 recte
612 336 704 363 statim
725 343 757 362 ex
773 336 848 371 justo
862 337 978 369 ea‘lculo,

202 384 236 410 ab
259 383 353 417 iniqua
375 387 402 410 et
433 387 530 417 praeter
558 381 690 409 rationem
727 382 844 416 irrogata
866 390 982 409 censura

202 429 315 456 absoluti
340 432 423 461 sunt;
448 433 475 455 et
489 428 616 455 vecordia
630 428 823 456 irrationabilis
837 429 864 456 in
881 428 981 463 justam

201 474 363 502 sententiam
378 474 500 509 impegit.
524 473 583 501 Non
610 473 683 500 enim
709 474 750 501 fas
777 478 828 507 est,
850 481 905 501 non
929 478 980 507 cst,

201 520 322 554 inquam,
343 519 395 551 las,
427 526 462 546 ex
491 520 664 546 accusatione
689 519 756 552 sola,
773 520 830 548 sive
845 520 981 556 exiguum,

200 567 257 594 sive
279 574 416 601 magnum,
443 566 502 593 sive
524 566 607 594 etiam
628 566 776 593 maximum
809 567 912 594 crimen
936 567 981 599 sit,

199 613 277 647 cujus
307 613 422 639 intentio
453 612 710 639 demonstrationem
735 620 790 640 non
815 613 920 646 habeat,
945 614 982 641 ob

201 658 265 685 illud
298 658 341 685 vel
381 658 548 685 sacerdotem
579 659 664 694 gradu
699 660 813 692 meveri,
847 659 890 686 vel
913 659 982 687 irro-

201 704 257 739 gari
279 711 433 731 censuram.
448 703 560 730 Multum
588 711 655 731 sane
681 704 777 732 lucrati
804 710 897 732 essent
907 713 983 741 syco—

199 750 317 784 phantm,
335 750 356 776 si
384 757 451 784 quos
479 749 646 777 intentorum
674 750 817 778 criminum
841 758 902 778 reos
918 759 982 785 per-

200 803 280 831 agere
320 802 373 822 non
410 799 567 830 potuerunt,
609 803 702 823 eorum
735 803 829 830 poenas
863 797 982 831 pendere

200 841 276 876 quasi
300 841 442 868 convictos
462 841 595 868 viderent.
616 841 685 874 Quis
699 842 772 868 cnim
791 842 880 868 exitus
895 842 941 874 sit,
957 842 979 869 si

201 889 259 915 haec
274 888 342 914 ratio
359 887 490 919 obtineat,
510 895 562 922 quo
578 888 715 914 immerito
738 887 858 914 accusati
880 895 979 915 manus

200 935 427 971 sycophantarum
446 934 584 962 evadant?
603 933 660 960 Non
677 933 816 960 convictos
844 933 924 969 igitur
946 934 980 961 de

200 981 241 1007 eis
273 987 387 1014 quorum
423 979 631 1010 accusabantur,
663 977 840 1006 mediocritas
874 983 979 1011 nostra,

199 1025 349 1054 secundum
364 1029 481 1052 vestram
498 1032 558 1060 qua:
569 1024 603 1051 ab
628 1025 707 1052 initio
720 1024 854 1060 processit
866 1029 980 1052 senten-

201 1071 265 1098 tiam
281 1090 289 1102 ,
313 1071 403 1098 omnis
434 1070 667 1098 condemnationis
694 1070 829 1097 immunes
857 1070 979 1098 dimittit.

200 1117 251 1150 Qui
266 1122 357 1145 autem
386 1117 498 1144 intentis
522 1116 682 1144 criminibus
703 1116 788 1143 teneri
807 1115 978 1151 {deprehensi

199 1168 274 1195 sunt,
301 1163 359 1190 sive
378 1162 531 1193 saeculares.
548 1162 605 1189 sive
630 1162 659 1189 in
688 1162 782 1189 eadem
809 1169 889 1189 causa
919 1170 980 1190 ver-

200 1213 294 1236 santes
310 1207 472 1244 presbyteri,
489 1209 539 1236 hos
557 1215 680 1235 censurae
693 1207 727 1235 ad
749 1212 857 1242 tempus
870 1207 978 1235 inflictas

199 1254 306 1289 subjici,
322 1254 464 1289 siquidem,
474 1257 504 1281 ut
513 1253 640 1285 diximus,
649 1253 750 1281 crimen
765 1258 861 1280 notum
874 1252 976 1280 factum

200 1300 245 1332 sit,
262 1299 342 1327 etiam
358 1307 408 1327 nos
420 1299 639 1334 pronuntiamus.
661 1298 767 1332 Quibus
790 1302 880 1325 autem
907 1298 980 1325 nulla

201 1346 304 1374 indulta
317 1350 359 1373 est
373 1345 462 1378 venia,
475 1345 508 1373 de
523 1344 563 1372 eis
576 1352 630 1372 non
645 1345 778 1372 habemus
793 1343 979 1379 quodjudice-

200 1398 270 1423 mus,
283 1390 383 1425 quibus
392 1390 426 1417 de
445 1390 560 1417 crimine
583 1397 637 1416 non
654 1393 770 1416 constat.
795 1388 832 1416 De
851 1389 980 1424 episcopo

200 1441 290 1464 autem
314 1435 376 1467 hoc,
399 1436 549 1462 secundum
575 1435 721 1467 rationem,
749 1439 777 1461 et
798 1442 928 1466 canones,
953 1439 980 1462 et

200 1489 325 1514 examen,
340 1485 368 1509 et
380 1481 506 1508 terminis
519 1481 654 1516 processit
667 1480 811 1508 examinis.
822 1480 878 1508 Nos
888 1486 978 1508 autem

1032 244 1167 279 γνώμονι;
1185 244 1216 270 Οἱ
1241 244 1290 279 μὲν
1303 241 1351 271 οὖν
1365 245 1405 276 είς
1424 244 1549 278 ἐξέτασιν
1565 247 1625 272 κατ’
1640 247 1728 281 ἀρχὰς
1744 255 1807 282 προ-

1032 289 1154 321 τεθέντες
1171 288 1308 324 ¹τέσσαρες
1329 290 1520 325 πρεσὸύτεροι,
1541 290 1632 323 καλῶς
1656 291 1747 324 εὐθὺς,
1763 293 1808 326 τῆς

1031 336 1146 370 ἀλόγου,
1173 336 1221 362 καὶ
1246 335 1314 362 πολὺ
1340 337 1371 363 τὸ
1400 337 1491 363 ἄδικον
1527 337 1643 373 ἐχούσης
1673 339 1809 373 ἐπιτιμίας

1031 381 1202 417 ἀθωωθῆναι,
1221 382 1329 408 δικαίαν
1347 382 1437 417 ψῆφον
1450 383 1596 411 ἀπέλαϐον.
1610 384 1664 410 Kal
1677 384 1755 411 ἀνοιά
1769 394 1808 416 ¹τις

1031 427 1171 461 ἀλόγιστος
1181 429 1213 463 τῇ
1225 427 1319 463 δικαίᾳ
1328 428 1409 464 ψήφῳ
1417 429 1606 464 ἀντέκρουσεν.
1616 430 1652 456 Οὐ
1662 431 1715 466 γὰρ
1726 431 1806 462 ἐστιν,

1032 473 1082 498 οὐκ
1101 473 1174 498 ἔστιν
1198 473 1231 499 ἐκ
1251 473 1417 508 κατηγορίας
1449 474 1544 509 μόνης,
1564 475 1615 501 κᾶν
1639 475 1744 510 μικρὸν,
1761 477 1809 503 κᾶν

1034 518 1116 554 μέγα,
1131 518 1183 546 κᾶν
1194 519 1248 545 τῶν
1258 519 1394 555 μεγίστων
1418 520 1460 555 εῐη
1480 520 1511 547 τὸ
1526 520 1650 555 αἰτίαμα,
1663 522 1730 556 μηδέ
1747 523 1809 557 μιᾶς

1032 564 1196 596 ἀποδείξεως
1217 565 1251 600 τῇ
1272 565 1347 600 αἰτίᾳ
1373 565 1572 601 περιτεθείσης,
1594 567 1725 602 οὐμενοῦν
1750 568 1809 595 οὔτε

1033 610 1108 646 ἱερέα
1121 610 1169 637 τοῦ
1189 611 1290 638 οἰκείου
1306 611 1411 646 βαθμοῦ
1434 613 1643 648 παρενεχθῆναι,
1663 614 1726 641 οὕτε
1751 615 1809 642 τινὰ

1032 657 1172 692 ἐπιτιμίαν
1194 657 1277 692 ἀλλην
1302 658 1510 694 εἰσπραχθῆναι.
1535 660 1614 686 Οὕτω
1641 660 1694 696 γὰρ
1708 661 1751 696 εἴη
1778 663 1809 689 ἂν

1034 702 1104 737 μέγα
1118 702 1212 738 κέρδος
1222 704 1277 735 τοῖς
1295 704 1486 739 συκοφάνταις,
1500 705 1541 732 ὅτι
1562 705 1610 731 καὶ
1629 705 1666 741 μὴ
1686 706 1810 738 λαϐόντες

1032 746 1073 781 οἷς
1088 749 1202 785 ᾐτιῶντο
1210 750 1273 782 τοὺς
1286 750 1433 782 ἀναιτίους,
1458 750 1496 782 ὡς
1515 750 1668 783 ἑαλωκότας
1684 750 1752 779 εἶδον
1763 753 1810 788 τὴν

1031 794 1109 829 δίκην
1123 794 1333 829 ἀπαιτηθέντας.
1347 796 1401 822 Καὶ
1413 795 1455 826 τίς
1470 795 1502 822 ἂν
1517 796 1640 831 εὑρεθείη
1654 797 1747 832 πόρος,
1762 798 1810 833 τῆς

1033 839 1188 874 παραλόγου
1205 840 1308 876 ταύτης
1322 842 1408 876 φορᾶς
1424 842 1603 877 κυρωθείσης,
1621 843 1654 869 δι’
1669 841 1699 871 οὗ
1713 844 1743 870 τὺ
1757 845 1810 879 μά-

1031 894 1081 921 την
1093 887 1332 922 κατηγορούμενον
1349 887 1399 918 τὰς
1412 887 1497 918 λαϐὰς
1512 888 1567 915 τῶν
1588 891 1808 924 συκοφαντήσαν-

1029 940 1083 958 των
1102 932 1292 965 διαφεύξεται;
1306 933 1375 964 Τοὺς
1387 930 1434 960 οὖν
1454 933 1497 968 ἐφ’
1526 931 1566 964 οἷς
1585 936 1809 971 κατηγορήθησαν

1031 977 1067 1012 μὴ
1080 976 1265 1017 ἐλεγχθέντας,
1278 977 1382 1009 ἀθώους
1396 979 1463 1010 τέως
1477 980 1494 1014 ἡ
1509 978 1588 1014 ἡμῶν
1604 981 1757 1017 μετριότης,
1772 983 1809 1014 ὡς

1030 1024 1076 1049 καὶ
1088 1024 1105 1058 ή
1119 1024 1179 1050 κατ’
1205 1024 1292 1059 ἀρχὰς
1312 1024 1388 1060 ὑμῶν
1420 1025 1589 1061 προελθοῦσα
1603 1027 1703 1061 ψῆφος,
1719 1029 1808 1063 πάσης

1030 1070 1178 1105 καταδίκης
1198 1070 1321 1105 ἀφίησιν.
1336 1072 1413 1097 Ὅσοι
1428 1071 1456 1098 δὲ
1470 1073 1526 1104 τοῖς
1541 1073 1711 1109 ἐγκλήμασιν
1724 1075 1806 1101 ἑαλω-

1030 1115 1107 1146 κότες
1133 1116 1278 1150 κατάδηλοι
1306 1117 1502 1152 καθεστήκασι,
1525 1119 1589 1150 τούς
1606 1128 1637 1146 τε
1661 1121 1807 1155 κοσμικούς

1031 1169 1112 1195 φημι,
1128 1161 1176 1188 καὶ
1195 1163 1259 1194 τοὺς
1282 1163 1331 1189 σὺν
1352 1163 1445 1194 αὐτοῖς
1458 1163 1636 1198 ἐταζομένους
1659 1166 1808 1200 πρεσϐυτέ-

1032 1210 1106 1239 ρους,
1121 1206 1231 1238 τούτους
1256 1206 1399 1240 φυλάττειν
1420 1207 1452 1234 τὸ
1478 1208 1645 1245 πρόσκαιρον
1660 1211 1808 1245 ἐπιτίμιον,

1031 1251 1064 1277 ἃν
1078 1252 1115 1283 ὡς
1143 1251 1257 1286 ἔφημεν,
1282 1253 1401 1286 γνωστὸν
1426 1254 1545 1290 κατέστη
1568 1255 1599 1281 τὸ
1621 1255 1746 1291 αίτίαμα,
1761 1258 1808 1282 καὶ

1030 1297 1110 1331 ἡμεῖς
1123 1297 1337 1332 ἀποφαινόμεθα.
1356 1298 1423 1333 Περὶ
1439 1299 1467 1325 δὲ
1480 1298 1516 1326 ὧν
1531 1300 1643 1336 οὐδεμία
1658 1302 1807 1338 συγγνώμη

1030 1342 1145 1378 προέϐη,
1159 1342 1235 1369 οὐδὲν
1247 1343 1313 1378 ἡμῖν
1328 1344 1493 1379 παρίσταται
1509 1346 1601 1379 φάναι,
1624 1346 1722 1382 ἀδήλου
1741 1348 1808 1382 ἡμῖν

1032 1387 1227 1424 καθεστηκότος
1239 1388 1285 1416 τοῦ
1301 1389 1477 1425 ἀδικήματος,
1496 1391 1551 1417 Καὶ
1574 1392 1638 1427 περὶ
1660 1393 1808 1420 ἐπισκόπου

1030 1434 1058 1460 δὲ
1074 1434 1161 1467 τοῦδε,
1178 1434 1325 1467 ἀξιολόγως
1343 1436 1403 1470 μὲν,
1427 1437 1473 1462 καὶ
1489 1438 1650 1470 κανονικῶς,
1666 1439 1712 1465 καὶ
1732 1439 1810 1474 ήζή-

1029 1488 1118 1515 τησις,
1133 1481 1221 1507 καὶτὸ
1237 1480 1323 1516 πέρας
1337 1481 1454 1516 προῆλθε
1472 1483 1521 1517 τῆς
1543 1483 1700 1515 ἐξετάσεως.
1721 1484 1810 1518 Ἦμᾶς

201 1528 234 1554 ad
256 1527 505 1554 consternationem
535 1534 590 1553 non
621 1526 714 1553 mirari
741 1534 795 1553 non
822 1534 978 1561 possumus,

1031 1525 1058 1551 δὲ
1081 1525 1236 1560 ἐκπλήξεως
1250 1526 1411 1561 παρέπεμψε
1434 1527 1562 1562 θαύματι,
1578 1529 1652 1560 ὅπως
1670 1530 1809 1561 παντελῶς

200 1581 280 1609 quam
295 1579 405 1607 prorsus
426 1572 515 1598 alieno
528 1580 543 1598 a
560 1573 687 1607 praesenti
716 1579 849 1599 sermone
865 1571 981 1598 Amasize

202 1619 331 1646 antistitis
345 1618 442 1645 littera:
453 1622 481 1645 et
497 1622 611 1644 narrent
627 1621 655 1644 et
673 1617 830 1652 subjiciunt.
843 1617 911 1645 Nam
931 1617 981 1644 ali-

201 1673 280 1700 quem
291 1671 323 1691 ex
334 1663 487 1691 testimonio
499 1663 636 1694 ordinare.
650 1662 757 1690 etiamsi
770 1663 898 1698 indignus
907 1668 982 1698 post-

202 1718 233 1737 ca
256 1709 484 1745 deprehendatur,
514 1708 684 1736 ordinautem
717 1709 803 1743 culpae
834 1708 981 1736 obnoxium

201 1763 255 1783 non
281 1754 379 1782 reddit.
398 1754 478 1789 Atqui
499 1754 569 1781 nihil
581 1754 635 1781 tale
664 1753 724 1781 istae
742 1753 843 1781 litterae
869 1754 981 1781 demon-

202 1801 336 1833 strabant,
350 1800 415 1835 quin
427 1801 486 1835 ejus
498 1799 663 1827 contrarium
689 1799 846 1826 narrabant.
867 1799 980 1826 Rectum

202 1851 292 1874 autem
307 1847 369 1879 erit,
389 1847 485 1874 adesse
499 1850 527 1873 et
541 1853 589 1873 eos
602 1845 649 1880 qui
666 1845 757 1872 testati
771 1849 846 1877 sunt,
861 1852 923 1872 cum
938 1852 981 1871 or—

201 1893 369 1922 dinationem
395 1892 442 1928 qui
460 1892 600 1919 incusatur
614 1890 746 1926 suscepit,
768 1895 799 1918 ut
824 1890 982 1917 innocentes

201 1942 230 1965 et
254 1937 396 1972 inculpati,
421 1936 504 1964 etiam
540 1935 659 1970 iniquius
688 1943 750 1971 erga
783 1934 981 1962 absolutionem

202 1985 317 2011 fratrum
335 1982 452 2014 allectis,
475 1986 504 2009 et
518 1981 631 2008 omnino
645 1981 708 2008 odio
731 1980 905 2012 habentibus,
935 1980 982 2007 de«

203 2014 411 2055 mdnstrentur:
437 2030 465 2053 et
487 2025 535 2053 Dei
564 2025 702 2058 sacerdos,
726 2025 754 2051 in
783 2024 870 2052 nihilo
885 2031 981 2051 eorum

201 2080 262 2109 quae
273 2071 389 2100 antistiti
404 2071 583 2105 conveniunt,
609 2070 814 2098 innovationem
837 2070 980 2097 sustineat.

202 2119 368 2156 Synodicum
379 2121 470 2146 autem
486 2118 520 2146 de
531 2117 734 2153 dispensatione
752 2116 895 2152 scriptum,
907 2116 980 2150 quod

202 2166 436 2200 archiepiscopum
447 2164 583 2192 Caesarea:
600 2162 759 2198 inscriptum
783 2161 876 2194 habet,
891 2165 922 2189 et
947 2167 981 2188 ex

1030 1570 1158 1606 ἀλλότρια
1170 1573 1219 1607 τῆς
1230 1573 1371 1608 παρούσης
1385 1573 1537 1608 διηγήσεως
1551 1575 1581 1601 τὸ
1592 1575 1640 1601 τοῦ
1661 1575 1690 1602 Ἀ
1696 1576 1810 1610 μασείας

1029 1617 1145 1652 γράμμα
1160 1618 1208 1644 καὶ
1221 1619 1371 1654 ἀπήγγειλε
1384 1620 1431 1646 καὶ
1445 1620 1597 1648 ὑπετίθετο.
1613 1621 1649 1647 Te
1665 1621 1720 1657 γὰρ
1739 1623 1811 1657 μετὰ

1031 1663 1176 1698 μαρτύρων
1187 1665 1373 1699 χειροτονῆσαί
1384 1674 1455 1698 τινα,
1472 1667 1524 1693 κᾶν
1535 1667 1647 1702 ὕστερον
1659 1668 1673 1694 ὁ
1695 1677 1812 1703 χειροτο-

1030 1707 1121 1741 νηθεὶς
1130 1709 1238 1740 ἀνάξιος
1254 1710 1420 1745 ἀπελεγχθῇ,
1433 1711 1508 1738 οὐδὲν
1521 1712 1661 1747 πρόκριμα
1673 1713 1711 1748 τῷ
1722 1722 1813 1748 χειρο-

1030 1753 1170 1787 τονήσαντι
1183 1754 1297 1788 γίνεται.
1314 1752 1364 1782 Ὧν
1378 1757 1453 1783 οὐδὲν
1478 1757 1508 1783 τὸ
1523 1758 1640 1793 γράμμα
1664 1758 1811 1794 ὑπεδήλου,

1030 1799 1096 1825 ἀλλὰ
1111 1799 1158 1826 καὶ
1171 1801 1299 1828 τάναντία
1314 1802 1460 1838 διήγγειλε.
1479 1804 1567 1831 Καλὸν
1587 1805 1614 1831 δὲ
1629 1806 1813 1840 παρουσιάσαι

1029 1846 1077 1872 καὶ
1092 1846 1190 1878 αὐτοὺς
1203 1848 1265 1879 τοὺς
1280 1849 1328 1883 τὴν
1344 1850 1496 1886 μαρτυρίαν
1512 1851 1688 1886 ὑποσχόντας,
1704 1853 1747 1878 Eas
1763 1854 1814 1888 τὴν

1029 1892 1196 1927 χειροτονίαν
1207 1894 1221 1920 ό
1236 1894 1359 1926 ὑπαίτιος
1373 1896 1512 1931 ἀνεδέχετο
1524 1905 1532 1912 ο
1545 1897 1583 1928 ὡς
1594 1897 1627 1924 ἂν
1642 1899 1814 1933 πανταχόθεν

1029 1938 1060 1964 τὸ
1074 1938 1193 1978 καθαρὴν
1212 1939 1259 1966 καὶ
1269 1940 1462 1974 ἀνεπίληπτον,
1480 1942 1526 1967 καὶ
1539 1944 1593 1974 τοῖς
1604 1943 1814 1978 ἀγνωμονέστε-

1030 1993 1076 2020 ρον
1093 1987 1157 2021 περὶ
1181 1986 1230 2020 τὴν
1253 1987 1376 2014 ἁθώωσιν
1405 1989 1459 2014 τῶν
1483 1989 1605 2023 ἀδελφῶν
1625 1990 1813 2025 διακειμένοις

1030 2031 1178 2063 παντελῶς,
1199 2033 1245 2058 καὶ
1270 2033 1404 2067 μισοῦσιν,
1437 2034 1628 2070 ἀποκαλυφθῇ,
1659 2036 1705 2062 καὶ
1731 2037 1745 2063 ὁ
1762 2037 1814 2063 τοῦ

1030 2075 1096 2102 Θεοῦ
1110 2078 1265 2113 ἀρχιερεὺς,
1279 2080 1302 2105 εὶ
1321 2079 1404 2114 μηδὲν
1416 2080 1470 2106 τῶν
1484 2081 1640 2114 ἀνηκόντων
1651 2081 1814 2116 ἀρχιερεῦσι

1030 2122 1079 2157 τὴν
1095 2123 1267 2158 καινοτιμίαν
1285 2124 1326 2159 εἴη
1349 2125 1480 2157 ὑποστάς.
1498 2125 1534 2152 Τὸ
1553 2126 1580 2152 δὲ
1605 2127 1742 2153 συνοδικδν
1762 2127 1816 2162 τῆς

1031 2168 1189 2204 οίκονομίας
1217 2170 1343 2204 γράμμα,
1357 2170 1372 2197 ὃ
1387 2171 1432 2197 τὸν
1449 2172 1661 2207 ἀρχιεπίσκοπον
1683 2172 1739 2207 ἔχει
1763 2170 1817 2208 τῆς

201 2216 292 2240 mente
307 2214 402 2238 nostra
415 2210 562 2245 scriptum,
576 2213 606 2236 ct
620 2217 652 2236 ex
668 2211 736 2235 nutu
749 2211 844 2235 nostro
867 2207 979 2234 missum

1035 2213 1201 2249 Καισαρείας
1215 2215 1442 2250 προταττόμενον,
1452 2216 1547 2251 γνώμῃ
1558 2224 1588 2242 τε
1598 2217 1719 2252 ἡμετέρᾳ
1728 2217 1816 2251 ἐγρά-

202 2262 260 2285 est:
277 2264 331 2284 nec
345 2257 506 2292 quidquam,
527 2260 561 2282 ut
583 2255 692 2289 opinor.
723 2254 766 2281 vel
789 2258 887 2288 praeter
913 2260 981 2280 eon-

201 2303 354 2334 scientiam,
364 2301 407 2329 vel
417 2301 501 2329 sacris
515 2300 632 2335 Spiritus
644 2299 748 2335 legibus
759 2299 903 2326 adversum
914 2305 981 2325 con-

202 2350 280 2377 tinet.
291 2347 384 2383 Magna
400 2348 473 2374 enim
488 2351 530 2374 est
543 2345 696 2373 diﬂerentia
711 2350 885 2380 peccatorum
902 2344 981 2380 igno-

202 2394 306 2426 rantiae,
322 2393 357 2421 ab
375 2393 414 2420 eis
426 2400 487 2428 qua:
501 2400 519 2423 a_
539 2392 688 2419 scientibus
708 2395 802 2419 contra
824 2391 869 2425 jus
885 2390 981 2425 fasque

202 2440 422 2476 proﬁciscuntur.
438 2439 521 2471 Sane,
534 2438 705 2466 sacerdotum
720 2442 748 2464 et
758 2437 980 2464 Christianorum

202 2487 391 2514 defunctorum
419 2485 541 2521 neglecta
556 2492 638 2516 cura,
665 2488 694 2511 et
715 2483 876 2511 Psalmodia:
898 2491 981 2511 sacra:

203 2533 340 2559 omissum
366 2532 487 2559 debitum
520 2531 648 2562 cilicium,
681 2530 836 2557 necessario
865 2537 926 2560 nos,
947 2530 981 2557 de

202 2584 298 2606 exacto
310 2585 448 2606 sacrorum
470 2584 574 2605 canone
585 2576 618 2604 ad
635 2576 661 2603 id
673 2575 744 2611 quod
760 2579 803 2603 est
824 2575 980 2609 benignius,

202 2623 342 2651 remittere
349 2623 431 2658 cogit.
441 2622 494 2650 Sed
505 2622 564 2649 haec
575 2622 645 2649 forte
655 2621 822 2655 superﬂuum
832 2625 875 2648 est
883 2620 980 2647 scienti

206 2669 308 2698 dicere.
317 2668 446 2703 Capitula
459 2672 550 2695 autem
565 2667 732 2695 deﬁnitionis
748 2671 777 2693 ut
791 2666 902 2693 instanti
914 2670 982 2692 tem-

202 2723 269 2750 pore
286 2714 345 2742 ﬁeri
360 2713 458 2749 potuit,
484 2713 595 2740 formari
613 2712 793 2740 decrevimus.
807 2711 857 2744 Qui
872 2712 981 2746 quidem

202 2764 266 2788 ante
280 2768 337 2787 rem
356 2763 535 2787 contestatam
550 2758 665 2793 digamis
687 2757 896 2788 benedixeruut,
924 2762 981 2784 tum

202 2811 313 2839 propter
328 2804 518 2840 ignorantiam,
533 2808 589 2830 tum
603 2803 676 2838 quod
696 2803 765 2830 nihil
787 2803 821 2830 ab
845 2803 982 2837 episcopis

203 2850 236 2877 de
245 2851 295 2878 bac
308 2859 337 2878 re
346 2851 522 2878 constitutum
535 2849 626 2883 fuerit,
641 2856 729 2884 neque
741 2849 850 2877 aliunde
861 2854 980 2877 exaclam

1034 2266 1082 2294 φη,
1107 2259 1155 2285 καὶ
1171 2260 1205 2286 δι’
1219 2261 1370 2296 ἐπιτροπῆς
1385 2262 1538 2296 ἀπεστάλη-
1555 2263 1601 2289 καὶ
1625 2263 1710 2294 οὐδὲν,
1724 2261 1816 2295 οἶμαι,

1033 2303 1095 2331 οὔτε
1108 2305 1182 2340 παρὰ
1201 2307 1352 2342 συνείδησιν
1365 2306 1432 2342 ἔχει,
1450 2307 1512 2334 οὔτε
1522 2309 1578 2340 τοῖς
1596 2309 1677 2344 ίεροῖς
1693 2309 1819 2344 μαχόμε-

1034 2357 1078 2375 νον
1083 2349 1130 2375 τοῦ
1139 2350 1293 2385 Πνεύματος
1303 2350 1429 2387 [νόμοις].
1443 2352 1529 2387 Πολλὴ
1541 2353 1596 2388 γὰρ
1607 2354 1623 2388 ἡ
1634 2352 1747 2390 διαφορὰ
1757 2353 1818 2379 τῶν

1034 2394 1064 2426 ἐξ
1077 2395 1188 2428 ἀγνοίας
1204 2396 1418 2432 ἁμαρτημάτων,
1434 2398 1502 2432 πρὸς
1522 2399 1570 2430 τὰς
1591 2399 1620 2425 ἐν
1647 2398 1745 2432 γνώσει
1766 2400 1820 2426 καὶ

1032 2439 1104 2473 μετὰ
1116 2441 1344 2476 καταφρονήσεως
1364 2443 1511 2477 προῖούσας
1528 2442 1673 2478 ἀθεμίτους
1687 2444 1817 2478 πράξεις.

1034 2484 1089 2511 Καὶ
1106 2485 1199 2520 ἱερέων
1213 2485 1241 2512 δέ
1250 2486 1298 2513 καὶ
1311 2487 1481 2522 Χριστιανῶν
1499 2489 1687 2523 ἀποιχομένων
1700 2489 1820 2523 οὐδεμία

1035 2531 1154 2566 φροντὶς,
1169 2531 1223 2557 οὐδ’
1245 2532 1405 2566 ὑμνολογίας
1430 2533 1609 2570 ὀφειλομένης
1625 2535 1686 2569 ἱερὰ
1705 2535 1819 2570 τελετὴ,

1034 2575 1092 2607 πῶς
1117 2576 1167 2602 οὐκ
1182 2576 1214 2602 ἂν
1239 2577 1406 2607 ἐκὸιάσαιτο,
1430 2579 1473 2604 ἐπ’
1491 2580 1666 2615 οἰκονομίαν,
1689 2580 1743 2606 ἀπὸ
1766 2581 1822 2615 τῆς

1034 2622 1176 2657 ἀκριϐείας
1198 2622 1251 2649 τῶν
1268 2623 1347 2650 θείων
1370 2625 1527 2660 μυστηρίων
1549 2626 1714 2659 ἀποκλίναι;
1743 2626 1823 2652 Ἀλλ’

1036 2668 1099 2698 ἴσως
1115 2667 1201 2693 ταῦτα
1225 2669 1350 2703 mpii:th
1374 2670 1443 2704 πρὸς
1461 2670 1550 2697 είδότα
1577 2671 1676 2705 λέγειν.
1702 2671 1772 2706 Περὶ
1791 2672 1826 2698 δὲ

1034 2714 1088 2739 τῶν
1104 2714 1268 2747 κεφαλαίων,
1294 2716 1385 2742 ἐκεῖνα
1400 2716 1468 2747 τέως
1488 2716 1525 2748 ὡς
1541 2717 1569 2742 ἐν
1585 2717 1672 2752 καιρῷ
1687 2718 1827 2744 ica-remi-

1035 2767 1109 2792 γοντι
1124 2759 1281 2793 τυπωθῆναι
1295 2760 1456 2795 διέγνωμεν.
1473 2762 1550 2788 Ὅσοι
1565 2762 1615 2797 μὲν
1628 2763 1680 2798 πρὸ
1695 2763 1746 2798 τῆς
1759 2764 1827 2790 δια-

1036 2804 1189 2839 μαρτυρίας
1210 2805 1274 2836 τοὺς
1295 2805 1426 2839 διγάμους
1447 2807 1616 2842 ηὐλόγησαν,
1643 2807 1688 2835 διά
1711 2816 1741 2834 τε
1769 2809 1829 2844 τὴν

1036 2849 1157 2883 ἄγνοιαν,
1172 2850 1219 2876 καὶ
1229 2849 1272 2877 διὰ
1284 2850 1314 2877 τὸ
1326 2851 1407 2886 μηδὲν
1421 2852 1496 2886 παρά
1508 2852 1562 2879 τῶν
1576 2852 1735 2880 ἐπισκόπων
1750 2854 1827 2887 περὶ
