1940 3087
142 185 191 242 λῆς
214 204 341 234 τοιαυτης
362 200 592 238 ἐξασφαλισθῆναι
621 206 757 242 πράξεως.

141 241 196 289 τῶν
221 243 342 271 κανόνων
360 246 508 282 ἀλλαχόθεν
531 250 675 286 ἀκρίϐειαν
694 241 802 289 μαθεῖν,
816 241 926 284 οιαὶ-διὰ

141 286 228 314 ταῦτα
241 288 279 324 τῷ
294 291 406 328 τοιούτῳ
427 293 582 331 ὡλίσθησαν
602 298 741 334 πτώματι,
759 302 784 328 οἱ
808 301 925 330 τοιοῦτοι

142 332 261 384 πάντως,
277 336 311 384 εξΔ
331 338 395 372 μήτι
408 339 482 372 ἄλλο,
510 341 569 369 ἀλλ’
594 343 623 370 ὲν
639 332 694 380 ὅσῳ
717 354 749 380 γε
774 347 864 384 χρόνῳ
879 348 925 375 τὸν

140 378 254 429 δίγαμον
266 381 332 429 ’τῆς
353 387 497 419 κοινωνίας
515 388 569 415 τῶν
588 378 711 425 φρικτῶν
723 378 885 429 μυστηρίων
900 396 925 422 οἱ

141 425 219 459 νόμοι
233 426 278 453 τοῦ
296 428 457 465 Πνεύματος
474 435 689 471 ἀποκωλὺουσιν,
699 438 865 475 ὲντοσούτῳ,
878 441 924 468 καὶ

140 471 154 496 ὸ
173 473 334 520 παραλόγως
350 477 400 513 τὴν
415 479 539 514 εὐλογίαν
552 483 609 514 τοῖς
634 471 848 520 συναπτομένοιξ
859 471 923 514 ἔπι-

139 517 239 551 τεθεὶς,
248 520 305 570 ,τῆς
323 523 476 560 ἱερουργίας
486 528 746 564 ἐπισχεοήσεται.Ει
757 517 795 568 μή
813 517 855 565 τις
869 534 924 570 ἄρα

139 566 298 613 κατεπείγει
316 570 395 604 χρεία
409 572 608 610 ἀπαιραίτητος
624 575 704 612 ἄλλη,
720 578 768 604 καὶ
784 566 923 613 παντελιῦς

139 610 353 662 ξοραγμσσύνη,
373 617 418 644 καὶ
438 618 494 653 βίος
507 620 586 653 ἄλλος
601 610 738 659 ἐπίσημος
752 625 800 651 τοῦ
815 610 920 662 ἀνδρόςξ

142 656 176 705 “xi
193 658 324 693 πολλάκις
346 664 422 698 παρὰ
437 667 493 698 τοῖς
506 667 647 703 Πατράσιν
671 656 760 705 ἡμῶν,
774 671 808 698 δι’
821 656 923 698 οἰκονο-

141 701 216 750 μίαν,
239 705 289 739 τῆς
317 707 460 743 ἀκριϐείας
478 701 783 750 ὤφθηπεριγεγονότα,
809 717 856 744 καὶ
876 718 922 744 τὸν

138 747 234 796 χρόνον
261 751 312 786 τῆς
338 754 479 790 ἐπιτιμίας
497 747 651 793 συνάγοντα
667 747 735 796 πρὸς
752 747 782 789 τό
799 762 919 790 ἔλαττον.

138 792 256 845 ξυναῖκα
270 797 298 824 δὲ
316 800 390 836 παρὰ
409 802 458 835 μὲν
472 804 519 830 τοῦ
533 805 679 833 Θεσπεσίου
702 808 807 835 Παύλου
829 818 919 845 μεμα-

138 838 261 890 θήκαμεν
288 845 477 875 ἀποϐαλοῦσαν
494 849 539 876 τὸν
557 851 652 886 ἀνδρα,
668 853 805 889 δευτέροις
820 838 920 890 γάμοις

137 884 268 936 ὁμιλῆραι
294 892 459 929 συγγνώμην
479 884 624 925 λαϐοῦσαν.
641 884 728 926 Πολλὰ
824 884 920 936 τὰ-γυζ

137 932 243 983 ναικεία
256 934 471 972 ἀρρωστήματα,
489 941 537 967 καὶ
548 942 681 970 δυσωπεῖν
699 932 793 979 ἰκανὲι,⁷
803 947 839 982 μὴ
852 932 920 983 προς

136 975 186 1022 τὴν
197 977 279 1011 φύσιν
294 981 348 1008 τῶν
362 984 467 1019 ἀνδρῶν
482 987 530 1022 τὴν
541 989 653 1016 ἐκείνων
668 975 809 1019 ἀσθένειαν
822 975 920 1021 ὲΙκὸιάζ

136 1021 240 1075 ζεσθαι.
259 1026 360 1075 ἷΔνδρα
376 1030 403 1056 δὲ
428 1033 478 1058 οὐκ
494 1021 572 1068 ἴσμεν
597 1036 646 1070 τῆς
660 1037 744 1072 αὐτῆς
758 1026 920 1075 συγγνώμης

135 1069 213 1118 παρὰ
236 1071 291 1097 τῶν
315 1073 502 1104 ἀποστολικῶν
520 1079 669 1111 ἀξιωθέντα
690 1083 863 1118 σπλάγχνων,
879 1069 919 1112 δίὸ

135 1113 182 1140 καὶ
194 1115 225 1141 τδ
241 1117 377 1153 ἐπιτίμιον
402 1122 449 1148 τοῦ
467 1123 515 1157 μὲν
540 1127 656 1158 γυναῖκα
670 1127 785 1163 δίγαμον
802 1130 917 1164 εὐλογή-

136 1166 242 1192 σαντος,
255 1162 271 1196 ἢ
285 1163 339 1189 οὐδ’
351 1164 419 1197 ὅλως
435 1167 451 1202 ἦ
467 1169 533 1195 πολὺ
550 1172 714 1208 κουφότερον
727 1173 802 1200 ἔσται
818 1174 865 1200 τοῦ
878 1175 919 1201 δί-

134 1208 333 1255 γαμοννᾶνδρα
365 1212 572 1249 εὐλογήσαντος.
602 1218 633 1243 Οἱ
659 1218 687 1244 δὲ
709 1219 919 1255 ἁπολελυμένως

134 1251 317 1302 ἁρμοζόμενοι
333 1259 464 1293 γυναιξὶν,
484 1262 601 1297 ἐπείπερ
617 1263 634 1298 ή
651 1265 749 1299 πρᾶξις
764 1266 813 1301 οὐχ
831 1251 916 1302 όιπλῆ,

133 1297 194 1324 οὗτε
210 1300 241 1326 τὸ
258 1302 286 1327 ὲν
308 1303 400 1336 αὐτοῖς
423 1306 560 1342 ἐπιτίμιον
585 1309 692 1343 πρόεισι
715 1313 849 1345 μονοειδές
863 1322 870 1329 ·
887 1314 918 1340 οὺ

136 1346 190 1380 μὴν
211 1347 266 1373 οὐδ’
280 1349 305 1374 οξ
321 1350 433 1383 τούτους
461 1353 636 1387 εὐλογοῦντες
659 1357 710 1383 ὑπὸ
725 1358 789 1392 μίαν
810 1360 917 1387 τελοῦσι

133 1391 223 1442 δίκην.
242 1394 322 1421 Ὅσαι
337 1397 387 1430 μὲν
401 1401 529 1431 γυναῖκες
548 1391 730 1437 ἀπελύθησαν
746 1405 792 1431 τοῦ
811 1406 916 1442 ἀνδρὸς,

133 1437 238 1465 ἐκείνου
254 1441 303 1476 τὴν
319 1442 408 1470 αἰτίαν
433 1447 653 1482 παρασχομένου,
670 1449 713 1483 ἐφ’
728 1447 750 1484 ᾧ
766 1451 813 1485 τῆς
838 1437 918 1486 (labet;

119 1484 185 1532 ’κῇς
211 1485 317 1520 ὁμιλίας
346 1489 360 1523 ἡ
386 1488 513 1517 ἀσθένεια
537 1493 749 1529 κατεκράτησεν,
780 1484 857 1523 αὗται
873 1497 915 1532 δὴ,

133 1527 224 1564 αὗται,
244 1533 268 1558 εἰ
283 1533 333 1567 μὲν
357 1538 505 1570 σωφρονεῖν
525 1538 639 1571 ἓλοιντο,
658 1541 736 1567 τοῦτο
751 1541 877 1576 ἄμεινον·
893 1545 916 1569 εἰ

131 1576 160 1602 δὲ
174 1579 220 1604 καὶ
234 1579 309 1615 ἀνδρὶ
324 1582 509 1610 συνάπτεσθαι
527 1584 672 1619 βούλοιντο,
689 1587 736 1614 καὶ
753 1588 831 1615 τοῦτο
845 1590 915 1615 ἀκα-

131 1622 286 1657 τάγνωστον
312 1627 408 1658 αὐταῖς
434 1637 474 1662 τε,
504 1630 551 1656 καὶ¹
566 1631 593 1657 εῐ
613 1640 686 1663 τινες
702 1633 839 1667 εὑρεθεῖεν
861 1635 916 1660 τῶν

132 1669 237 1706 ἱερέων,
250 1671 293 1698 διὰ
309 1673 358 1708 τῆς
368 1673 492 1708 εὐλογίας
504 1676 549 1702 τὸν
559 1677 646 1712 γάμον
660 1679 847 1713 σεμνύνοντες.
862 1680 916 1706 Καὶ

130 1715 180 1752 τῆς
197 1718 325 1751 γυναικὸς
339 1719 388 1755 τὴν
406 1721 490 1756 αὐτὴν
503 1723 694 1757 παρεχομένης
706 1725 805 1757 αἰτίαν,
821 1723 854 1760 ἧς
868 1726 915 1752 καὶ

129 1762 145 1787 ὁ
157 1761 292 1795 διαλυθεὶς
306 1765 375 1800 ἀνὴρ
386 1766 435 1800 τῆς
454 1767 539 1800 αὐτῆς
559 1767 715 1803 ἐλευθερίας
740 1769 851 1804 ἠξίωτο,
868 1771 916 1797 καὶ

132 1809 148 1842 ἡ
166 1809 256 1844 μικρῷ
279 1810 396 1845 πρόσθεν
422 1813 554 1847 εἰρημένη
580 1814 649 1849 γυνὴ
673 1815 831 1842 ἀπολαύσει.
855 1817 915 1843 Κᾶν

132 1854 208 1889 παρὰ
222 1855 270 1890 τὴν
287 1856 394 1891 ἡλικίαν
408 1857 436 1883 δέ
451 1866 524 1890 τινες
552 1859 592 1890 εἰς
622 1860 768 1895 μνηστείαν
791 1861 915 1894 ἔλθωσιν,

130 1899 191 1927 εἶτα
207 1902 319 1933 τούτους
335 1903 349 1929 ὁ
358 1903 439 1938 νόμος
451 1903 494 1931 διὰ
505 1904 535 1930 τὺ
550 1905 710 1940 παράνομον
729 1907 778 1933 ἀπ’
791 1907 915 1942 ἀλλήλων

128 1946 270 1982 διαστήσῃ,
287 1947 348 1974 οὐδὲ
371 1948 430 1974 τότε
456 1948 509 1974 οὐδ’
536 1949 630 1984 ἕτερον
656 1950 712 1977 τῶν
733 1951 915 1987 διισταμένων

130 1993 294 2028 προσώπων,
306 1994 335 2020 ὲν
350 1993 435 2030 λαῖκῷ
444 1995 567 2030 δηλονότι
575 1996 770 2032 ἐξεταζόμενον
781 1999 913 2034 τάγματι,

128 2039 197 2074 πρὸς
211 2039 304 2075 ἕτερον
322 2040 437 2075 νόμιμον
450 2041 598 2076 ἐρχόμενον
613 2043 702 2078 γάμον
722 2044 837 2077 εὐθύνας
865 2045 916 2080 ὑφ-

129 2083 196 2117 έξει.
221 2084 251 2111 '0
268 2085 357 2120 δὲτὴν
379 2086 583 2122 ἐκϐεϐλημένην
606 2087 653 2114 ἐπὶ
668 2089 775 2125 μοιχείᾳ
797 2091 915 2124 γυναῖκα

128 2130 250 2164 θέμενος,
270 2131 325 2156 εἴτε
340 2132 508 2166 γεγαμηκὼς
518 2133 572 2168 εἴη,
587 2133 642 2160 εἴτε
659 2135 706 2161 καὶ
722 2135 819 2170 γάμων
831 2135 914 2169 ἄγευ-

129 2183 202 2207 στος,
220 2177 312 2210 μοιχός
334 2177 365 2202 τέ
381 2178 451 2210 ἐστι,
468 2178 515 2204 καὶ
529 2179 567 2213 τῷ
583 2180 636 2206 τῶν
659 2180 760 2215 μοιχῶν
784 2181 914 2218 ἐπιτιμίῳ

128 2220 281 2247 ὑπόκειται.
299 2221 331 2247 Εἰ
349 2222 377 2248 δὲ
387 2222 431 2248 διὰ
443 2223 522 2257 μόνον
536 2224 632 2258 ἄλογον
643 2227 723 2260 μῖσος
740 2226 792 2252 ὑπὸ
805 2227 852 2252 τοῦ
864 2228 912 2253 ἁν-

127 2266 190 2301 δρὸς
206 2266 254 2293 καὶ
270 2266 374 2293 ἄκουσα
392 2267 552 2302 ἐξωσθεῖσα,
573 2270 684 2305 ἄμεινον
701 2272 750 2306 μὲν
779 2273 803 2299 εἰ
831 2273 913 2300 πάλιν

128 2313 197 2349 πρὸς
211 2313 256 2339 τὸν
274 2313 339 2340 ἴδιον
356 2315 550 2351 ἐπαναστρέψῃ
564 2315 648 2351 ἄνδρα
661 2324 667 2331 ·
682 2317 706 2343 εἰ
729 2317 757 2344 δὲ
774 2318 824 2353 μὴ,
839 2320 912 2346 ἐκεί-

127 2367 174 2386 νου
193 2359 261 2395 πρὸς
276 2360 375 2394 ἑτέραν
386 2362 502 2394 γυναῖκα
512 2362 685 2397 χωρήσαντος
701 2363 764 2399 ἠδη,
790 2366 914 2399 μοιχείας

130 2405 180 2439 μὲν
196 2405 276 2440 αὓτη,
292 2406 476 2442 συνερχομένη
496 2407 573 2441 ἀνδρὶ
587 2408 681 2443 ἑτέρῳ,
695 2409 745 2435 οὐκ
764 2409 797 2436 ἂν
816 2410 915 2445 ἐγκλή-

131 2461 196 2487 ματι
211 2453 400 2488 περιενεχθείη
411 2461 417 2467 ·
432 2454 462 2480 οὐ
481 2454 573 2488 μέντοι
587 2462 619 2488 γε
631 2456 645 2481 ὁ
660 2455 761 2491 ἱερεὺς,
781 2456 816 2482 τὰ
840 2466 913 2484 νενο-

129 2498 248 2534 μισμένα
264 2499 397 2526 ἐπιτελῶν
414 2501 442 2526 ἐν
467 2500 548 2535 αὐτῇ,
566 2501 597 2527 τὸ
614 2501 825 2536 ἀκατάγνωστον
846 2503 912 2536 ἕξει,

127 2544 197 2572 ἀλλὰ
214 2544 264 2579 τὴν
277 2544 325 2571 τοῦ
349 2545 483 2579 διγάμους
506 2546 706 2581 εὺλογήσαντος
726 2549 913 2584 ὰπαιτηθήσε-

127 2599 173 2618 ται
186 2590 274 2626 δίκην.
290 2591 328 2618 Τὸ
343 2591 371 2618 δὲ
388 2592 417 2625 ἐξ
438 2593 536 2626 ἀλόγου
561 2595 721 2629 συμφωνίας
745 2595 912 2629 διαλύεσθαι,

128 2641 191 2667 ἐπεὶ
205 2640 281 2675 νόμῳ
294 2641 471 2676 κεκωλυμένη
481 2642 497 2677 ἠ
507 2642 620 2677 τοιαύτη
634 2642 721 2677 τόλμα
732 2643 912 2678 καθέστηκεν,

127 2686 190 2713 οὔτε
203 2686 250 2713 τὸν
264 2686 360 2722 ἄνδρα,
374 2687 441 2721 πρὸς
453 2687 496 2713 ἒτε
502 2696 546 2723 ρον
567 2689 764 2724 συνερχόμενον
790 2690 913 2716 συνοικέ-

128 2742 197 2765 σιον,
214 2734 248 2769 ἐᾷ
261 2734 418 2764 ἀνεύθυνον,
433 2734 495 2761 οὔτε
510 2735 558 2770 τὴν
572 2737 691 2769 γυναῖκα
710 2737 914 2772 διαπραττομέ-

129 2789 178 2815 νην
192 2781 222 2807 τὸ
251 2781 318 2808 ἴσον.
348 2780 456 2808 Μᾶλλον
483 2782 533 2816 μὲν
553 2780 600 2809 οὖν
629 2783 675 2810 καὶ
692 2784 784 2810 ποιναὶ
804 2784 912 2819 βαρεῖαι

130 2826 234 2852 κεῖνται
250 2828 305 2859 τοῖς
317 2827 420 2862 νόμοις,
446 2828 470 2854 εἰ
497 2828 609 2864 τοιαύτη
635 2829 734 2865 πρᾶξις
750 2830 790 2861 εἰς
808 2830 912 2865 τόλμαν

129 2870 294 2906 ἀχθήσεται·
312 2873 358 2900 καὶ
372 2873 450 2908 δῆλον
463 2873 500 2906 ὡς
513 2874 559 2901 ἐπὶ
571 2876 627 2907 τοῖς
643 2875 773 2907 τοιούτοις
791 2882 912 2904 συνοικε-

720 151 987 185 EPISTOLARUM
1007 157 1123 190 LIBER
1142 163 1166 192 Ι.

1713 173 1764 205 786

786 210 926 267 μήτε1
940 215 965 243 Δ
978 222 1114 245 canonum
1129 219 1303 255 disciplinam
1318 224 1456 257 noverim,
1478 230 1506 253 ct
1518 232 1672 267 ‘proptcrea
1696 229 1763 264 lapsi

980 261 1044 295 sint,
1070 263 1098 290 hi
1121 265 1244 300 omnino,
1269 268 1290 294 si
1316 269 1384 296 nihil
1407 270 1491 303 aliud,
1514 261 1620 306 saltem,
1643 261 1762 308 quandiu

979 307 1115 343 digamum
1129 310 1204 345 leges
1218 312 1374 347 spirituales
1388 317 1593 345 tremendorum
1618 307 1762 354 mvsterio-

979 361 1038 380 rum
1062 356 1256 384 communione
1279 359 1436 393 prohibent,
1466 363 1559 390 tandiu
1584 368 1612 390 et
1626 365 1688 398 ipsi,
1714 366 1761 400 qui

980 399 1141 435 conjugibus
1163 407 1263 438 praeter
1282 405 1414 434 rationem
1437 407 1655 437 benedictionem
1674 399 1761 446 impo-

977 451 1100 479 suerunt,
1127 449 1212 476 sacris
1239 449 1372 479 faciendis
1395 453 1581 482 abstinebunt.
1609 455 1668 482 Nisi
1700 464 1761 491 qua:

977 491 1028 518 alia
1043 492 1221 528 implacabilis
1242 501 1336 531 urgeat
1350 499 1510 532 necessitas,
1525 504 1554 527 et
1571 501 1684 528 omnino
1704 502 1759 530 vita

976 538 1103 572 hominis,
1119 545 1176 568 tum
1194 543 1350 577 tranquilla,
1363 549 1421 572 tum
1441 546 1588 574 notabilis:
1601 555 1661 582 qua:
1673 556 1759 583 sazpe-

975 591 1092 612 numero
1106 586 1177 620 apud
1190 587 1283 615 Patres
1294 594 1404 618 nostros
1418 591 1555 626 aequitatis
1573 592 1685 626 intuitu,
1705 601 1760 628 prae

975 638 1071 662 exacto
1087 641 1192 663 canone
1206 636 1358 665 obtinuisse
1370 644 1488 672 constat,
1500 645 1529 668 et
1548 649 1671 670 censurae
1688 646 1758 670 tem-

976 686 1028 713 pus
1047 680 1233 709 abbreviasse.
1258 683 1397 712 Mulierem
1419 691 1520 716 autem.
1533 687 1593 714 viro
1618 688 1757 716 defuncto.

974 727 1102 754 novimus
1111 728 1219 763 quidem
1234 737 1251 756 a
1264 730 1394 758 divinitus
1407 732 1540 767 inspirata
1553 733 1638 760 Paulo
1650 735 1757 762 veniam

974 773 1100 808 adeptam
1121 775 1256 802 secundas
1280 776 1391 811 nuptias
1417 778 1546 806 adeundi.
1573 779 1664 807 Multa:
1683 781 1757 808 enim

974 824 1039 847 sunt
1047 821 1190 849 mulierum
1201 821 1385 855 inﬁrmitates,
1396 831 1457 858 quae
1465 825 1597 859 pudorem
1611 825 1757 859 incutiant,

973 871 1007 898 ad
1026 876 1150 899 naturam
1165 873 1271 900 virilem
1285 881 1378 901 eorum
1393 875 1606 904 imbecillitatem
1617 877 1756 912 exigendi.

974 916 1067 944 Virum
1079 921 1170 945 autem
1187 926 1202 945 a
1215 919 1366 947 visceribus
1378 921 1536 955 apostolicis
1552 922 1647 950 eadem
1665 923 1757 950 indul-

971 962 1061 997 gentia
1079 963 1184 999 dignari
1205 972 1261 991 non
1278 965 1413 993 novimus.
1437 966 1563 995 Censura
1587 968 1670 1003 igitur
1695 969 1755 1004 eju:

971 1009 1017 1042 qui
1038 1010 1144 1037 mulieri
1158 1011 1271 1046 digamze
1285 1012 1466 1044 benedixerit.
1483 1015 1525 1041 vel
1541 1015 1614 1042 nulla
1632 1016 1755 1049 omnino,

970 1055 1013 1082 vel
1038 1056 1142 1088 mitior,
1157 1064 1236 1091 quam
1256 1058 1315 1092 ejus
1336 1059 1381 1093 qui
1394 1059 1463 1086 viro.
1478 1059 1529 1092 Qui
1557 1065 1648 1087 autem
1673 1061 1753 1088 abso-

970 1106 1026 1132 lute
1047 1106 1250 1141 conjunguntur
1272 1108 1441 1140 mulieribus,
1459 1110 1587 1144 quoniam
1611 1119 1667 1137 non
1689 1112 1754 1138 sim-

969 1151 1032 1184 plex
1046 1152 1118 1178 actio
1135 1157 1187 1183 est,
1212 1153 1327 1186 proinde
1348 1162 1398 1181 nec
1415 1155 1561 1183 uniformis
1571 1161 1613 1183 est
1625 1165 1752 1189 censura,

970 1205 1022 1224 nec
1037 1197 1082 1232 qui
1099 1198 1164 1232 ipsis
1174 1199 1340 1226 benedicunt
1354 1201 1405 1228 sub
1420 1209 1501 1228 unam
1517 1211 1624 1237 poenam
1639 1204 1751 1232 cadunt.

970 1243 1035 1275 Qua:
1047 1244 1157 1278 quidem
1170 1245 1267 1272 mulier
1278 1254 1292 1272 a
1308 1247 1366 1272 viro
1386 1247 1496 1274 dimissa
1508 1253 1560 1279 est,
1574 1249 1631 1283 ipso
1645 1257 1752 1276 causam

972 1293 1130 1322 praestante,
1151 1290 1223 1323 quod
1249 1291 1381 1318 naturalis
1403 1300 1565 1326 congressus
1594 1293 1752 1327 impotentia

971 1340 1120 1368 teneretur,
1135 1336 1176 1364 hic
1187 1337 1209 1364 si
1227 1338 1371 1365 continere
1387 1339 1526 1373 elegerint,
1540 1340 1636 1367 melius
1649 1340 1747 1374 fuerit;

969 1381 1041 1415 quod
1062 1382 1082 1408 si
1106 1383 1260 1418 verojungi
1287 1383 1434 1416 voluerint,
1457 1392 1508 1411 nec
1529 1385 1594 1411 illud
1617 1385 1746 1412 condem-

969 1427 1106 1454 nationem
1123 1428 1150 1454 in
1170 1428 1237 1462 ipsis
1254 1429 1345 1461 habet,
1361 1437 1413 1456 nec
1433 1430 1454 1456 si
1470 1430 1530 1464 quis
1545 1431 1673 1458 sacerdos
1697 1439 1748 1458 nu—

970 1473 1039 1507 ptias
1058 1481 1151 1500 earum
1170 1474 1361 1503 benedictione
1382 1476 1504 1503 honoret.
1522 1476 1597 1509 Quod
1609 1476 1629 1503 si
1654 1477 1752 1504 femina

969 1520 1091 1546 eamdem
1105 1528 1214 1548 causam
1232 1525 1351 1559 prmstat,
1370 1523 1465 1550 eadem
1484 1523 1611 1551 libertate
1626 1524 1751 1559 praedicta

930 1565 953 1595 C
968 1566 1084 1597 fruatur,
1099 1574 1151 1601 qua
1174 1558 1249 1601 prius
1265 1568 1383 1595 solutum
1407 1569 1496 1596 virum
1523 1558 1631 1604 dignati
1647 1577 1751 1596 sumus.

967 1612 1046 1644 Quod
1061 1613 1082 1639 si
1102 1613 1148 1647 qui
1166 1619 1264 1648 pra-ter
1277 1618 1385 1640 aetatem
1401 1613 1557 1649 desponsati
1572 1615 1637 1645 sint.
1649 1615 1749 1642 deinde

970 1663 1012 1689 lex
1042 1662 1114 1697 ipsos
1137 1668 1266 1698 tanquam
1295 1669 1394 1698 prmter
1419 1663 1504 1699 legem
1521 1665 1679 1699 coniunctos
1709 1672 1752 1691 se-

968 1709 1114 1743 paraverit,
1129 1713 1195 1736 tunc
1221 1713 1318 1736 neutra
1344 1717 1523 1743 personarum
1543 1709 1751 1742 discedentium,

967 1762 1027 1788 qum
1043 1755 1154 1789 quidem
1170 1755 1196 1781 in
1215 1755 1310 1781 ordine
1331 1754 1401 1781 laico
1415 1758 1573 1787 censentur,
1590 1754 1612 1781 si
1633 1755 1666 1781 ad
1686 1755 1752 1782 alias

967 1801 1101 1837 legitimas
1121 1801 1231 1836 nuptias
1252 1801 1374 1834 accedat,
1396 1808 1540 1828 censuram
1564 1801 1677 1828 subibit.
1700 1801 1751 1834 Qui

967 1851 1057 1874 autem
1080 1847 1116 1874 ob
1132 1847 1297 1874 adulterium
1309 1846 1425 1882 ejectam
1444 1854 1554 1873 uxorem
1571 1846 1678 1879 fecerit,
1694 1846 1752 1873 sive

967 1893 1131 1928 conjugatus
1159 1893 1216 1921 sive
1243 1893 1352 1926 caelebs,
1378 1893 1483 1920 adulter
1497 1898 1548 1924 est,
1574 1897 1601 1920 et
1625 1892 1751 1920 adulterii

968 1950 1091 1970 censura:
1106 1943 1237 1978 subjacet.
1267 1943 1344 1976 Quod
1365 1943 1387 1971 si
1413 1944 1501 1970 solmn
1525 1949 1637 1978 propter
1660 1943 1751 1970 odium

967 1990 1033 2016 citra
1052 1990 1184 2017 rationem
1196 1998 1211 2016 a
1228 1990 1286 2017 viro
1298 1990 1381 2017 invita
1396 1990 1506 2024 expulsa
1524 1990 1568 2022 sit,
1582 1989 1677 2016 melius
1699 1989 1752 2015 erit

966 2036 988 2063 si
1000 2036 1033 2062 ad
1047 2043 1126 2063 suum
1142 2036 1231 2063 virum
1247 2040 1418 2063 revertatur:
1443 2036 1485 2062 sin
1509 2035 1571 2067 hoe,
1597 2036 1669 2070 quod
1693 2034 1751 2069 ipse

966 2081 1000 2108 ad
1014 2081 1080 2108 alias
1094 2089 1123 2108 se
1141 2082 1251 2116 nuptias
1263 2082 1318 2116 jam
1336 2081 1509 2116 applicuerit,
1532 2081 1590 2108 ﬁeri
1613 2089 1668 2108 non
1687 2089 1750 2115 pos—

967 2127 1013 2160 sit,
1035 2127 1160 2154 adulterii
1181 2128 1237 2162 ipsa
1262 2128 1381 2160 crimini,
1406 2135 1467 2155 cum
1487 2128 1540 2155 alio
1564 2127 1623 2154 viro
1643 2127 1750 2162 juncta,

966 2172 1084 2200 obnoxia
1098 2180 1152 2200 non
1173 2174 1243 2200 erit:
1259 2177 1286 2200 at
1298 2181 1364 2200 vero
1378 2173 1518 2204 sacerdos,
1536 2173 1584 2207 ipsi
1599 2172 1649 2199 rite
1668 2173 1749 2199 bene-

967 2224 1071 2256 dicens,
1085 2231 1168 2258 super
1180 2223 1237 2257 ipsa
1251 2223 1346 2250 insons
1359 2230 1413 2249 non
1427 2223 1490 2254 erit,
1504 2223 1551 2249 sed
1566 2230 1674 2256 palmam
1691 2222 1750 2255 ejus

967 2258 1106 2304 prmstabit
1128 2269 1175 2304 qui
1193 2269 1307 2304 (ligantis
1319 2268 1499 2296 benedixerit.
1524 2267 1597 2294 Citra
1615 2268 1750 2294 ratione":

965 2321 1056 2343 autem
1071 2324 1086 2342 ιι
1100 2315 1227 2351 coniugio
1241 2315 1391 2347 discedere,
1408 2316 1478 2348 quo‘d
1495 2322 1590 2341 ausum
1613 2315 1670 2349 lege
1688 2322 1750 2348 pro—

966 2362 1082 2389 hibitum
1098 2367 1150 2395 est,
1172 2369 1261 2397 neque
1276 2361 1376 2393 virum,
1395 2361 1428 2388 ad
1454 2361 1520 2388 alias
1543 2361 1652 2394 nuptias
1674 2367 1752 2399 acce-

966 2409 1086 2440 dentem,
1112 2407 1247 2435 insontem
1272 2407 1396 2439 dimittit,
1423 2415 1512 2442 neque
1538 2407 1669 2434 feininam
1691 2402 1751 2440 qum

965 2459 1037 2486 idem
1053 2459 1142 2486 faciat.
1158 2458 1227 2491 Quin
1240 2458 1331 2493 potius
1344 2465 1439 2493 graves
1456 2465 1542 2492 paena
1554 2456 1658 2492 legibus
1689 2464 1752 2482 con-

966 2506 1067 2533 stituta:
1086 2510 1159 2538 sunt,
1178 2505 1201 2532 si
1219 2505 1279 2539 quis
1303 2505 1356 2532 hoc
1368 2504 1461 2532 facere
1489 2511 1573 2530 ausus
1599 2503 1690 2530 fuerit.
1717 2502 1750 2529 Et

965 2552 1139 2580 manifestum
1154 2557 1196 2578 est
1219 2551 1399 2581 sacerdotem.
1418 2550 1463 2585 qui
1478 2549 1605 2580 adfuerit,
1621 2554 1649 2576 et
1673 2557 1749 2575 sacra

965 2600 1016 2627 rite
1051 2598 1229 2626 celebraverit
1266 2598 1293 2624 in
1321 2596 1476 2632 huiusmodi
1506 2596 1609 2631 nuptiis
1636 2595 1750 2623 omnino

965 2648 1069 2675 honore
1105 2654 1154 2673 suo
1192 2645 1267 2680 iuxta
1302 2652 1425 2672 exactam
1457 2651 1593 2671 canonum
1628 2641 1749 2676 discipli-

966 2701 1028 2722 nam
1061 2693 1197 2720 excidere.
1233 2691 1287 2719 Sed
1323 2692 1382 2718 haec
1414 2691 1542 2718 festinate
1577 2688 1752 2724 pronuntiata

964 2739 1041 2772 sint;
1073 2739 1145 2774 quod
1181 2746 1241 2773 quas
1280 2737 1427 2772 inopinata:
1461 2734 1652 2770 iliseeptationi
1685 2742 1752 2768 pro-

965 2787 1052 2822 posita
1067 2790 1147 2812 erant
1165 2784 1394 2812 considerationis
1406 2790 1512 2810 moram
1540 2789 1596 2808 non
1624 2780 1750 2807 ferrent:

964 2836 1037 2872 quod
1054 2836 1075 2863 si
1097 2835 1163 2871 quid
1179 2835 1254 2862 aliud
1267 2837 1357 2861 vestra
1377 2833 1490 2861 solertia
1505 2831 1629 2868 diligenti
1648 2831 1754 2866 disqui-

965 2887 1065 2915 sitione
1086 2887 1267 2920 perspexerit,
1291 2885 1411 2913 obtineat
1436 2883 1509 2920 quod
1529 2884 1625 2913 melius
1646 2887 1697 2911 est.
1719 2882 1752 2910 ιιι
