1940 3087
193 158 244 189 787
767 154 898 191 ΡΗΟἸἾῙ
916 159 986 190 ΡΑΤ

1039 157 1163 189 meum
1181 158 1234 188 ΟΡ.
1748 149 1800 181 788

195 220 245 240 nos
274 212 355 240 etiam
382 213 515 245 fortassis,
547 212 643 240 laxiori
672 217 796 248 tempore
830 219 972 244 concesso,

1039 211 1092 243 ’ίοις
1103 210 1296 246 εὑρισκόμενος
1311 209 1325 235 ὁ
1337 208 1437 244 ἱερεὺς,
1449 206 1538 234 καὶτὰ
1552 203 1731 241 νενομισμένα
1743 206 1800 236 τοϊς

195 259 316 287 exactius
334 259 437 293 aliquid
451 258 636 293 dispiciemus.

1040 256 1120 291 ἁμοις
1136 255 1231 288 τελῶν,
1245 254 1384 286 παντελῶς
1407 253 1456 289 τῆς
1472 253 1540 285 ἰδίας
1559 251 1643 288 τιμῆς
1664 250 1735 278 κατὰ
1752 250 1801 285 τὴν

195 306 249 333 τῶν
270 306 390 333 κανόνων
415 306 573 332 ἐκπεσεῖται
602 305 755 340 ἀκρίϐειαν.
787 304 868 332 Ἀλλὰ
886 303 973 331 ταῦτα
993 304 1042 338 μὲν
1057 303 1089 329 τδ
1120 303 1201 338 τάχος
1215 300 1277 329 εἷπε
1289 310 1296 318 ·
1307 302 1354 329 καὶ
1371 301 1402 328 τδ
1414 295 1580 336 ἀμελέτητόν
1592 308 1622 327 τε
1639 299 1685 326 καὶ
1700 299 1803 333 ἀπροσ-

195 353 306 387 δόκητον
326 352 380 378 τῶν
407 350 593 386 προτεθέντωλι
614 350 655 382 εἰς
675 349 806 385 ζήτησιν
832 349 858 376 εί
877 349 906 375 δέ
927 357 954 375 τι
972 347 1037 374 ἄλλο
1055 347 1266 382 ἐπιμελέστερον
1291 347 1308 381 ὴ
1340 345 1462 381 ὑμετέρα
1494 344 1600 375 σύνεσις
1614 342 1802 370 ἐπισκοποῦσα

195 400 306 432 κατίδοι,
322 399 422 427 νικάτω
437 399 468 426 τὸ
490 399 613 435 ἄμεινον.
636 398 692 425 Καὶ
715 397 795 433 ἡμεὶς
810 397 838 424 δέ
847 397 912 428 ίσως
924 396 953 422 ἐν
971 395 1132 431 πλατυτέρφ
1143 395 1232 431 καιρῷ
1246 394 1440 430 ἀκριϐέστερόν
1451 403 1477 421 τι
1489 393 1553 421 ἀλλο
1564 392 1801 428 ὲπιθεωρήσομεν.

491 468 599 498 EPIST.
616 469 676 498 XX.

1322 466 1434 493 ΕΠΙΣΤ.
1462 466 1505 493 ις’.

814 527 886 553 Edita
895 532 910 552 ει
920 526 1069 552 Montacutio
1080 526 1115 557 (p.
1130 524 1196 556 588).

232 583 346 619 Scripsit
358 583 487 611 sanctitas
499 587 546 611 tua
566 583 601 611 de
618 582 793 619 quibusdam;
805 582 902 618 polluti
921 581 976 610 cibi

197 638 246 658 esu
278 628 469 657 contaminatis
493 636 598 657 :eausa
621 633 712 656 autem
736 627 975 656 contaminationis

198 678 259 701 erat
286 672 432 708 ejusmodi.
456 672 565 700 [verant
588 672 696 708 gentilis
715 671 857 708 cujusdam
879 679 977 698 monu-

198 723 322 746 mentum
347 718 478 746 refossuri
493 718 526 745 ad
545 718 723 746 inveniendas
743 718 873 754 pecunias
891 726 899 745 :
915 724 978 744 cum

197 769 289 793 autem
314 764 450 792 incassum
470 764 635 795 laborarent,
651 771 703 792 nec
723 764 871 799 quidquam
899 763 977 790 inve-

198 810 298 843 nirent,
319 810 445 838 dixerunt
459 809 530 837 inter
543 816 614 842 sese,
627 809 681 837 nisi
701 817 795 838 canem
817 813 976 839 mactemus,

200 860 229 883 et
245 855 279 883 de
287 856 415 883 carnibus
424 856 483 890 ejus
491 860 640 891 gustemus,
651 863 706 882 non
717 855 973 883 reddctnobisterra
990 842 1012 872 Β

199 902 272 936 quod
286 901 442 936 quaerimus.
474 901 571 929 Statim
589 901 689 929 factum
711 905 754 929 est
775 901 848 936 quod
875 900 978 928 dictum

200 951 271 974 erat.
287 947 355 974 Cum
382 947 473 982 itaque
495 946 528 974 ad
548 946 686 974 interdicti
709 947 763 974 cibi
785 945 977 974 conscientiam

200 992 349 1023 venissent.
365 993 480 1027 genibus
500 992 619 1027 episcopi
640 991 795 1020 accidentes
817 991 979 1019 medicinam

200 1037 347 1073 petierunt,
373 1042 400 1065 et
421 1038 558 1065 commissi
581 1038 683 1073 peccati
697 1037 902 1073 indulgentiam.
918 1035 981 1064 Haec

201 1084 265 1109 sunt
280 1090 340 1117 qua:
354 1082 461 1117 pietatis
476 1087 529 1110 tua:
542 1082 639 1109 litterae
653 1087 775 1109 narrant.
793 1081 828 1109 Et
846 1082 879 1109 de
892 1081 943 1109 hac
951 1089 981 1109 re

202 1128 318 1156 formula
344 1129 378 1155 ab
400 1129 520 1156 Ecclesia
545 1128 693 1156 constituta
725 1133 779 1161 est,
805 1128 982 1163 quadraginta

201 1175 306 1202 dierum
323 1175 493 1210 paenitentia,
507 1180 535 1203 et
548 1176 674 1210 precibus
685 1174 846 1210 quibusdam
867 1173 980 1206 absolvi,

201 1218 248 1254 qui
278 1218 343 1246 huic
365 1219 474 1246 crimini
507 1219 599 1247 innexi
631 1223 705 1246 sunt.
736 1218 982 1246 Praesens'autem

202 1263 297 1300 polluti
317 1266 370 1294 cibi
391 1266 564 1302 participatio
582 1266 695 1294 alterius
719 1266 860 1301 cujusdam
885 1265 984 1298 impie-

203 1311 268 1340 tatis
284 1312 427 1340 misturam
443 1312 537 1341 habet.
555 1311 701 1347 Propterea
717 1312 790 1340 enim
811 1311 983 1338 contamina-

203 1360 260 1384 tum
275 1358 366 1386 cibum
381 1358 524 1393 attingere,
548 1363 578 1385 ut
598 1363 669 1385 terra
695 1358 857 1393 placaretur,
887 1364 985 1385 secun-

203 1398 323 1430 cundum
338 1403 463 1430 insanam
485 1404 604 1438 ipsorum
628 1404 796 1439 opinionem,
825 1403 928 1431 crimen
955 1403 984 1430 in

203 1448 292 1483 majus
312 1449 434 1476 attollit:
454 1449 560 1477 etiamsi
583 1450 642 1477 sine
674 1449 805 1484 gravioris
836 1448 985 1484 impietatis

203 1495 376 1530 cogitatione,
391 1496 424 1523 ad
434 1495 504 1523 hanc
513 1496 669 1531 opinionem
683 1495 985 1524 accesserunt.Verum—
997 1510 1020 1540 ς

205 1543 297 1568 tamen
316 1546 344 1569 et
356 1541 499 1569 hominum
519 1549 620 1574 mores,
647 1546 674 1569 et
692 1541 812 1576 reliquus
831 1541 893 1568 vita:
917 1545 985 1569 acta:

206 1591 294 1620 tenor,
315 1591 342 1615 et
353 1587 437 1615 animi
449 1588 618 1622 constitutio,
635 1593 694 1616 tum
707 1587 819 1621 mentis,
836 1588 899 1626 sive.
918 1588 986 1615 sim-

205 1633 315 1668 plicitas
339 1633 397 1661 sive
417 1634 539 1666 solertia,
564 1634 606 1661 vel
633 1634 782 1669 producere
803 1637 892 1670 potest
918 1638 986 1661 tem-

206 1687 258 1714 pus
282 1680 324 1707 vel
353 1684 460 1708 curtare
478 1687 485 1706 :
500 1688 562 1708 cum
585 1680 700 1708 fortasse
718 1685 780 1716 post
807 1680 987 1716 quadraginta

207 1725 265 1752 dies
277 1725 401 1761 imposita
425 1734 539 1755 censura
555 1727 601 1754 sit.
617 1726 696 1760 Quod
715 1727 739 1754 si
759 1726 878 1754 secunda
896 1726 985 1761 aliqua

207 1766 329 1799 deﬁnitio
352 1772 526 1807 producenda
545 1777 598 1806 est,
611 1773 740 1808 sepositis
760 1772 984 1803 circumstantiis.

206 1826 267 1853 quae
278 1818 452 1853 producendo
464 1819 506 1846 vel
521 1819 653 1846 curtando
665 1818 779 1854 tempori
795 1825 905 1846 causam
918 1825 987 1853 prte-

206 1863 282 1894 bent,
304 1863 338 1891 ad
367 1868 423 1892 tres
451 1864 556 1892 dierum
582 1864 770 1899 quadragenas
789 1863 873 1891 multa
890 1870 986 1890 eorum

207 1908 254 1943 qui
279 1909 307 1935 in
337 1909 389 1936 hoc
415 1909 529 1937 crimine
557 1909 720 1945 deprehensi
743 1913 817 1941 sunt,
839 1907 985 1943 redigenda

208 1955 280 1982 erit:
294 1960 390 1989 praeter
403 1956 532 1990 reliquam
549 1957 637 1984 victus
664 1954 864 1988 austeritatem,
881 1959 908 1983 et
932 1960 987 1984 tre-

210 2000 369 2030 mendorum
383 2001 573 2036 mysteriorum
590 2001 791 2029 abstinentiam.

506 2070 615 2099 EPIST.
633 2071 703 2099 XXI.

1064 579 1187 616 Ἔγραψέ
1199 584 1246 606 σου
1259 577 1276 615 ὴ
1292 578 1401 614 ὁσιότης
1411 577 1477 613 περί
1486 583 1568 604 τινων
1580 574 1806 614 μιαροφαγησάν·

1027 635 1093 654 των.
1115 626 1147 653 Ἦ
1167 624 1197 652 δὲ
1213 625 1288 653 αίτία
1311 626 1362 660 τῆς
1387 623 1571 659 μιαροφαγίας
1596 623 1653 650 ἐστι
1679 623 1805 660 τοιαύτηο

1029 670 1301 707 ΤύμϐονἘλληνικὺν
1315 671 1434 706 ἀπῆλθον
1448 668 1569 705 διορύξαι
1582 669 1650 706 πρὸς
1663 669 1807 705 ἀνεύρεσιν

1029 717 1193 754 χρημάτων·
1210 715 1456 753 ματαιοπονοῦντες
1468 715 1497 742 δέ
1509 714 1557 742 καὶ
1571 714 1653 750 μηδὲν
1670 715 1810 750 εὑρίσκον-

1028 773 1085 797 τες,
1099 762 1175 790 εἶπεν
1189 762 1305 795 ἕκαστος
1316 762 1384 798 πρὸς
1395 762 1441 789 τὸν
1453 761 1565 796 πλησίον
1577 761 1669 793 αὑτοῦ,
1687 761 1727 787 ὃτι
1743 761 1810 788 Ἐὰν

1031 809 1069 846 μὴ
1083 809 1229 845 σφάξωμεν
1246 809 1325 841 κύνα,
1340 808 1387 835 καὶ
1403 809 1435 834 ἐκ
1447 807 1502 834 τῶν
1517 807 1607 842 κρεῶν
1623 807 1705 834 αὑτοῦ
1731 806 1809 841 ἁ.ψὼ-

1030 855 1112 891 μεθα,
1134 857 1164 882 οὐ
1185 855 1222 891 μὴ
1248 855 1376 882 ἐπιδώσει
1399 855 1467 889 ἡμῖν
1484 854 1550 889 ήγῆ
1574 853 1605 880 τὸ
1631 852 1810 888 ζητούμενον.

1027 903 1130 930 Λύτίκα
1143 901 1208 936 γοῦν
1224 902 1238 928 ὁ
1264 902 1343 936 λόγος
1360 901 1400 932 εἰς
1417 900 1496 937 ἔργον
1521 899 1636 935 προέϐη.
1663 899 1811 926 Ἐλθόντων

1028 948 1074 975 οὖν
1087 949 1127 979 είς
1145 947 1272 983 αἴσθησιν
1283 947 1333 982 τῆς
1346 945 1577 982 ἁπηγορευμένης
1592 945 1730 981 βρώσεως,
1753 947 1810 977 τοῖς

1029 994 1093 1021 ποσὶ
1104 994 1272 1029 προσέπεσον
1282 993 1328 1019 τοῦ
1339 992 1499 1025 ἐπισκόπου,
1509 991 1666 1026 σιτούμενοι
1679 991 1810 1025 ἰατρείαν,

1030 1039 1078 1066 καὶ
1090 1039 1167 1066 λύσιν
1181 1039 1227 1066 τοῦ
1251 1038 1483 1074 παραπτώματος.
1510 1038 1602 1064 Ταῦτα
1630 1037 1768 1072 διήγγειλε
1781 1036 1812 1063 τὸ

1030 1083 1149 1118 γράμμα
1161 1083 1211 1118 τῆς
1227 1083 1277 1117 σῆς
1291 1083 1436 1115 εὐλαϐείας
1448 1091 1455 1098 ·
1471 1083 1519 1109 καὶ
1531 1082 1596 1118 περὶ
1613 1082 1708 1109 τούτου
1728 1081 1812 1113 τύπος

1033 1129 1082 1164 μέν
1106 1129 1180 1156 ἐστιν
1195 1128 1431 1164 ἐκχλησιαστικῢς,
1447 1127 1491 1155 διὰ
1520 1127 1812 1163 τεσσαρακονθημέρου

1032 1174 1181 1209 ἐπιτιμίου,
1192 1174 1238 1201 καί
1253 1183 1334 1201 τινων
1349 1174 1448 1209 εὐχῶν,
1464 1173 1623 1201 διαλύεσθαι
1641 1172 1704 1205 τοὺς
1725 1172 1812 1200 ἑαλω-

1032 1221 1114 1252 κότας
1134 1220 1173 1255 τῷ
1195 1220 1357 1255 ἐγκλήματι.
1380 1220 1413 1247 Ἥ
1437 1220 1466 1247 δέ
1494 1216 1620 1254 παροῦσα
1646 1219 1813 1254 μιαροφαγία

1032 1266 1150 1302 ἔχεικαὶ
1170 1266 1266 1301 ἐτέρας
1280 1266 1351 1298 τινὸς
1373 1266 1500 1298 ἀσεϐείας
1521 1265 1672 1301 ἐπιμιξίαν.
1698 1264 1735 1292 Τὸ
1758 1265 1813 1300 γὰρ

1032 1312 1114 1338 ’ἑνεκα
1123 1311 1218 1338 τούτου
1235 1312 1447 1346 μιαροφσγῆσαι,
1465 1311 1536 1338 ὥστε
1553 1311 1604 1347 τὴν
1615 1312 1670 1347 γῇν
1692 1309 1814 1346 Expetu-

1033 1356 1141 1390 ξασθαι,
1156 1357 1226 1383 κατὰ
1243 1357 1292 1391 τὴν
1315 1357 1427 1383 ἐκείνων
1449 1356 1499 1391 τῆς
1521 1357 1651 1388 ἀπονοίας
1675 1356 1813 1388 ὑπόνοιαν,

1033 1402 1109 1435 αὒξει
1125 1402 1205 1429 πλέον
1219 1403 1250 1430 τὸ
1271 1402 1410 1437 ἐγκλημω
1423 1402 1474 1429 κᾶν
1484 1402 1547 1429 ἄνευ
1568 1401 1706 1437 λογισμῶν
1732 1410 1815 1429 τινων

1034 1449 1253 1485 δυσσεϐεστέρων
1267 1449 1335 1486 πρὸς
1346 1449 1396 1484 τὴν
1412 1449 1541 1484 τοιαύτην
1552 1449 1686 1484 ὑπόληψιν
1713 1455 1816 1483 κατην-

1035 1497 1162 1533 έχθησαν.
1170 1497 1244 1532 Πλήν
1255 1505 1286 1531 γε
1296 1497 1344 1523 καὶ
1357 1496 1412 1523 τῶν
1425 1496 1529 1531 ἀνδρῶν
1542 1495 1572 1522 τὸ
1580 1493 1655 1532 ἦθος,
1664 1495 1710 1522 καὶ
1720 1495 1736 1530 ἡ
1748 1495 1816 1530 ἄλλη

1034 1544 1081 1570 τοῦ
1100 1543 1157 1577 βίου
1181 1542 1314 1577 διαγωγὴ,
1330 1543 1378 1568 καὶ
1401 1542 1578 1572 κατάστασις,
1591 1541 1639 1567 καὶ⁵
1661 1541 1678 1574 ή
1693 1540 1743 1574 τῆς
1756 1540 1817 1566 δια-

1036 1591 1110 1621 νοίας
1126 1588 1274 1624 ἁπλότηςῆ
1296 1588 1425 1623 δεινότης,
1449 1588 1561 1615 δύναται
1585 1585 1818 1618 πολυπλασιάζειν

1036 1637 1083 1664 καὶ
1096 1635 1253 1669 συντέμνειν
1263 1642 1270 1649 ·
1289 1633 1344 1660 εἴτε
1355 1634 1401 1661 καὶ
1417 1633 1485 1669 μετὰ
1494 1632 1698 1668 τεσσαράκοντα
1711 1631 1819 1666 ἡμέρας

1038 1681 1147 1716 ἐπιτεθῇ
1163 1681 1254 1712 αὐτοῖς
1265 1680 1412 1715 ἐπιτίμιον.
1426 1679 1457 1705 Εἰ
1473 1678 1501 1705 δέ
1517 1678 1557 1705 δεῖ
1568 1687 1594 1704 τι
1607 1677 1655 1704 καὶ
1671 1676 1820 1710 κεφάλαιον

1038 1728 1164 1762 δεύτερον
1177 1727 1274 1758 εἰπεῖν,
1286 1725 1350 1752 ἄνευ
1361 1724 1415 1752 τῶν
1428 1723 1629 1758 ἐπιτεμνόντων
1648 1722 1665 1758 ἢ
1685 1721 1821 1757 μηκυνόν-

1039 1783 1092 1800 των
1102 1773 1132 1800 τὸ
1147 1773 1264 1807 πρᾶγμα
1279 1770 1480 1806 περιστατικῶν
1493 1769 1599 1801 αἰτιῶν,
1616 1768 1657 1800 είς
1667 1769 1741 1803 τρεῖς
1757 1775 1821 1794 τεσ-

1040 1818 1222 1854 σαρακοστὰς,
1236 1818 1252 1853 ὴ
1268 1816 1401 1851 ἐπιτιμία,
1418 1815 1480 1848 τοὺς
1494 1815 1541 1841 ἐπὶ
1553 1815 1587 1849 τῇ
1608 1813 1741 1848 εἰρημένῃ
1757 1821 1822 1847 μια-

1041 1864 1160 1900 ροφαγίᾳ
1172 1863 1336 1894 ἑαλωκότας.
1352 1862 1525 1897 περιστήσει·
1544 1861 1603 1895 ἅμα
1614 1861 1647 1895 τῇ
1665 1859 1733 1894 ἄλλῃ
1750 1858 1824 1885 κατὰ

1040 1911 1203 1947 τὴν¹δίαιταν
1225 1909 1430 1946 σκληραγωγίᾳ,
1442 1908 1489 1936 καὶ
1510 1908 1543 1943 τῇ
1563 1906 1619 1934 τῶν
1633 1905 1753 1942 φρικτῶν
1767 1913 1823 1938 μυ-

1042 1957 1160 1994 στηρίων
1173 1956 1357 1985 ἀποκωλύσει.

1336 2069 1448 2097 ΕΠΙΣΤ.
1466 2068 1532 2097 KA'.

806 2128 877 2156 Edita
893 2135 907 2154 a
922 2130 1072 2155 Moutacutio
1093 2130 1128 2162 (p.
1145 2130 1210 2161 589).

247 2182 305 2210 Non
321 2182 421 2210 idcirco
445 2182 557 2210 antistiti
579 2182 798 2218 signiﬁcavimus,
811 2187 841 2210 ut
854 2182 983 2210 certiores

1072 2184 1128 2219 Οὐχ
1139 2183 1224 2215 οὕτως
1235 2183 1410 2218 ἐμηνύσαμεν
1428 2182 1468 2218 ⁵ιῷ
1480 2182 1614 2218 προέδρῳ,
1629 2181 1674 2208 ἵνα
1693 2180 1829 2216 μάθωμεν

212 2229 422 2259 ﬁeremus,uum
435 2227 676 2262 sciensepiseopus
687 2226 848 2259 adulterum,
861 2234 938 2254 sacra
950 2226 986 2254 fa-

1044 2231 1069 2257 εἰ
1085 2229 1153 2264 μετὰ
1165 2229 1291 2263 γνώσεως
1302 2228 1482 2265 παρεχώρησε
1493 2229 1539 2255 τὸν
1563 2227 1655 2262 μοιχδν
1676 2226 1830 2262 ἱερατεύειν

212 2283 274 2302 cere
296 2274 472 2310 permisisset,
502 2272 573 2309 quod
597 2278 625 2300 et
644 2280 725 2309 grave
738 2270 827 2306 esset;
854 2273 901 2300 sed
928 2281 994 2300 num

213 2321 314 2355 ipsum‘
325 2319 477 2347 adulterum
489 2326 549 2347 esse
560 2319 650 2347 sciens
663 2319 816 2346 ordinasset
829 2327 835 2345 :
848 2318 919 2353 quod
934 2326 996 2353 gra-

213 2367 275 2393 vius
289 2370 340 2393 est.
359 2365 403 2393 Ille
415 2370 516 2397 autem,
541 2365 619 2400 cujus
637 2373 687 2392 nos
699 2364 827 2392 certiores
839 2364 898 2391 ﬁeri
925 2363 995 2392 velle

215 2410 436 2446 signiﬁcavimus.
449 2409 484 2436 de
496 2416 529 2437 eo
544 2409 612 2436 nihil
628 2416 678 2436 nos
692 2409 795 2441 docuit,
811 2409 882 2443 quod
903 2414 994 2436 autem

214 2460 297 2483 nemo
327 2455 476 2490 quaerebat,
507 2454 559 2482 hoc
588 2454 764 2481 renuntiavit.
791 2453 995 2486 Verumtamen,

215 2501 348 2536 siquidem
378 2501 466 2536 ipsum
487 2500 639 2528 adulterum
662 2507 723 2527 esse
744 2499 832 2527 sciens
849 2499 995 2531 ordinavit,

217 2547 330 2575 omnino
344 2552 371 2574 et
384 2547 543 2582 episcopatu
559 2551 587 2574 et
612 2546 763 2574 sacerdotio
775 2545 875 2573 excidit
891 2554 898 2572 :
924 2544 996 2579 quod

217 2594 240 2621 si
256 2593 384 2629 ignorans
395 2593 548 2620 adulterum
559 2600 620 2620 esse
631 2599 692 2619 eum
706 2591 852 2623 ordinavit,
868 2595 924 2617 tum
939 2598 999 2618 cer—

216 2639 270 2667 tior
298 2638 396 2671 factus,
411 2639 445 2666 ad
475 2643 582 2673 tempus
603 2638 712 2672 quidem
739 2637 881 2668 abstinuit,
899 2636 999 2664 deinde

217 2693 292 2712 sacra
324 2685 413 2712 facere
434 2684 567 2719 permisit,
600 2684 681 2710 etiam
712 2682 798 2717 ipsum
822 2681 931 2716 quidem
963 2681 997 2708 ad

217 2735 325 2765 tempus
345 2729 429 2757 sacris
453 2728 585 2756 faciendis
614 2728 749 2756 abstinere
777 2732 893 2762 oportet.
920 2726 999 2753 Aliud

217 2777 290 2804 enim
305 2781 347 2803 est
373 2775 458 2804 Deum
471 2780 656 2806 contemnere,
675 2774 747 2801 aliud
757 2780 848 2800 errore
858 2773 1000 2806 deceptum

219 2823 305 2849 videri
324 2823 410 2857 legem
425 2822 583 2849 observasse
597 2820 701 2847 etiamsi
723 2827 776 2846 non
794 2819 932 2846 observes.
944 2818 999 2845 Ca9-

221 2867 359 2898 tcrum,ad
372 2872 478 2900 tempus
484 2865 620 2893 abstinere
635 2865 721 2900 ipsum
734 2864 913 2895 decrevimus,
924 2863 945 2890 si
958 2871 1000 2890 το-

1044 2276 1058 2302 ὁ
1069 2275 1232 2306 ὲπίσκοπος⁵
1247 2274 1346 2301 ἄτοπον
1365 2275 1420 2309 γὰρ
1435 2274 1483 2300 καὶ
1498 2273 1575 2300 τοῦτο
1585 2282 1592 2288 ο
1614 2272 1671 2299 ἀλλ’
1690 2273 1714 2298 εἰ
1728 2272 1830 2306 ἐγίνω-

1046 2326 1095 2347 σκε
1110 2321 1202 2356 μοιχὸν
1212 2320 1291 2347 αὐτὸν
1305 2318 1385 2352 εἶναι,
1396 2319 1443 2347 καὶ
1453 2319 1524 2346 οὕτω
1536 2319 1617 2346 αὐτὸν
1627 2318 1830 2353 ἐχειροτόνησε·
1870 2336 1874 2354 τ

1045 2367 1233 2402 χαλεπώτερον
1246 2366 1300 2401 γὰρ
1317 2365 1404 2392 τοῦτο.
1431 2366 1460 2392 '0
1473 2365 1511 2395 δὲ,
1526 2364 1540 2391 ὃ
1559 2364 1607 2399 μὲν
1620 2363 1742 2398 ἐμηνύθη
1754 2363 1831 2390 διδά-

1046 2412 1101 2445 ξαι,
1116 2412 1165 2438 οὐκ
1189 2410 1318 2444 ἐδίδαξεν,
1335 2411 1350 2437 ὃ
1367 2410 1396 2437 δὲ
1412 2410 1499 2441 οὐδεὶς
1514 2410 1629 2444 ἐζήτησε
1644 2408 1724 2434 τοῦτο
1742 2408 1832 2442 ἀνήτ-

1046 2457 1130 2492 γειλε.
1145 2456 1216 2492 Πλὴν
1231 2457 1254 2483 εἰ
1273 2456 1322 2491 μὲν
1337 2455 1414 2487 εἰδὼς
1429 2455 1511 2483 αὑτὸν
1527 2454 1619 2489 μοιχὸν
1637 2454 1701 2480 ὄντα
1723 2455 1833 2488 ἐχειρο-

1046 2503 1153 2538 τόνησε,
1167 2502 1304 2532 παντελῶς
1315 2503 1373 2528 ἐστι
1388 2501 1576 2536 καθῃρημένος
1599 2501 1647 2535 τῆς
1658 2499 1834 2535 ἀρχιερωσύ-

1047 2556 1096 2583 νης
1110 2556 1140 2574 τε
1155 2547 1204 2574 καὶ
1228 2546 1377 2582 ἱερωσύνης
1388 2554 1395 2561 ·
1420 2547 1444 2572 εἰ
1458 2546 1486 2572 δὲ
1511 2545 1616 2579 ἀγνοῶν
1629 2545 1710 2572 αὐτὸν
1737 2544 1835 2579 μοιχὸν

1048 2595 1112 2621 ὄντα
1123 2594 1333 2629 ἐχειροτόνησεν,
1346 2591 1405 2618 εἶτα
1415 2591 1517 2627 μαθὼν,
1529 2591 1628 2625 ἐπέσχε
1642 2590 1692 2626 μὲν
1706 2590 1753 2616 ἐπὶ
1766 2589 1835 2625 χρό-

1048 2650 1103 2672 νον,
1121 2640 1241 2667 ἀπέλυσε
1255 2639 1283 2666 δὲ
1298 2638 1455 2673 ἱερατεύειν,
1474 2637 1642 2672 παυθήσεται
1655 2635 1704 2671 μὲν
1718 2636 1766 2662 καὶ
1782 2635 1836 2662 αὖ·

1049 2686 1094 2718 τὸς
1106 2686 1151 2712 τοῦ
1168 2686 1318 2721 ἱερουργεῖν
1331 2684 1376 2710 ἐπὶ
1389 2684 1501 2718 χρόνους
1522 2683 1608 2713 τινάς.
1629 2682 1710 2709 ’Δλλο
1724 2681 1780 2716 γὰρ
1803 2681 1838 2707 τὸ

1050 2730 1277 2768 [κατα1φρονῆσαι
1288 2729 1368 2762 Θεοῦ,
1385 2729 1433 2755 καὶ
1446 2728 1511 2754 ἄλλο
1526 2728 1556 2754 τὸ
1578 2726 1763 2761 ἀπαιτηοῆναι
1786 2726 1840 2752 καὶ

1050 2778 1125 2810 δόξαι
1136 2777 1262 2811 φυλάξαι,
1272 2776 1322 2802 κᾶν
1331 2775 1380 2802 οὐκ
1391 2773 1532 2808 ἐφύλαξενο
1543 2773 1589 2800 ἐπὶ
1598 2773 1708 2807 χρόνους
1718 2771 1747 2798 δέ
1757 2780 1840 2803 τινας

1051 2823 1156 2858 ἔφημεν
1180 2822 1354 2857 ἐπισχεθῆναι
1382 2820 1473 2852 αὑτὸν,
1488 2819 1591 2853 ἐάνπερ
1604 2818 1638 2844 τὰ
1661 2817 1730 2845 ἄλλα
1750 2816 1841 2843 αὑτοῦ

1054 2871 1253 2906 προτερήματα
1280 2868 1326 2895 καὶ
1353 2867 1434 2902 ἠτῆς
1461 2866 1542 2900 ἄλλης
1563 2863 1706 2899 περιουσία
1721 2863 1842 2896 δύναται
