1940 3087
140 113 193 144 Ἶὸθ

138 166 407 202 ἀντιταλαντευοῆναι
420 168 458 203 τῷ
481 169 592 204 τοιούτῳ
602 169 683 196 αὑτοῦ
700 171 912 207 παραπτώματι,
927 176 953 205 Α

139 213 164 238 εί
176 213 205 239 δὲ
226 212 407 247 μὴ,διηνεκὲς
420 213 450 239 τὸ
464 214 602 249 ἐπιτίμιον
618 215 684 248 ἕξει.
700 216 791 243 Ταῦτα
805 217 832 243 δὲ
843 217 916 252 λέγο-

140 267 201 294 μεν,
212 260 262 285 οὐκ
274 259 321 286 ἐὰν
341 260 356 285 ό
382 259 512 295 πρόεδρος
527 261 609 287 αὑτοῦ
625 261 698 296 λέγει
723 263 764 289 ὅτι
776 264 916 297 γινώσκων

139 305 219 332 αὐτὸν
233 306 326 341 μοιχὸν
342 307 556 342 ἐχειροτόνησεν,
573 307 590 342 ἢ
607 307 647 334 ὄτι
666 308 735 343 μετὰ
753 310 783 335 τὸ
797 319 916 345 χειροτο-

139 351 252 385 νηθῆναι
278 351 358 377 αὑτὸν
386 351 478 386 μαθὼν
500 352 592 387 μοιχὸν
623 352 701 386 εἶναι,
730 355 777 381 καὶ
798 356 844 382 ἐπί
857 365 916 382 τινα

140 396 234 430 χρόνον
247 396 378 431 ἐπισχὼν,
394 394 453 424 εἶτα
465 398 616 433 ἱερουργεῖν
627 399 706 426 αὑτὸν
719 400 822 434 ἀφῆκεν
834 409 841 416 '
860 401 916 428 ἀλλ’

139 442 188 468 ἐὰν
202 442 282 473 αὐτὸς
307 442 351 469 διὰ
375 443 522 479 μαρτύρων
548 445 651 471 πιστῶν
679 447 726 472 καὶ
751 446 918 482 ἀδιασλήτων

138 488 257 523 ἠλέγχθη
269 496 276 504 ·
293 488 310 524 ἢ
324 489 371 515 καὶ
387 490 424 524 μὴ
438 489 585 524 ἐλεγχθεὶς,
600 490 692 526 οἰκείῳ
702 492 860 518 κατετέοετο
871 493 919 519 καὶ

139 534 299 570 ὡμολόγησε
309 535 433 570 στόματι.
446 535 538 563 Ταῦτα
553 536 601 571 μὲν
611 534 657 564 οὖν
671 537 687 572 ή
699 538 821 573 ἡμετέρα
834 539 919 574 ἁρμό-

139 580 196 611 ζειν
209 580 300 616 ἔκρινε
317 581 481 617 μετριότης·
503 582 550 608 καὶ
568 583 633 618 περὶ
652 582 735 610 αὐτοῦ
751 583 789 615 ὡς
811 583 917 611 κελεύει

138 625 270 662 διοικήσει
285 627 302 662 ἡ
317 627 395 662 ὑμῶν
407 627 528 663 ἁγιότης.
544 628 581 654 Σὺ
597 628 626 655 δέ
650 637 696 665 μοι
710 629 740 656 ὲν
752 629 847 665 Κυρίῳ
868 629 915 665 ερ-

139 671 222 706 ῥωσοο
673 676 675 678 ’

431 726 546 754 ΕΠΙΣΤ.
563 725 629 753 KB’.

709 116 974 148 EPISTOLARUM
994 118 1109 149 LIBER
1139 119 1164 150 Ι.

1696 123 1749 154 790

964 173 1036 208 liqua
1066 174 1126 209 ejus
1152 174 1257 207 merita,
1290 179 1317 202 et
1349 176 1456 203 virtutis
1478 176 1570 211 copia,
1596 170 1748 212 liujusmod'I

966 218 1071 254 lapsum
1096 227 1271 254 compensare
1294 221 1435 248 videamur
1455 229 1461 247 :
1479 218 1533 253 sin,
1549 221 1575 247 in
1590 227 1748 256 perpetuum

966 272 1088 292 censura:
1110 266 1269 300 subjacebit.
1292 266 1354 294 llme
1380 272 1470 294 autem
1490 266 1616 298 dicimus,
1649 275 1704 294 non
1725 267 1750 295 si

967 310 1079 338 antistes
1102 311 1187 345 ipsius
1216 311 1287 339 dicat
1311 313 1382 346 quod
1405 312 1492 346 ipsum
1519 312 1670 339 adulterum
1689 319 1751 340 esse

967 355 1056 384 sciens
1081 357 1226 388 ordinavit,
1258 359 1297 385 vel
1315 358 1388 393 quod
1418 364 1557 393 postquam
1584 358 1745 390 ordinasset,

967 404 1068 430 certior
1084 403 1170 431 factus
1185 404 1334 431 adulterum
1349 412 1420 436 esse,
1442 412 1504 432 cum
1517 405 1603 439 ipsum
1624 404 1657 431 ad
1679 408 1747 431 tem—

967 456 1018 483 pus
1039 449 1225 479 abstinuisset.
1254 450 1351 477 deinde
1387 450 1472 476 sacris
1500 449 1572 484 fungi
1603 449 1750 483 permisit;

966 494 1013 522 sed
1033 495 1055 522 si
1070 495 1127 530 ipse
1150 495 1263 523 testibus
1278 495 1331 523 [ide
1345 495 1433 530 dignis
1447 499 1475 522 et
1491 495 1634 530 inculpatis
1657 494 1751 522 eonvi-

966 543 1037 571 ctus,
1061 541 1104 567 vel
1125 548 1180 567 non
1205 541 1356 573 convictus,
1374 540 1421 568 sed
1437 548 1484 568 ore
1509 548 1558 568 suo
1575 548 1702 568 assensus
1716 540 1752 567 sit

966 588 995 611 et
1009 584 1158 612 confessus.
1178 585 1241 613 Haec
1266 585 1346 621 igitur
1359 585 1530 613 mediocritas
1543 589 1635 613 nostra
1652 592 1755 613 convc-

969 630 1028 657 nire
1043 631 1150 659 censuit
1165 640 1173 658 :
1187 632 1221 659 de
1244 631 1301 667 ipso
1315 636 1406 659 autem
1437 631 1565 659 sanctitas
1577 635 1667 658 vestra
1677 629 1750 665 quod

972 673 1105 708 hortatur,
1129 676 1284 704 constituet.
1298 675 1339 703 Tu
1353 683 1418 704 vero
1430 676 1496 704 mihi
1508 677 1535 704 in
1547 675 1661 704 Domino
1683 674 1753 703 vale.

1265 731 1374 760 EPIST.
1398 732 1480 760 XXII.

742 796 812 823 Edita
826 803 840 822 a
852 797 1000 825 Montacutio
1015 800 1024 829 (
1030 807 1055 832 p.
1073 800 1141 831 590).

173 857 271 893 Θαῦμα
296 858 345 893 μὲν
360 859 433 894 ἡμᾶς
450 858 566 895 κατέσχε
588 860 636 888 καὶ
662 860 802 896 ἔκπληξις,
824 862 872 888 ἐπὶ
884 864 917 898 τῇ
933 866 955 894 Β

139 900 257 939 τοσαύτῃ
273 904 411 940 παροινίᾳ,
424 905 471 932 καὶ
484 905 608 942 ἀπονοίᾳ,
624 906 671 933 καὶ
687 907 859 942 ἀναισθησίᾳ,
871 909 919 934 καὶ

140 949 297 985 παρανομίᾳ
307 949 354 976 τοῦ
368 950 510 985 προέδρου,
522 951 642 986 καίτοιγε
658 952 712 979 τῶν
726 953 853 980 τοιούτων
866 962 920 981 πα-

140 994 196 1021 θῶν
208 995 311 1022 παλαιά
327 1003 388 1022 τινα
403 995 464 1031 ίχνη
479 996 507 1022 ὲν
520 997 553 1032 τῇ
567 998 661 1033 μνήμῃ
671 998 802 1033 φέροντας
811 1006 819 1014 ·
834 998 891 1025 ἀλλ’
902 999 919 1033 ἡ

139 1040 256 1075 ἐπιμονὴ
272 1042 319 1067 καὶ
334 1040 447 1076 αῠξησις
463 1041 517 1068 τῶν
533 1041 731 1078 προλαϐόντων,
751 1042 788 1075 ὡς
806 1043 853 1070 ἐπὶ
865 1051 920 1069 πα-

141 1086 272 1121 ραδόξοις,
288 1087 344 1118 τοῖς
359 1086 407 1113 νῦν
423 1088 638 1122 πεπραγμένοις,
655 1089 774 1123 παρέσχε
787 1089 920 1124 ταράττε-

141 1131 213 1158 σθαι.
227 1131 298 1167 Πλὴν
312 1131 362 1158 οὐκ
374 1131 447 1158 ἐστιν
462 1132 637 1167 ἁνενόχλητον
647 1133 703 1164 τοῖς
724 1132 786 1159 καθ’
806 1133 919 1159 ἕκαστον

140 1177 194 1204 τῶν
203 1177 273 1204 κατὰ
288 1177 370 1213 μέρος
382 1178 467 1211 λόγων
478 1178 629 1213 ἐπιστῆναι,
646 1178 660 1205 ὃ
672 1178 802 1210 πολλάκις
814 1179 920 1213 ἔφαμεν

141 1224 189 1250 καὶ
209 1223 256 1250 νῦν
285 1232 384 1258 φαμεν.
409 1224 453 1255 Ὠς
477 1223 591 1259 ἐπείπερ
608 1224 654 1250 καὶ
672 1225 753 1259 ἡμεῖς
764 1224 920 1258 ἁμαρτωλοὶ

139 1270 190 1301 τὰς
202 1269 365 1304 ἁμαρτωλὰς
393 1269 471 1304 ἡμῶν
495 1270 588 1304 χεῖρας
607 1270 653 1295 ἐπὶ
667 1269 715 1304 τὴν
730 1269 778 1305 σὴν
803 1269 919 1303 ἐθέμεθα

141 1315 273 1350 κεφαλὴν,
285 1316 333 1350 τὴν
349 1315 543 1350 τελεταρχικὴν
553 1315 599 1341 τοῦ
615 1316 747 1349 παναγίου
763 1316 920 1350 [Ινεύματος

141 1361 349 1396 ἐπικαλούμενοι
371 1361 451 1397 χάριν
474 1362 543 1396 (καὶ
571 1361 792 1395 πεπιστεύκαμεν
807 1361 837 1386 ού
859 1361 918 1392 ταῖς

142 1407 219 1442 ἡμῶν
232 1407 423 1442 χειροθεσίαις,
437 1407 504 1434 ἀλλὰ
519 1407 550 1441 τῇ
562 1415 592 1432 τε
606 1407 708 1434 ἄνωθεν
719 1406 857 1441 εὐμενείᾳ,
873 1406 920 1433 καὶ

141 1455 174 1489 τῇ
197 1455 230 1489 σῇ
255 1454 338 1490 ἀρετῇ
353 1474 361 1485 ,
394 1453 443 1487 τὴν
468 1453 639 1488 ὲπιφοίτησιν
670 1451 752 1478 αὑτοῦ
779 1451 920 1477 πλουτίσαι

141 1500 242 1535 ἡμᾶς),
256 1500 286 1526 ού
303 1500 382 1535 μόνον
395 1500 445 1526 ὅσα
461 1500 489 1525 ὲν
500 1500 533 1534 τῇ
547 1498 695 1533 Ἐκκλησία
708 1497 872 1533 παρανόμως
890 1505 920 1522 τε

142 1545 190 1571 καὶ
207 1545 390 1575 ὰκανονίστως
402 1543 476 1579 παρὰ
487 1543 533 1570 τοῦ
544 1543 646 1578 ταύτης
659 1542 789 1578 προέδρου
805 1542 921 1578 πρόεισι,
937 1540 957 1568 C

142 1590 210 1618 ἀλλὰ
224 1591 269 1617 καὶ
283 1591 332 1616 ὅσα
347 1590 413 1626 παρ’
428 1590 520 1625 ἑτέρου
533 1589 582 1625 τὴν
593 1589 687 1624 ὁμοίαν
701 1588 923 1623 ἐπιδεικνυμένου

142 1635 266 1669 γνώμην,
281 1634 367 1661 ταῦτα
377 1634 465 1661 πάντα
481 1634 530 1669 τὴν
546 1634 596 1668 σὴν
610 1633 804 1669 ἀρχιερατικὴν
820 1642 923 1668 παρεγ-

142 1680 271 1714 γυώμεοα
285 1680 440 1715 τελειότητα
455 1679 511 1714 (ὼς
526 1679 604 1714 ἡμῶν
624 1679 678 1705 τῶν
705 1678 841 1706 ταπεινῶν
856 1687 924 1714 συμ-

141 1725 284 1760 παρόντων
296 1725 343 1750 καὶ
360 1724 604 1758 συνεφαπτομένων
615 1724 671 1755 τοῖς
683 1723 775 1758 νόμοις
785 1724 832 1750 τοῦ
843 1723 924 1750 Πνεύ-

144 1771 242 1804 ματος)
256 1769 420 1797 ἀνακόπτειν
433 1777 462 1794 τε
479 1769 526 1795 καὶ
548 1768 745 1804 ἀναχαιτίζειν,
768 1770 816 1795 καὶ
834 1769 880 1795 ἐπὶ
893 1769 924 1795 τὸ

144 1814 246 1848 βέλτιον
262 1814 308 1840 καὶ
323 1814 433 1850 ἄριστον
460 1814 686 1849 μεταρυθμίζειν·
713 1815 762 1849 οὐχ
774 1814 853 1849 ἡμῶν
865 1814 924 1841 νυνὶ

142 1859 192 1892 τὴν
218 1858 345 1894 τοιαύτην
373 1858 560 1894 πνευματικὴν
579 1859 701 1890 ἐξουσίαν
726 1859 922 1894 χαριζομένων,

143 1903 211 1929 ἀλλὰ
224 1903 270 1930 τοῦ
288 1903 445 1939 Πνεύματος
473 1904 519 1930 τοῦ
543 1904 686 1938 παναγίου,
700 1904 781 1939 ἡνίκα
807 1904 853 1931 καλΙ
873 1904 923 1939 τὴν

143 1949 341 1985 ἀρχιερατικὴν
372 1949 456 1976 ἐδίδου
481 1950 593 1985 δωρεάν.
616 1950 836 1976 Ἀπολυέσθωσαν
857 1949 924 1983 γοῦν

141 1994 167 2020 οἱ
184 1994 345 2029 παραλόγως
356 1994 448 2028 δεσμῷ
460 1994 656 2029 ύποῦληοέντες
668 1995 717 2029 τῆς
730 1994 827 2029 ἀλόγου
838 2003 923 2022 κατα-

141 2039 231 2074 δίκης,
247 2039 293 2066 καὶ
308 2039 375 2074 πρὸς
386 2039 434 2074 τὴν
448 2039 556 2066 δικαίαν
571 2039 833 2074 μεθαρμοζέσθωσαν
844 2040 924 2075 θεραη

142 2085 223 2111 πείαν
232 2093 240 2099 ·
252 2086 296 2111 καὶ
308 2087 331 2111 οἱ
342 2085 390 2120 τὴν
401 2085 558 2120 παράνομον
567 2085 725 2120 καθαίρεσιν
746 2085 921 2118 ὑποστάντες,

143 2131 193 2164 τῆς
205 2130 304 2165 ἀνόμου
317 2130 407 2165 ψήφου
423 2131 613 2166 πεπαυμένης,
629 2131 765 2166 ἐχέτωσαν
779 2131 828 2166 τῆς
843 2132 923 2167 ίερω⁴

143 2175 245 2210 σύνηςο
270 2176 316 2202 καὶ
329 2176 344 2201 ὁ
365 2176 451 2202 ταῦτα
470 2177 575 2211 πράξας
600 2177 736 2212 ἀφρόνως,
752 2177 868 2211 μάλιστά
879 2186 922 2212 γε,

143 2221 229 2248 ama
243 2220 290 2247 τοῦ
303 2220 428 2255 σώματος
449 2221 521 2257 πάθη
538 2223 585 2248 καὶ
605 2222 656 2257 τὴν
672 2223 721 2256 τῆς
743 2222 830 2258 ψυχῆς
858 2232 922 2250 συν-
940 2216 961 2243 υ

145 2267 244 2300 ἀφειαν
261 2267 424 2301 ὑπογράφει,
436 2267 603 2301 μανθανέτω,
616 2268 640 2294 εἰ
653 2267 690 2303 μὴ
705 2267 814 2294 δύναται
826 2277 926 2304 παραι-

143 2312 243 2343 νέσεως
261 2311 342 2347 λόγῳ,
354 2311 466 2338 ἀλλὀὖν
479 2313 694 2348 αὐστηρότερον,
710 2313 748 2348 μὴ
766 2315 926 2350 παραφέρε-

145 2357 206 2384 σθαι
215 2357 261 2384 τοῦ
277 2358 392 2384 δικαίου.
406 2358 456 2384 Διὰ
473 2358 551 2384 τοῦτο
567 2359 613 2385 καὶ
627 2359 651 2393 ῖὴ
675 2359 743 2393 πρὸς
766 2359 847 2386 αὐτὸν
867 2361 924 2387 ἐπι-

145 2403 225 2437 στολὴ
251 2403 321 2438 καλὴ
342 2404 389 2429 καὶ
415 2403 520 2429 δικαία·
540 2406 587 2430 καὶ
602 2405 628 2430 εί
645 2406 712 2440 μηδὲ
729 2407 798 2441 μετὰ
823 2407 924 2444 ταύτην

145 2447 354 2482 σωφρονισθείη,
373 2448 523 2484 ἱερουργεῖν
539 2448 598 2483 μὲν,
615 2450 661 2476 καὶ
675 2450 729 2478 τῶν
751 2452 863 2487 ἀψύχων
876 2453 925 2488 τὴν

144 2492 276 2527 διοίκησιν
291 2493 373 2528 ἔχειν,
386 2493 454 2526 τέως
470 2494 507 2530 μὴ
517 2495 661 2522 κωλυέσθω
674 2504 680 2511 ·
692 2497 821 2532 ἐπιτιμᾷν
834 2497 863 2524 δὲ
878 2499 926 2525 καὶ

145 2537 294 2570 κανυνίζειν
308 2539 370 2570 τοὺς
384 2539 533 2574 ἐμψύχους,
541 2540 643 2575 ἄψυχος
658 2541 738 2574 αὐτὸς
750 2542 798 2575 ὣν,
817 2543 861 2570 διὰ
876 2544 926 2579 τῆς

144 2584 174 2609 ἐν
190 2583 329 2618 Πνεύματι
339 2584 410 2621 ἁγίῳ
425 2586 490 2621 ἡμῖν
506 2586 649 2623 δεδομένης
665 2587 798 2622 ἐξουσίας,
817 2590 855 2626 μὴ
872 2598 925 2617 πα-

146 2629 332 2665 ραχωρείσθω.

1002 865 1151 893 Admiratio
1183 865 1291 900 quidem
1310 872 1361 893 nos
1375 865 1474 892 invasit
1501 871 1534 892 ac
1553 869 1649 900 stupor
1673 872 1756 900 super

972 915 1046 939 tanta
1064 911 1225 939 deliratione
1245 915 1274 939 et
1294 911 1433 944 vecordia,
1464 918 1571 938 necnon
1603 910 1756 938 insulsitate

971 961 1051 992 atque
1071 957 1231 985 enormitate
1248 957 1386 990 antistitis,
1409 957 1490 985 etiam
1517 961 1610 984 vetera
1628 957 1753 991 quaedam

971 1002 1084 1037 vestigia
1103 1002 1235 1037 ejusmodi
1251 1002 1414 1035 aﬂ‘ectuum,
1438 1002 1567 1029 memoria
1594 1001 1754 1029 recolentes.

971 1046 1186 1074 Vcrumduratio
1199 1052 1279 1082 atque
1287 1048 1484 1075 incrementum
1496 1047 1708 1081 praecedentium
1721 1046 1755 1073 de

971 1091 1159 1125 praesentibus,
1177 1095 1305 1126 tanquam
1317 1096 1415 1126 praeter
1426 1091 1581 1126 opinionem
1595 1090 1683 1124 factis,
1692 1098 1756 1125 per-

973 1137 1134 1177 turbationis
1156 1137 1235 1165 nobis
1247 1138 1389 1165 materiam
1413 1138 1599 1172 praebuerunt.
1620 1137 1754 1165 (Steterunt

972 1183 1094 1210 molestia
1104 1191 1159 1210 non
1176 1188 1263 1217 vacat,
1287 1184 1455 1219 singulorum
1471 1184 1560 1211 causis
1574 1184 1755 1218 particulatim

971 1228 1106 1260 insistere,
1125 1229 1197 1263 quod
1216 1229 1314 1264 smpius
1325 1229 1454 1260 diximus,
1464 1234 1492 1256 et
1506 1236 1579 1256 nunc
1591 1229 1671 1256 etiam
1685 1229 1754 1256 dici-

972 1282 1042 1302 mus.
1064 1274 1141 1307 Quod
1157 1282 1218 1302 cum
1233 1279 1388 1309 peccatores
1411 1282 1461 1302 nos
1483 1274 1648 1309 peccatriccs
1660 1282 1756 1302 manus

971 1320 1051 1355 capiti
1069 1325 1115 1348 tuo
1140 1320 1326 1355 imposuimus,
1343 1321 1454 1356 gratiam
1475 1321 1561 1348 sancti
1578 1320 1694 1356 Spiritus
1706 1328 1756 1347 an-

972 1366 1048 1393 tistiti
1064 1366 1200 1400 propriam
1217 1366 1391 1401 implorantes
1416 1367 1482 1401 (non
1499 1370 1599 1394 nostra:
1627 1373 1755 1394 manuum

974 1412 1149 1446 impositioni,
1187 1412 1233 1439 sed
1266 1420 1390 1447 superna
1424 1412 1597 1447 benignitati,
1637 1417 1666 1440 et
1701 1417 1755 1440 tum

972 1458 1056 1493 ipsius
1079 1459 1172 1485 virtuti
1198 1458 1316 1491 conﬁsi,
1346 1463 1539 1493 superventum
1581 1458 1667 1494 ipsius
1707 1466 1757 1486 nos

972 1504 1159 1531 benedictione
1186 1505 1354 1538 ditaturnm),
1385 1512 1440 1532 non
1464 1505 1550 1531 solum
1576 1513 1637 1539 qua:
1658 1504 1686 1531 in
1704 1504 1758 1532 Ec-

975 1551 1056 1578 clesia
1082 1550 1217 1585 illegitime
1239 1555 1267 1578 et
1293 1555 1386 1578 contra
1415 1558 1535 1578 canones
1553 1551 1588 1578 ab
1610 1550 1696 1586 ipsius
1710 1558 1758 1577 an-

976 1596 1061 1623 tistite
1076 1596 1236 1631 procedunt,
1262 1596 1310 1623 sed
1327 1604 1388 1631 quae
1401 1596 1436 1623 ah
1457 1597 1511 1623 alio
1524 1597 1664 1631 quopiam,
1681 1596 1758 1624 simi-

976 1641 1028 1668 lem
1056 1641 1139 1669 animi
1162 1642 1325 1669 sententiam
1349 1642 1566 1675 demonstrante,
1589 1642 1647 1670 haec
1660 1642 1753 1670 omnia

976 1696 992 1714 a
1018 1692 1064 1715 tua
1091 1688 1223 1715 antistitis
1246 1688 1582 1723 perfectione(tanquam
1606 1688 1760 1716 humilitate

976 1737 1071 1760 nostra
1097 1739 1241 1768 praesente,
1264 1738 1292 1761 et
1314 1733 1468 1768 spirituales
1499 1734 1572 1768 leges
1597 1733 1759 1768 adiuvante)

976 1777 1102 1811 reprimi,
1131 1777 1320 1810 sulllaminari,
1340 1777 1374 1810 {et
1396 1777 1423 1804 in
1437 1777 1589 1812 meliorem,
1611 1778 1669 1805 sive
1685 1777 1760 1812 opti-

975 1829 1049 1848 mum
1081 1827 1180 1849 statum
1214 1822 1356 1850 reformari
1381 1823 1553 1858 praecipimus
1575 1831 1582 1850 :
1608 1830 1662 1850 non
1680 1822 1760 1850 nobis

976 1875 1049 1895 nunc
1076 1867 1229 1902 hujusmodi
1252 1868 1418 1903 spiritualem
1452 1873 1614 1904 potestatem
1638 1868 1758 1903 largien-

978 1913 1062 1946 tibus,
1081 1913 1128 1940 sed
1149 1919 1244 1941 sancto
1270 1914 1374 1949 Spiritu
1398 1919 1463 1942 tunc
1496 1922 1556 1941 eam
1585 1913 1757 1946 conferente,

976 1968 1038 1988 cum
1069 1961 1182 1996 gratiam
1209 1962 1308 1989 summi
1337 1962 1484 1989 sacerdotii
1508 1961 1632 1989 donaret.
1660 1960 1758 1989 Absol-

976 2010 1074 2033 vantur
1088 2006 1169 2042 igitur
1193 2012 1292 2042 praeter
1311 2007 1443 2034 rationem
1463 2007 1570 2034 vinculo
1585 2006 1701 2042 subjecti
1724 2007 1758 2034 ab

976 2053 1068 2087 iniqua
1084 2053 1269 2085 damnatione,
1292 2057 1319 2081 ct
1333 2053 1366 2080 ad
1380 2053 1529 2089 legitimum
1551 2053 1654 2081 cultum
1673 2052 1760 2081 refor-

976 2103 1106 2126 mentur:
1121 2104 1148 2126 et
1163 2098 1209 2134 qui
1233 2099 1450 2135 dcgradationem
1475 2099 1580 2135 legibus
1595 2099 1758 2127 contrariam

976 2146 1049 2179 passi
1070 2149 1143 2178 sunt,
1162 2145 1255 2180 iniquo
1277 2145 1387 2173 decreto
1401 2150 1536 2177 cessante,
1564 2146 1592 2172 in
1607 2144 1759 2172 sacerdotio

976 2189 1188 2216 administrando
1211 2194 1338 2224 pergant:
1363 2194 1392 2215 et
1416 2188 1462 2222 qui
1486 2188 1544 2216 haec
1571 2188 1759 2222 imprudenter

973 2233 1093 2266 admisit,
1107 2233 1225 2260 maxime
1245 2233 1365 2268 quidem,
1393 2233 1456 2267 quia
1481 2231 1601 2266 corporis
1619 2232 1759 2266 passiones

975 2287 1109 2315 congruos
1123 2280 1206 2306 animi
1220 2279 1332 2308 allectus
1350 2279 1513 2314 exprimunt,
1534 2278 1619 2305 discat
1631 2277 1653 2305 si
1668 2282 1759 2312 potest

975 2325 1109 2352 sermonis
1123 2325 1321 2357 exhortatione,
1349 2324 1391 2351 sin
1405 2323 1494 2351 minus
1509 2323 1662 2356 severitate,
1678 2323 1712 2350 ab
1725 2331 1759 2350 eo

975 2371 1047 2406 quod
1061 2371 1164 2405 justum
1181 2375 1232 2401 est,
1251 2379 1304 2398 non
1320 2369 1455 2397 recedere.
1467 2369 1570 2396 Idcirco
1582 2369 1688 2396 adeum
1699 2368 1758 2403 cpi-

975 2417 1043 2444 stola
1057 2417 1118 2451 jure
1132 2421 1160 2444 et
1172 2420 1243 2443 recte
1251 2415 1444 2443 destinabitur:
1455 2419 1596 2449 postquam
1604 2414 1656 2441 nisi
1666 2413 1758 2441 sanior

978 2462 1084 2495 evadat,
1107 2470 1182 2489 sacra
1199 2461 1308 2496 quidem
1335 2460 1434 2492 facere,
1453 2465 1481 2488 et
1499 2460 1646 2488 inanimata
1669 2459 1757 2487 admi-

975 2508 1092 2536 nistrare
1130 2507 1249 2535 nondum
1282 2506 1475 2541 prohibeatur,
1502 2513 1634 2533 censuras
1666 2509 1755 2533 autem

975 2553 1104 2589 irrogare,
1138 2557 1165 2580 et
1187 2552 1320 2579 animatos
1350 2552 1384 2579 ad
1409 2551 1515 2587 regulas
1542 2551 1649 2587 exigere
1665 2571 1672 2583 ,
1697 2550 1756 2586 ipse

975 2600 1117 2631 inanimis,
1135 2603 1268 2635 potestate
1282 2598 1361 2627 nobis
1379 2606 1394 2626 a
1411 2599 1513 2635 Spiritu
1538 2603 1633 2627 sancto
1654 2597 1755 2625 indulta

975 2654 1010 2674 ne
1033 2646 1216 2681 permittatur.
