  <div class='ocr_page' id='page_1' title='image "/cluster/home/n/w/nwhite01/storage/ocr_20150623/102/njp.32101010943874/417.png"; bbox 0 0 1940 3087; ppageno 0'>
   <div class='ocr_carea' id='block_1_1' title="bbox 188 102 238 136">
    <p class='ocr_par' dir='ltr' id='par_1_1' title="bbox 188 102 238 136">
     <span class='ocr_line' id='line_1_1' title="bbox 188 102 238 136; baseline -0.06 0"><span class='ocrx_word' id='word_1_1' title='bbox 188 102 238 136; x_wconf 68' lang='lat'><strong>791</strong></span> 
     </span>
    </p>
   </div>
   <div class='ocr_carea' id='block_1_2' title="bbox 466 151 687 180">
    <p class='ocr_par' dir='ltr' id='par_1_2' title="bbox 466 151 687 180">
     <span class='ocr_line' id='line_1_2' title="bbox 466 151 687 180; baseline -0.009 0"><span class='ocrx_word' id='word_1_2' title='bbox 466 153 573 180; x_wconf 82' lang='lat' dir='ltr'><strong>EPIST.</strong></span> <span class='ocrx_word' id='word_1_3' title='bbox 593 151 687 179; x_wconf 73' lang='lat' dir='ltr'><strong>XXIII.</strong></span> 
     </span>
    </p>
   </div>
   <div class='ocr_carea' id='block_1_3' title="bbox 761 95 1234 127">
    <p class='ocr_par' dir='ltr' id='par_1_3' title="bbox 761 95 1234 127">
     <span class='ocr_line' id='line_1_3' title="bbox 761 95 1234 127; baseline -0.002 0"><span class='ocrx_word' id='word_1_4' title='bbox 761 96 893 127; x_wconf 88' lang='lat' dir='ltr'><strong>PHOTII</strong></span> <span class='ocrx_word' id='word_1_5' title='bbox 911 95 1128 126; x_wconf 77' lang='lat' dir='ltr'><strong>PATRIARCH</strong></span> <span class='ocrx_word' id='word_1_6' title='bbox 1132 95 1163 124; x_wconf 68' lang='grc' dir='ltr'><strong>[Ε</strong></span> <span class='ocrx_word' id='word_1_7' title='bbox 1181 96 1234 126; x_wconf 87' lang='lat' dir='ltr'><strong>CP.</strong></span> 
     </span>
    </p>
   </div>
   <div class='ocr_carea' id='block_1_4' title="bbox 1744 92 1794 125">
    <p class='ocr_par' dir='ltr' id='par_1_4' title="bbox 1744 92 1794 125">
     <span class='ocr_line' id='line_1_4' title="bbox 1744 92 1794 125; baseline 0.02 -1"><span class='ocrx_word' id='word_1_8' title='bbox 1744 92 1794 125; x_wconf 80' lang='lat'><strong>792</strong></span> 
     </span>
    </p>
   </div>
   <div class='ocr_carea' id='block_1_5' title="bbox 1311 150 1500 178">
    <p class='ocr_par' dir='ltr' id='par_1_5' title="bbox 1311 150 1500 178">
     <span class='ocr_line' id='line_1_5' title="bbox 1311 150 1500 178; baseline -0.005 -1"><span class='ocrx_word' id='word_1_9' title='bbox 1311 150 1422 178; x_wconf 86' lang='grc' dir='ltr'><strong>ΕΠΙΣΤ.</strong></span> <span class='ocrx_word' id='word_1_10' title='bbox 1437 150 1500 177; x_wconf 81' lang='lat' dir='ltr'><strong>Kl&quot;.</strong></span> 
     </span>
    </p>
   </div>
   <div class='ocr_carea' id='block_1_6' title="bbox 795 194 1192 226">
    <p class='ocr_par' dir='ltr' id='par_1_6' title="bbox 795 194 1192 226">
     <span class='ocr_line' id='line_1_6' title="bbox 795 194 1192 226; baseline -0.005 -5"><span class='ocrx_word' id='word_1_11' title='bbox 795 195 865 221; x_wconf 82' lang='lat' dir='ltr'><strong>Edita</strong></span> <span class='ocrx_word' id='word_1_12' title='bbox 879 201 893 219; x_wconf 84' lang='lat' dir='ltr'><strong>a</strong></span> <span class='ocrx_word' id='word_1_13' title='bbox 907 194 1057 219; x_wconf 73' lang='lat' dir='ltr'><strong>Montacutio</strong></span> <span class='ocrx_word' id='word_1_14' title='bbox 1074 194 1109 225; x_wconf 86' lang='lat' dir='ltr'><strong>(p.</strong></span> <span class='ocrx_word' id='word_1_15' title='bbox 1126 195 1192 226; x_wconf 80' lang='lat'><strong>591).</strong></span> 
     </span>
    </p>
   </div>
   <div class='ocr_carea' id='block_1_7' title="bbox 223 237 1004 275">
    <p class='ocr_par' dir='ltr' id='par_1_7' title="bbox 223 237 1004 275">
     <span class='ocr_line' id='line_1_7' title="bbox 223 237 1004 275; baseline -0.013 0"><span class='ocrx_word' id='word_1_16' title='bbox 223 248 408 275; x_wconf 84' lang='lat' dir='ltr'><strong>Pervenerunt</strong></span> <span class='ocrx_word' id='word_1_17' title='bbox 432 245 465 272; x_wconf 90' lang='lat' dir='ltr'><strong>ad</strong></span> <span class='ocrx_word' id='word_1_18' title='bbox 485 252 534 271; x_wconf 85' lang='lat' dir='ltr'><strong>nos</strong></span> <span class='ocrx_word' id='word_1_19' title='bbox 550 243 646 271; x_wconf 73' lang='lat' dir='ltr'><strong>littera:</strong></span> <span class='ocrx_word' id='word_1_20' title='bbox 667 243 820 271; x_wconf 88' lang='lat' dir='ltr'><strong>sanctitatis</strong></span> <span class='ocrx_word' id='word_1_21' title='bbox 843 247 897 270; x_wconf 74' lang='lat' dir='ltr'><strong>tute</strong></span> <span class='ocrx_word' id='word_1_22' title='bbox 911 241 966 268; x_wconf 90' lang='lat' dir='ltr'><strong>Deo</strong></span> <span class='ocrx_word' id='word_1_23' title='bbox 980 237 1004 265; x_wconf 74' lang='grc' dir='ltr'><strong>Α</strong></span> 
     </span>
    </p>
   </div>
   <div class='ocr_carea' id='block_1_8' title="bbox 189 290 967 328">
    <p class='ocr_par' dir='ltr' id='par_1_8' title="bbox 189 290 967 328">
     <span class='ocr_line' id='line_1_8' title="bbox 189 290 967 328; baseline -0.01 -6"><span class='ocrx_word' id='word_1_24' title='bbox 189 294 304 326; x_wconf 72' lang='lat' dir='ltr'><strong>dilectae,</strong></span> <span class='ocrx_word' id='word_1_25' title='bbox 323 291 490 328; x_wconf 75' lang='lat' dir='ltr'><strong>postulantes</strong></span> <span class='ocrx_word' id='word_1_26' title='bbox 509 298 524 317; x_wconf 87' lang='lat' dir='ltr'><strong>a</strong></span> <span class='ocrx_word' id='word_1_27' title='bbox 541 290 729 318; x_wconf 75' lang='lat' dir='ltr'><strong>mediocritate</strong></span> <span class='ocrx_word' id='word_1_28' title='bbox 751 293 843 316; x_wconf 80' lang='lat' dir='ltr'><strong>n05tra</strong></span> <span class='ocrx_word' id='word_1_29' title='bbox 857 292 967 315; x_wconf 87' lang='lat' dir='ltr'><strong>senten-</strong></span> 
     </span>
    </p>
   </div>
   <div class='ocr_carea' id='block_1_9' title="bbox 189 333 967 371">
    <p class='ocr_par' dir='ltr' id='par_1_9' title="bbox 189 333 967 371">
     <span class='ocr_line' id='line_1_9' title="bbox 189 333 967 371; baseline -0.009 -5"><span class='ocrx_word' id='word_1_30' title='bbox 189 339 253 366; x_wconf 89' lang='lat' dir='ltr'><strong>tiam</strong></span> <span class='ocrx_word' id='word_1_31' title='bbox 281 337 346 364; x_wconf 89' lang='lat' dir='ltr'><strong>ferri</strong></span> <span class='ocrx_word' id='word_1_32' title='bbox 367 336 400 363; x_wconf 91' lang='lat' dir='ltr'><strong>de</strong></span> <span class='ocrx_word' id='word_1_33' title='bbox 420 337 588 371; x_wconf 86' lang='lat' dir='ltr'><strong>presbytero,</strong></span> <span class='ocrx_word' id='word_1_34' title='bbox 608 335 653 369; x_wconf 85' lang='lat' dir='ltr'><strong>qui</strong></span> <span class='ocrx_word' id='word_1_35' title='bbox 677 339 776 369; x_wconf 61' lang='lat' dir='ltr'><strong>praeter</strong></span> <span class='ocrx_word' id='word_1_36' title='bbox 799 333 967 361; x_wconf 79' lang='lat' dir='ltr'><strong>voluntatem</strong></span> 
     </span>
    </p>
   </div>
   <div class='ocr_carea' id='block_1_10' title="bbox 187 379 967 419">
    <p class='ocr_par' dir='ltr' id='par_1_10' title="bbox 187 379 967 419">
     <span class='ocr_line' id='line_1_10' title="bbox 187 379 967 419; baseline -0.006 -9"><span class='ocrx_word' id='word_1_37' title='bbox 187 387 340 419; x_wconf 87' lang='lat' dir='ltr'><strong>parentum.</strong></span> <span class='ocrx_word' id='word_1_38' title='bbox 359 390 413 409; x_wconf 93' lang='lat' dir='ltr'><strong>non</strong></span> <span class='ocrx_word' id='word_1_39' title='bbox 428 385 584 416; x_wconf 79' lang='lat' dir='ltr'><strong>exspectato</strong></span> <span class='ocrx_word' id='word_1_40' title='bbox 597 388 691 408; x_wconf 91' lang='lat' dir='ltr'><strong>eorum</strong></span> <span class='ocrx_word' id='word_1_41' title='bbox 702 387 850 410; x_wconf 85' lang='lat' dir='ltr'><strong>consensu,</strong></span> <span class='ocrx_word' id='word_1_42' title='bbox 866 379 967 406; x_wconf 87' lang='lat' dir='ltr'><strong>liberos</strong></span> 
     </span>
    </p>
   </div>
   <div class='ocr_carea' id='block_1_11' title="bbox 188 425 968 464">
    <p class='ocr_par' dir='ltr' id='par_1_11' title="bbox 188 425 968 464">
     <span class='ocr_line' id='line_1_11' title="bbox 188 425 968 464; baseline -0.008 -8"><span class='ocrx_word' id='word_1_43' title='bbox 188 429 308 464; x_wconf 90' lang='lat' dir='ltr'><strong>ipsorum</strong></span> <span class='ocrx_word' id='word_1_44' title='bbox 321 432 498 455; x_wconf 89' lang='lat' dir='ltr'><strong>coronaverat</strong></span> <span class='ocrx_word' id='word_1_45' title='bbox 515 435 522 453; x_wconf 91' lang='lat'>:</span> <span class='ocrx_word' id='word_1_46' title='bbox 541 434 656 462; x_wconf 92' lang='lat' dir='ltr'><strong>quorum</strong></span> <span class='ocrx_word' id='word_1_47' title='bbox 678 430 771 461; x_wconf 86' lang='lat' dir='ltr'><strong>postea</strong></span> <span class='ocrx_word' id='word_1_48' title='bbox 781 425 870 452; x_wconf 88' lang='lat' dir='ltr'><strong>studio</strong></span> <span class='ocrx_word' id='word_1_49' title='bbox 889 431 968 459; x_wconf 82' lang='lat' dir='ltr'><strong>sepa—</strong></span> 
     </span>
    </p>
   </div>
   <div class='ocr_carea' id='block_1_12' title="bbox 187 468 966 505">
    <p class='ocr_par' dir='ltr' id='par_1_12' title="bbox 187 468 966 505">
     <span class='ocr_line' id='line_1_12' title="bbox 187 468 966 505; baseline -0.008 -5"><span class='ocrx_word' id='word_1_50' title='bbox 187 473 249 504; x_wconf 89' lang='lat' dir='ltr'><strong>rati,</strong></span> <span class='ocrx_word' id='word_1_51' title='bbox 267 480 328 500; x_wconf 91' lang='lat' dir='ltr'><strong>cum</strong></span> <span class='ocrx_word' id='word_1_52' title='bbox 351 471 412 498; x_wconf 86' lang='lat' dir='ltr'><strong>aliis</strong></span> <span class='ocrx_word' id='word_1_53' title='bbox 429 471 554 505; x_wconf 80' lang='lat' dir='ltr'><strong>personis</strong></span> <span class='ocrx_word' id='word_1_54' title='bbox 573 470 606 498; x_wconf 87' lang='lat' dir='ltr'><strong>ad</strong></span> <span class='ocrx_word' id='word_1_55' title='bbox 628 470 782 504; x_wconf 81' lang='lat' dir='ltr'><strong>nuptiarum</strong></span> <span class='ocrx_word' id='word_1_56' title='bbox 795 468 966 496; x_wconf 87' lang='lat' dir='ltr'><strong>communio-</strong></span> 
     </span>
    </p>
   </div>
   <div class='ocr_carea' id='block_1_13' title="bbox 188 514 967 550">
    <p class='ocr_par' dir='ltr' id='par_1_13' title="bbox 188 514 967 550">
     <span class='ocr_line' id='line_1_13' title="bbox 188 514 967 550; baseline -0.008 -4"><span class='ocrx_word' id='word_1_57' title='bbox 188 526 250 546; x_wconf 82' lang='lat' dir='ltr'><strong>nem</strong></span> <span class='ocrx_word' id='word_1_58' title='bbox 278 525 341 545; x_wconf 89' lang='lat' dir='ltr'><strong>cum</strong></span> <span class='ocrx_word' id='word_1_59' title='bbox 354 517 503 548; x_wconf 80' lang='lat' dir='ltr'><strong>venissent,</strong></span> <span class='ocrx_word' id='word_1_60' title='bbox 518 524 600 550; x_wconf 86' lang='lat' dir='ltr'><strong>opera</strong></span> <span class='ocrx_word' id='word_1_61' title='bbox 616 520 758 550; x_wconf 87' lang='lat' dir='ltr'><strong>parentum</strong></span> <span class='ocrx_word' id='word_1_62' title='bbox 772 514 806 541; x_wconf 92' lang='lat' dir='ltr'><strong>ab</strong></span> <span class='ocrx_word' id='word_1_63' title='bbox 827 514 881 541; x_wconf 86' lang='lat' dir='ltr'><strong>alio</strong></span> <span class='ocrx_word' id='word_1_64' title='bbox 903 520 967 548; x_wconf 88' lang='lat' dir='ltr'><strong>pre-</strong></span> 
     </span>
    </p>
   </div>
   <div class='ocr_carea' id='block_1_14' title="bbox 187 559 965 599">
    <p class='ocr_par' dir='ltr' id='par_1_14' title="bbox 187 559 965 599">
     <span class='ocr_line' id='line_1_14' title="bbox 187 559 965 599; baseline -0.008 -8"><span class='ocrx_word' id='word_1_65' title='bbox 187 564 295 599; x_wconf 81' lang='lat' dir='ltr'><strong>sbytero</strong></span> <span class='ocrx_word' id='word_1_66' title='bbox 332 563 549 590; x_wconf 84' lang='lat' dir='ltr'><strong>benedictionem</strong></span> <span class='ocrx_word' id='word_1_67' title='bbox 592 561 756 596; x_wconf 83' lang='lat' dir='ltr'><strong>acceperint.</strong></span> <span class='ocrx_word' id='word_1_68' title='bbox 800 559 837 587; x_wconf 84' lang='lat' dir='ltr'><strong>De</strong></span> <span class='ocrx_word' id='word_1_69' title='bbox 876 559 965 594; x_wconf 89' lang='lat' dir='ltr'><strong>primo</strong></span> 
     </span>
    </p>
   </div>
   <div class='ocr_carea' id='block_1_15' title="bbox 187 607 966 645">
    <p class='ocr_par' dir='ltr' id='par_1_15' title="bbox 187 607 966 645">
     <span class='ocr_line' id='line_1_15' title="bbox 187 607 966 645; baseline -0.006 -8"><span class='ocrx_word' id='word_1_70' title='bbox 187 610 278 645; x_wconf 84' lang='lat' dir='ltr'><strong>itaque</strong></span> <span class='ocrx_word' id='word_1_71' title='bbox 297 610 454 645; x_wconf 84' lang='lat' dir='ltr'><strong>presbytero</strong></span> <span class='ocrx_word' id='word_1_72' title='bbox 467 611 505 637; x_wconf 84' lang='lat' dir='ltr'><strong>sic</strong></span> <span class='ocrx_word' id='word_1_73' title='bbox 524 609 695 636; x_wconf 84' lang='lat' dir='ltr'><strong>decernimus</strong></span> <span class='ocrx_word' id='word_1_74' title='bbox 709 616 717 634; x_wconf 87' lang='lat'><strong>:</strong></span> <span class='ocrx_word' id='word_1_75' title='bbox 732 607 753 634; x_wconf 91' lang='lat' dir='ltr'><strong>si</strong></span> <span class='ocrx_word' id='word_1_76' title='bbox 779 607 887 641; x_wconf 86' lang='lat' dir='ltr'><strong>quidem</strong></span> <span class='ocrx_word' id='word_1_77' title='bbox 901 613 966 633; x_wconf 82' lang='lat' dir='ltr'><strong>con-</strong></span> 
     </span>
    </p>
   </div>
   <div class='ocr_carea' id='block_1_16' title="bbox 187 651 964 691">
    <p class='ocr_par' dir='ltr' id='par_1_16' title="bbox 187 651 964 691">
     <span class='ocr_line' id='line_1_16' title="bbox 187 651 964 691; baseline -0.006 -8"><span class='ocrx_word' id='word_1_78' title='bbox 187 656 276 683; x_wconf 71' lang='lat' dir='ltr'><strong>trariae</strong></span> <span class='ocrx_word' id='word_1_79' title='bbox 300 660 442 691; x_wconf 88' lang='lat' dir='ltr'><strong>parentum</strong></span> <span class='ocrx_word' id='word_1_80' title='bbox 478 654 623 682; x_wconf 78' lang='lat' dir='ltr'><strong>voluntatis</strong></span> <span class='ocrx_word' id='word_1_81' title='bbox 644 654 765 689; x_wconf 74' lang='lat' dir='ltr'><strong>ignarus,</strong></span> <span class='ocrx_word' id='word_1_82' title='bbox 791 661 824 679; x_wconf 88' lang='lat' dir='ltr'><strong>ex</strong></span> <span class='ocrx_word' id='word_1_83' title='bbox 849 651 964 684; x_wconf 84' lang='lat' dir='ltr'><strong>inscitia,</strong></span> 
     </span>
    </p>
   </div>
   <div class='ocr_carea' id='block_1_17' title="bbox 186 698 965 735">
    <p class='ocr_par' dir='ltr' id='par_1_17' title="bbox 186 698 965 735">
     <span class='ocr_line' id='line_1_17' title="bbox 186 698 965 735; baseline -0.004 -8"><span class='ocrx_word' id='word_1_84' title='bbox 186 702 214 727; x_wconf 93' lang='lat' dir='ltr'><strong>in</strong></span> <span class='ocrx_word' id='word_1_85' title='bbox 235 701 399 728; x_wconf 90' lang='lat' dir='ltr'><strong>coronandis</strong></span> <span class='ocrx_word' id='word_1_86' title='bbox 419 701 478 728; x_wconf 86' lang='lat' dir='ltr'><strong>istis</strong></span> <span class='ocrx_word' id='word_1_87' title='bbox 498 708 558 735; x_wconf 65' lang='lat' dir='ltr'><strong>quae</strong></span> <span class='ocrx_word' id='word_1_88' title='bbox 579 704 767 727; x_wconf 87' lang='lat' dir='ltr'><strong>convenerunt</strong></span> <span class='ocrx_word' id='word_1_89' title='bbox 789 699 921 733; x_wconf 86' lang='lat' dir='ltr'><strong>personis,</strong></span> <span class='ocrx_word' id='word_1_90' title='bbox 938 698 965 724; x_wconf 93' lang='lat' dir='ltr'><strong>in</strong></span> 
     </span>
    </p>
   </div>
   <div class='ocr_carea' id='block_1_18' title="bbox 186 744 966 781">
    <p class='ocr_par' dir='ltr' id='par_1_18' title="bbox 186 744 966 781">
     <span class='ocr_line' id='line_1_18' title="bbox 186 744 966 781; baseline -0.003 -9"><span class='ocrx_word' id='word_1_91' title='bbox 186 754 304 774; x_wconf 84' lang='lat' dir='ltr'><strong>errorem</strong></span> <span class='ocrx_word' id='word_1_92' title='bbox 320 747 412 781; x_wconf 85' lang='lat' dir='ltr'><strong>lapsus</strong></span> <span class='ocrx_word' id='word_1_93' title='bbox 429 748 474 779; x_wconf 86' lang='lat' dir='ltr'><strong>sit,</strong></span> <span class='ocrx_word' id='word_1_94' title='bbox 491 746 552 773; x_wconf 88' lang='lat' dir='ltr'><strong>talis</strong></span> <span class='ocrx_word' id='word_1_95' title='bbox 564 752 626 774; x_wconf 91' lang='lat' dir='ltr'><strong>cum</strong></span> <span class='ocrx_word' id='word_1_96' title='bbox 648 746 692 777; x_wconf 88' lang='lat' dir='ltr'><strong>sit,</strong></span> <span class='ocrx_word' id='word_1_97' title='bbox 708 753 762 772; x_wconf 87' lang='lat' dir='ltr'><strong>non</strong></span> <span class='ocrx_word' id='word_1_98' title='bbox 781 752 891 780; x_wconf 88' lang='lat' dir='ltr'><strong>prorsus</strong></span> <span class='ocrx_word' id='word_1_99' title='bbox 904 744 966 771; x_wconf 71' lang='lat' dir='ltr'><strong>lata:</strong></span> 
     </span>
    </p>
   </div>
   <div class='ocr_carea' id='block_1_19' title="bbox 187 790 965 826">
    <p class='ocr_par' dir='ltr' id='par_1_19' title="bbox 187 790 965 826">
     <span class='ocr_line' id='line_1_19' title="bbox 187 790 965 826; baseline -0.004 -7"><span class='ocrx_word' id='word_1_100' title='bbox 187 792 273 826; x_wconf 70' lang='lat' dir='ltr'><strong>culpae</strong></span> <span class='ocrx_word' id='word_1_101' title='bbox 296 792 439 824; x_wconf 79' lang='lat' dir='ltr'><strong>obnoxius,</strong></span> <span class='ocrx_word' id='word_1_102' title='bbox 470 796 596 826; x_wconf 87' lang='lat' dir='ltr'><strong>tanquam</strong></span> <span class='ocrx_word' id='word_1_103' title='bbox 619 791 653 818; x_wconf 89' lang='lat' dir='ltr'><strong>de</strong></span> <span class='ocrx_word' id='word_1_104' title='bbox 676 790 827 817; x_wconf 86' lang='lat' dir='ltr'><strong>voluntario</strong></span> <span class='ocrx_word' id='word_1_105' title='bbox 854 794 965 824; x_wconf 84' lang='lat' dir='ltr'><strong>peccato</strong></span> 
     </span>
    </p>
   </div>
   <div class='ocr_carea' id='block_1_20' title="bbox 187 835 964 870">
    <p class='ocr_par' dir='ltr' id='par_1_20' title="bbox 187 835 964 870">
     <span class='ocr_line' id='line_1_20' title="bbox 187 835 964 870; baseline -0.003 -6"><span class='ocrx_word' id='word_1_106' title='bbox 187 837 357 865; x_wconf 79' lang='lat' dir='ltr'><strong>damnandus</strong></span> <span class='ocrx_word' id='word_1_107' title='bbox 373 842 414 864; x_wconf 89' lang='lat' dir='ltr'><strong>est</strong></span> <span class='ocrx_word' id='word_1_108' title='bbox 430 842 436 864; x_wconf 72' lang='grc' dir='ltr'>ε</span> <span class='ocrx_word' id='word_1_109' title='bbox 455 844 508 864; x_wconf 90' lang='lat' dir='ltr'><strong>non</strong></span> <span class='ocrx_word' id='word_1_110' title='bbox 526 842 615 864; x_wconf 88' lang='lat' dir='ltr'><strong>tamen</strong></span> <span class='ocrx_word' id='word_1_111' title='bbox 638 842 763 870; x_wconf 86' lang='lat' dir='ltr'><strong>tanquam</strong></span> <span class='ocrx_word' id='word_1_112' title='bbox 778 835 866 862; x_wconf 90' lang='lat' dir='ltr'><strong>omnis</strong></span> <span class='ocrx_word' id='word_1_113' title='bbox 879 835 964 870; x_wconf 66' lang='lat' dir='ltr'><strong>culpae</strong></span> 
     </span>
    </p>
   </div>
   <div class='ocr_carea' id='block_1_21' title="bbox 185 882 965 918">
    <p class='ocr_par' dir='ltr' id='par_1_21' title="bbox 185 882 965 918">
     <span class='ocr_line' id='line_1_21' title="bbox 185 882 965 918; baseline -0.001 -8"><span class='ocrx_word' id='word_1_114' title='bbox 185 891 283 918; x_wconf 79' lang='lat' dir='ltr'><strong>expers</strong></span> <span class='ocrx_word' id='word_1_115' title='bbox 295 883 491 916; x_wconf 84' lang='lat' dir='ltr'><strong>dimittendus;</strong></span> <span class='ocrx_word' id='word_1_116' title='bbox 512 883 632 918; x_wconf 91' lang='lat' dir='ltr'><strong>oportuit</strong></span> <span class='ocrx_word' id='word_1_117' title='bbox 647 883 718 910; x_wconf 87' lang='lat' dir='ltr'><strong>enim</strong></span> <span class='ocrx_word' id='word_1_118' title='bbox 734 882 822 917; x_wconf 89' lang='lat' dir='ltr'><strong>ipsum</strong></span> <span class='ocrx_word' id='word_1_119' title='bbox 838 887 965 909; x_wconf 83' lang='lat' dir='ltr'><strong>accurate</strong></span> 
     </span>
    </p>
   </div>
   <div class='ocr_carea' id='block_1_22' title="bbox 185 929 964 962">
    <p class='ocr_par' dir='ltr' id='par_1_22' title="bbox 185 929 964 962">
     <span class='ocr_line' id='line_1_22' title="bbox 185 929 964 962; baseline -0.003 -6"><span class='ocrx_word' id='word_1_120' title='bbox 185 929 370 962; x_wconf 80' lang='lat' dir='ltr'><strong>sciscitatum,</strong></span> <span class='ocrx_word' id='word_1_121' title='bbox 403 929 544 956; x_wconf 84' lang='lat' dir='ltr'><strong>rescivisse</strong></span> <span class='ocrx_word' id='word_1_122' title='bbox 572 936 636 956; x_wconf 92' lang='lat' dir='ltr'><strong>num</strong></span> <span class='ocrx_word' id='word_1_123' title='bbox 660 929 799 956; x_wconf 80' lang='lat' dir='ltr'><strong>voluntate</strong></span> <span class='ocrx_word' id='word_1_124' title='bbox 823 933 964 962; x_wconf 84' lang='lat' dir='ltr'><strong>parentum</strong></span> 
     </span>
    </p>
   </div>
   <div class='ocr_carea' id='block_1_23' title="bbox 184 975 963 1010">
    <p class='ocr_par' dir='ltr' id='par_1_23' title="bbox 184 975 963 1010">
     <span class='ocr_line' id='line_1_23' title="bbox 184 975 963 1010; baseline -0.003 -8"><span class='ocrx_word' id='word_1_125' title='bbox 184 975 231 1009; x_wconf 88' lang='lat' dir='ltr'><strong>qui</strong></span> <span class='ocrx_word' id='word_1_126' title='bbox 257 975 290 1002; x_wconf 87' lang='lat' dir='ltr'><strong>ad</strong></span> <span class='ocrx_word' id='word_1_127' title='bbox 316 976 426 1010; x_wconf 83' lang='lat' dir='ltr'><strong>nuptias</strong></span> <span class='ocrx_word' id='word_1_128' title='bbox 449 976 573 1007; x_wconf 82' lang='lat' dir='ltr'><strong>coibant,</strong></span> <span class='ocrx_word' id='word_1_129' title='bbox 589 975 743 1010; x_wconf 78' lang='lat' dir='ltr'><strong>conjugium</strong></span> <span class='ocrx_word' id='word_1_130' title='bbox 760 975 963 1002; x_wconf 85' lang='lat' dir='ltr'><strong>contraherent.</strong></span> 
     </span>
    </p>
   </div>
   <div class='ocr_carea' id='block_1_24' title="bbox 185 1019 962 1056">
    <p class='ocr_par' dir='ltr' id='par_1_24' title="bbox 185 1019 962 1056">
     <span class='ocr_line' id='line_1_24' title="bbox 185 1019 962 1056; baseline -0.003 -8"><span class='ocrx_word' id='word_1_131' title='bbox 185 1021 288 1049; x_wconf 88' lang='lat' dir='ltr'><strong>Idcirco</strong></span> <span class='ocrx_word' id='word_1_132' title='bbox 309 1022 414 1049; x_wconf 87' lang='lat' dir='ltr'><strong>ordinis</strong></span> <span class='ocrx_word' id='word_1_133' title='bbox 441 1022 481 1049; x_wconf 87' lang='lat' dir='ltr'><strong>sui</strong></span> <span class='ocrx_word' id='word_1_134' title='bbox 508 1022 621 1056; x_wconf 59' lang='lat' dir='ltr'><strong>jactura;</strong></span> <span class='ocrx_word' id='word_1_135' title='bbox 648 1021 710 1047; x_wconf 85' lang='lat' dir='ltr'><strong>talis</strong></span> <span class='ocrx_word' id='word_1_136' title='bbox 732 1028 785 1046; x_wconf 86' lang='lat' dir='ltr'><strong>non</strong></span> <span class='ocrx_word' id='word_1_137' title='bbox 811 1019 962 1053; x_wconf 84' lang='lat' dir='ltr'><strong>subjicitur,</strong></span> 
     </span>
    </p>
   </div>
   <div class='ocr_carea' id='block_1_25' title="bbox 184 1068 965 1104">
    <p class='ocr_par' dir='ltr' id='par_1_25' title="bbox 184 1068 965 1104">
     <span class='ocr_line' id='line_1_25' title="bbox 184 1068 965 1104; baseline -0.001 -10"><span class='ocrx_word' id='word_1_138' title='bbox 184 1068 232 1095; x_wconf 81' lang='lat' dir='ltr'><strong>sed</strong></span> <span class='ocrx_word' id='word_1_139' title='bbox 266 1069 299 1095; x_wconf 88' lang='lat' dir='ltr'><strong>ad</strong></span> <span class='ocrx_word' id='word_1_140' title='bbox 347 1073 453 1104; x_wconf 84' lang='lat' dir='ltr'><strong>tempus</strong></span> <span class='ocrx_word' id='word_1_141' title='bbox 491 1068 668 1096; x_wconf 86' lang='lat' dir='ltr'><strong>constitutum</strong></span> <span class='ocrx_word' id='word_1_142' title='bbox 695 1076 772 1096; x_wconf 86' lang='lat' dir='ltr'><strong>sacro</strong></span> <span class='ocrx_word' id='word_1_143' title='bbox 804 1068 965 1095; x_wconf 84' lang='lat' dir='ltr'><strong>celebrando</strong></span> 
     </span>
    </p>
   </div>
   <div class='ocr_carea' id='block_1_26' title="bbox 183 1114 964 1155">
    <p class='ocr_par' dir='ltr' id='par_1_26' title="bbox 183 1114 964 1155">
     <span class='ocr_line' id='line_1_26' title="bbox 183 1114 964 1155; baseline 0 -15"><span class='ocrx_word' id='word_1_144' title='bbox 183 1114 398 1149; x_wconf 84' lang='lat' dir='ltr'><strong>prohibebitur;</strong></span> <span class='ocrx_word' id='word_1_145' title='bbox 421 1120 479 1142; x_wconf 86' lang='lat' dir='ltr'><strong>tum</strong></span> <span class='ocrx_word' id='word_1_146' title='bbox 497 1136 503 1147; x_wconf 88' lang='grc'><strong>,</strong></span> <span class='ocrx_word' id='word_1_147' title='bbox 537 1123 596 1142; x_wconf 89' lang='lat' dir='ltr'><strong>eam</strong></span> <span class='ocrx_word' id='word_1_148' title='bbox 627 1121 687 1149; x_wconf 70' lang='lat' dir='ltr'><strong>qum</strong></span> <span class='ocrx_word' id='word_1_149' title='bbox 716 1114 743 1141; x_wconf 89' lang='lat' dir='ltr'><strong>in</strong></span> <span class='ocrx_word' id='word_1_150' title='bbox 767 1114 878 1148; x_wconf 82' lang='lat' dir='ltr'><strong>reliquis</strong></span> <span class='ocrx_word' id='word_1_151' title='bbox 897 1121 964 1155; x_wconf 58' lang='lat' dir='ltr'><strong>.cer-</strong></span> 
     </span>
    </p>
   </div>
   <div class='ocr_carea' id='block_1_27' title="bbox 184 1160 964 1196">
    <p class='ocr_par' dir='ltr' id='par_1_27' title="bbox 184 1160 964 1196">
     <span class='ocr_line' id='line_1_27' title="bbox 184 1160 964 1196; baseline -0.001 -9"><span class='ocrx_word' id='word_1_152' title='bbox 184 1160 259 1187; x_wconf 91' lang='lat' dir='ltr'><strong>nitur</strong></span> <span class='ocrx_word' id='word_1_153' title='bbox 289 1162 495 1192; x_wconf 76' lang='lat' dir='ltr'><strong>austeritatem,</strong></span> <span class='ocrx_word' id='word_1_154' title='bbox 524 1161 636 1196; x_wconf 85' lang='lat' dir='ltr'><strong>jejuniis</strong></span> <span class='ocrx_word' id='word_1_155' title='bbox 662 1160 763 1188; x_wconf 85' lang='lat' dir='ltr'><strong>scilicet</strong></span> <span class='ocrx_word' id='word_1_156' title='bbox 793 1166 872 1195; x_wconf 88' lang='lat' dir='ltr'><strong>atque</strong></span> <span class='ocrx_word' id='word_1_157' title='bbox 903 1168 964 1186; x_wconf 85' lang='lat' dir='ltr'><strong>ora-</strong></span> 
     </span>
    </p>
   </div>
   <div class='ocr_carea' id='block_1_28' title="bbox 185 1206 963 1242">
    <p class='ocr_par' dir='ltr' id='par_1_28' title="bbox 185 1206 963 1242">
     <span class='ocr_line' id='line_1_28' title="bbox 185 1206 963 1242; baseline 0.001 -11"><span class='ocrx_word' id='word_1_158' title='bbox 185 1206 315 1239; x_wconf 82' lang='lat' dir='ltr'><strong>tionibus,</strong></span> <span class='ocrx_word' id='word_1_159' title='bbox 337 1207 452 1234; x_wconf 81' lang='lat' dir='ltr'><strong>subibit:</strong></span> <span class='ocrx_word' id='word_1_160' title='bbox 469 1212 575 1242; x_wconf 80' lang='lat' dir='ltr'><strong>tempus</strong></span> <span class='ocrx_word' id='word_1_161' title='bbox 590 1212 679 1234; x_wconf 83' lang='lat' dir='ltr'><strong>autem</strong></span> <span class='ocrx_word' id='word_1_162' title='bbox 696 1215 784 1242; x_wconf 70' lang='lat' dir='ltr'><strong>poena:</strong></span> <span class='ocrx_word' id='word_1_163' title='bbox 804 1206 963 1236; x_wconf 78' lang='lat' dir='ltr'><strong>subeumhe,</strong></span> 
     </span>
    </p>
   </div>
   <div class='ocr_carea' id='block_1_29' title="bbox 183 1252 961 1288">
    <p class='ocr_par' dir='ltr' id='par_1_29' title="bbox 183 1252 961 1288">
     <span class='ocr_line' id='line_1_29' title="bbox 183 1252 961 1288; baseline -0.001 -9"><span class='ocrx_word' id='word_1_164' title='bbox 183 1254 225 1280; x_wconf 88' lang='lat' dir='ltr'><strong>vel</strong></span> <span class='ocrx_word' id='word_1_165' title='bbox 241 1253 274 1280; x_wconf 90' lang='lat' dir='ltr'><strong>ad</strong></span> <span class='ocrx_word' id='word_1_166' title='bbox 288 1253 462 1288; x_wconf 71' lang='lat' dir='ltr'><strong>quadraginta</strong></span> <span class='ocrx_word' id='word_1_167' title='bbox 473 1253 539 1285; x_wconf 87' lang='lat' dir='ltr'><strong>dies,</strong></span> <span class='ocrx_word' id='word_1_168' title='bbox 555 1253 597 1279; x_wconf 86' lang='lat' dir='ltr'><strong>vel</strong></span> <span class='ocrx_word' id='word_1_169' title='bbox 611 1253 651 1280; x_wconf 87' lang='lat' dir='ltr'><strong>bis</strong></span> <span class='ocrx_word' id='word_1_170' title='bbox 665 1253 776 1279; x_wconf 89' lang='lat' dir='ltr'><strong>totidem</strong></span> <span class='ocrx_word' id='word_1_171' title='bbox 792 1252 961 1284; x_wconf 84' lang='lat' dir='ltr'><strong>extendetur,</strong></span> 
     </span>
    </p>
   </div>
   <div class='ocr_carea' id='block_1_30' title="bbox 183 1298 964 1334">
    <p class='ocr_par' dir='ltr' id='par_1_30' title="bbox 183 1298 964 1334">
     <span class='ocr_line' id='line_1_30' title="bbox 183 1298 964 1334; baseline -0.001 -9"><span class='ocrx_word' id='word_1_172' title='bbox 183 1306 233 1334; x_wconf 90' lang='lat' dir='ltr'><strong>pro</strong></span> <span class='ocrx_word' id='word_1_173' title='bbox 248 1299 353 1326; x_wconf 80' lang='lat' dir='ltr'><strong>ratione</strong></span> <span class='ocrx_word' id='word_1_174' title='bbox 368 1299 453 1333; x_wconf 88' lang='lat' dir='ltr'><strong>ipsius</strong></span> <span class='ocrx_word' id='word_1_175' title='bbox 474 1299 499 1325; x_wconf 92' lang='lat' dir='ltr'><strong>in</strong></span> <span class='ocrx_word' id='word_1_176' title='bbox 515 1298 674 1333; x_wconf 70' lang='lat' dir='ltr'><strong>poenitentia</strong></span> <span class='ocrx_word' id='word_1_177' title='bbox 691 1298 824 1330; x_wconf 81' lang='lat' dir='ltr'><strong>fervoris;</strong></span> <span class='ocrx_word' id='word_1_178' title='bbox 851 1305 885 1325; x_wconf 93' lang='lat' dir='ltr'><strong>ne</strong></span> <span class='ocrx_word' id='word_1_179' title='bbox 907 1305 964 1324; x_wconf 85' lang='lat' dir='ltr'><strong>am—</strong></span> 
     </span>
    </p>
   </div>
   <div class='ocr_carea' id='block_1_31' title="bbox 182 1344 964 1379">
    <p class='ocr_par' dir='ltr' id='par_1_31' title="bbox 182 1344 964 1379">
     <span class='ocr_line' id='line_1_31' title="bbox 182 1344 964 1379; baseline 0.001 -8"><span class='ocrx_word' id='word_1_180' title='bbox 182 1344 254 1379; x_wconf 82' lang='lat' dir='ltr'><strong>plius</strong></span> <span class='ocrx_word' id='word_1_181' title='bbox 269 1345 296 1371; x_wconf 90' lang='lat' dir='ltr'><strong>in</strong></span> <span class='ocrx_word' id='word_1_182' title='bbox 311 1345 444 1379; x_wconf 85' lang='lat' dir='ltr'><strong>ejusmodi</strong></span> <span class='ocrx_word' id='word_1_183' title='bbox 459 1345 521 1377; x_wconf 89' lang='lat' dir='ltr'><strong>quid</strong></span> <span class='ocrx_word' id='word_1_184' title='bbox 532 1345 635 1376; x_wconf 83' lang='lat' dir='ltr'><strong>delicti.</strong></span> <span class='ocrx_word' id='word_1_185' title='bbox 652 1352 685 1371; x_wconf 88' lang='lat' dir='ltr'><strong>ex</strong></span> <span class='ocrx_word' id='word_1_186' title='bbox 698 1345 812 1375; x_wconf 86' lang='lat' dir='ltr'><strong>incuria,</strong></span> <span class='ocrx_word' id='word_1_187' title='bbox 826 1344 964 1379; x_wconf 86' lang='lat' dir='ltr'><strong>animique</strong></span> 
     </span>
    </p>
   </div>
   <div class='ocr_carea' id='block_1_32' title="bbox 184 1390 961 1426">
    <p class='ocr_par' dir='ltr' id='par_1_32' title="bbox 184 1390 961 1426">
     <span class='ocr_line' id='line_1_32' title="bbox 184 1390 961 1426; baseline 0.001 -9"><span class='ocrx_word' id='word_1_188' title='bbox 184 1391 290 1426; x_wconf 77' lang='lat' dir='ltr'><strong>ignavia</strong></span> <span class='ocrx_word' id='word_1_189' title='bbox 308 1391 418 1418; x_wconf 85' lang='lat' dir='ltr'><strong>incidat.</strong></span> <span class='ocrx_word' id='word_1_190' title='bbox 436 1390 491 1417; x_wconf 84' lang='lat' dir='ltr'><strong>Hoc</strong></span> <span class='ocrx_word' id='word_1_191' title='bbox 505 1391 585 1426; x_wconf 82' lang='lat' dir='ltr'><strong>igitur</strong></span> <span class='ocrx_word' id='word_1_192' title='bbox 597 1390 728 1422; x_wconf 86' lang='lat' dir='ltr'><strong>obtineat,</strong></span> <span class='ocrx_word' id='word_1_193' title='bbox 741 1391 763 1418; x_wconf 87' lang='lat' dir='ltr'><strong>si</strong></span> <span class='ocrx_word' id='word_1_194' title='bbox 780 1391 813 1418; x_wconf 91' lang='lat' dir='ltr'><strong>ad</strong></span> <span class='ocrx_word' id='word_1_195' title='bbox 830 1391 961 1418; x_wconf 82' lang='lat' dir='ltr'><strong>inscitiam</strong></span> 
     </span>
    </p>
   </div>
   <div class='ocr_carea' id='block_1_33' title="bbox 183 1434 962 1470">
    <p class='ocr_par' dir='ltr' id='par_1_33' title="bbox 183 1434 962 1470">
     <span class='ocr_line' id='line_1_33' title="bbox 183 1434 962 1470; baseline 0 -8"><span class='ocrx_word' id='word_1_196' title='bbox 183 1440 325 1469; x_wconf 88' lang='lat' dir='ltr'><strong>peccatum</strong></span> <span class='ocrx_word' id='word_1_197' title='bbox 351 1434 460 1461; x_wconf 87' lang='lat' dir='ltr'><strong>referat.</strong></span> <span class='ocrx_word' id='word_1_198' title='bbox 489 1434 566 1467; x_wconf 86' lang='lat' dir='ltr'><strong>Quod</strong></span> <span class='ocrx_word' id='word_1_199' title='bbox 588 1435 610 1461; x_wconf 88' lang='lat' dir='ltr'><strong>si</strong></span> <span class='ocrx_word' id='word_1_200' title='bbox 630 1435 794 1462; x_wconf 83' lang='lat' dir='ltr'><strong>voluntatem</strong></span> <span class='ocrx_word' id='word_1_201' title='bbox 820 1440 962 1470; x_wconf 81' lang='lat' dir='ltr'><strong>parentum</strong></span> 
     </span>
    </p>
   </div>
   <div class='ocr_carea' id='block_1_34' title="bbox 183 1478 967 1519">
    <p class='ocr_par' dir='ltr' id='par_1_34' title="bbox 183 1478 967 1519">
     <span class='ocr_line' id='line_1_34' title="bbox 183 1478 967 1519; baseline 0.001 -13"><span class='ocrx_word' id='word_1_202' title='bbox 183 1479 328 1506; x_wconf 87' lang='lat' dir='ltr'><strong>consensui</strong></span> <span class='ocrx_word' id='word_1_203' title='bbox 345 1478 408 1506; x_wconf 83' lang='lat' dir='ltr'><strong>huic</strong></span> <span class='ocrx_word' id='word_1_204' title='bbox 420 1483 448 1506; x_wconf 90' lang='lat' dir='ltr'><strong>et</strong></span> <span class='ocrx_word' id='word_1_205' title='bbox 462 1480 588 1514; x_wconf 76' lang='lat' dir='ltr'><strong>conjugio</strong></span> <span class='ocrx_word' id='word_1_206' title='bbox 604 1479 740 1506; x_wconf 87' lang='lat' dir='ltr'><strong>adversari</strong></span> <span class='ocrx_word' id='word_1_207' title='bbox 762 1480 852 1513; x_wconf 88' lang='lat' dir='ltr'><strong>sciret,</strong></span> <span class='ocrx_word' id='word_1_208' title='bbox 864 1485 890 1507; x_wconf 86' lang='lat' dir='ltr'><strong>et</strong></span> <span class='ocrx_word' id='word_1_209' title='bbox 902 1481 967 1519; x_wconf 60' lang='lat' dir='ltr'><strong>ejus</strong></span> 
     </span>
    </p>
   </div>
   <div class='ocr_carea' id='block_1_35' title="bbox 183 1525 962 1560">
    <p class='ocr_par' dir='ltr' id='par_1_35' title="bbox 183 1525 962 1560">
     <span class='ocr_line' id='line_1_35' title="bbox 183 1525 962 1560; baseline 0 -8"><span class='ocrx_word' id='word_1_210' title='bbox 183 1532 238 1552; x_wconf 87' lang='lat' dir='ltr'><strong>non</strong></span> <span class='ocrx_word' id='word_1_211' title='bbox 254 1525 373 1560; x_wconf 76' lang='lat' dir='ltr'><strong>ignarus,</strong></span> <span class='ocrx_word' id='word_1_212' title='bbox 387 1530 444 1552; x_wconf 90' lang='lat' dir='ltr'><strong>tum</strong></span> <span class='ocrx_word' id='word_1_213' title='bbox 468 1525 618 1552; x_wconf 85' lang='lat' dir='ltr'><strong>naturalem</strong></span> <span class='ocrx_word' id='word_1_214' title='bbox 634 1525 732 1560; x_wconf 78' lang='lat' dir='ltr'><strong>Legem</strong></span> <span class='ocrx_word' id='word_1_215' title='bbox 757 1529 814 1552; x_wconf 91' lang='lat' dir='ltr'><strong>tum</strong></span> <span class='ocrx_word' id='word_1_216' title='bbox 834 1526 962 1560; x_wconf 87' lang='lat' dir='ltr'><strong>spiritua-</strong></span> 
     </span>
    </p>
   </div>
   <div class='ocr_carea' id='block_1_36' title="bbox 183 1568 998 1606">
    <p class='ocr_par' dir='ltr' id='par_1_36' title="bbox 183 1568 998 1606">
     <span class='ocr_line' id='line_1_36' title="bbox 183 1568 998 1606; baseline 0.002 -10"><span class='ocrx_word' id='word_1_217' title='bbox 183 1568 237 1596; x_wconf 87' lang='lat' dir='ltr'><strong>lem</strong></span> <span class='ocrx_word' id='word_1_218' title='bbox 249 1570 424 1605; x_wconf 87' lang='lat' dir='ltr'><strong>contempsit,</strong></span> <span class='ocrx_word' id='word_1_219' title='bbox 436 1577 551 1605; x_wconf 87' lang='lat' dir='ltr'><strong>quorum</strong></span> <span class='ocrx_word' id='word_1_220' title='bbox 563 1575 677 1604; x_wconf 72' lang='lat' dir='ltr'><strong>uterque</strong></span> <span class='ocrx_word' id='word_1_221' title='bbox 691 1570 795 1597; x_wconf 90' lang='lat' dir='ltr'><strong>irritum</strong></span> <span class='ocrx_word' id='word_1_222' title='bbox 807 1571 962 1606; x_wconf 69' lang='lat' dir='ltr'><strong>coniugium</strong></span> <span class='ocrx_word' id='word_1_223' title='bbox 976 1577 998 1606; x_wconf 71' lang='grc' dir='ltr'>α</span> 
     </span>
    </p>
   </div>
   <div class='ocr_carea' id='block_1_37' title="bbox 183 1615 963 1652">
    <p class='ocr_par' dir='ltr' id='par_1_37' title="bbox 183 1615 963 1652">
     <span class='ocr_line' id='line_1_37' title="bbox 183 1615 963 1652; baseline 0.003 -11"><span class='ocrx_word' id='word_1_224' title='bbox 183 1615 353 1650; x_wconf 88' lang='lat' dir='ltr'><strong>pronuntiat,</strong></span> <span class='ocrx_word' id='word_1_225' title='bbox 381 1615 539 1650; x_wconf 79' lang='lat' dir='ltr'><strong>parentibus</strong></span> <span class='ocrx_word' id='word_1_226' title='bbox 566 1622 694 1643; x_wconf 88' lang='lat' dir='ltr'><strong>assensus</strong></span> <span class='ocrx_word' id='word_1_227' title='bbox 725 1616 767 1642; x_wconf 90' lang='lat' dir='ltr'><strong>sui</strong></span> <span class='ocrx_word' id='word_1_228' title='bbox 805 1616 963 1652; x_wconf 76' lang='lat' dir='ltr'><strong>suﬂragium</strong></span> 
     </span>
    </p>
   </div>
   <div class='ocr_carea' id='block_1_38' title="bbox 184 1660 963 1696">
    <p class='ocr_par' dir='ltr' id='par_1_38' title="bbox 184 1660 963 1696">
     <span class='ocr_line' id='line_1_38' title="bbox 184 1660 963 1696; baseline 0.003 -8"><span class='ocrx_word' id='word_1_229' title='bbox 184 1667 239 1687; x_wconf 91' lang='lat' dir='ltr'><strong>non</strong></span> <span class='ocrx_word' id='word_1_230' title='bbox 258 1660 419 1693; x_wconf 88' lang='lat' dir='ltr'><strong>ferentibus,</strong></span> <span class='ocrx_word' id='word_1_231' title='bbox 434 1669 521 1696; x_wconf 78' lang='lat' dir='ltr'><strong>poenae</strong></span> <span class='ocrx_word' id='word_1_232' title='bbox 535 1662 587 1689; x_wconf 87' lang='lat' dir='ltr'><strong>rite</strong></span> <span class='ocrx_word' id='word_1_233' title='bbox 602 1662 736 1689; x_wconf 83' lang='lat' dir='ltr'><strong>obnoxius</strong></span> <span class='ocrx_word' id='word_1_234' title='bbox 747 1667 814 1689; x_wconf 86' lang='lat' dir='ltr'><strong>esto.</strong></span> <span class='ocrx_word' id='word_1_235' title='bbox 828 1662 855 1689; x_wconf 89' lang='lat' dir='ltr'><strong>Si</strong></span> <span class='ocrx_word' id='word_1_236' title='bbox 872 1667 963 1691; x_wconf 86' lang='lat' dir='ltr'><strong>tamen</strong></span> 
     </span>
    </p>
   </div>
   <div class='ocr_carea' id='block_1_39' title="bbox 183 1708 964 1744">
    <p class='ocr_par' dir='ltr' id='par_1_39' title="bbox 183 1708 964 1744">
     <span class='ocr_line' id='line_1_39' title="bbox 183 1708 964 1744; baseline 0.005 -11"><span class='ocrx_word' id='word_1_237' title='bbox 183 1712 321 1741; x_wconf 74' lang='lat' dir='ltr'><strong>parentes,</strong></span> <span class='ocrx_word' id='word_1_238' title='bbox 340 1713 482 1742; x_wconf 86' lang='lat' dir='ltr'><strong>postquam</strong></span> <span class='ocrx_word' id='word_1_239' title='bbox 509 1711 574 1735; x_wconf 65' lang='lat' dir='ltr'><strong>atas</strong></span> <span class='ocrx_word' id='word_1_240' title='bbox 591 1708 737 1735; x_wconf 83' lang='lat' dir='ltr'><strong>liberorum</strong></span> <span class='ocrx_word' id='word_1_241' title='bbox 755 1716 802 1742; x_wconf 87' lang='lat' dir='ltr'><strong>per</strong></span> <span class='ocrx_word' id='word_1_242' title='bbox 814 1709 886 1744; x_wconf 80' lang='lat' dir='ltr'><strong>leges</strong></span> <span class='ocrx_word' id='word_1_243' title='bbox 905 1710 964 1737; x_wconf 83' lang='lat' dir='ltr'><strong>ido—</strong></span> 
     </span>
    </p>
   </div>
   <div class='ocr_carea' id='block_1_40' title="bbox 184 1752 964 1790">
    <p class='ocr_par' dir='ltr' id='par_1_40' title="bbox 184 1752 964 1790">
     <span class='ocr_line' id='line_1_40' title="bbox 184 1752 964 1790; baseline 0.005 -12"><span class='ocrx_word' id='word_1_244' title='bbox 184 1760 234 1779; x_wconf 86' lang='lat' dir='ltr'><strong>nea</strong></span> <span class='ocrx_word' id='word_1_245' title='bbox 249 1752 282 1780; x_wconf 88' lang='lat' dir='ltr'><strong>ad</strong></span> <span class='ocrx_word' id='word_1_246' title='bbox 306 1753 414 1788; x_wconf 67' lang='lat' dir='ltr'><strong>nuptias</strong></span> <span class='ocrx_word' id='word_1_247' title='bbox 437 1758 519 1786; x_wconf 84' lang='lat' dir='ltr'><strong>esset,</strong></span> <span class='ocrx_word' id='word_1_248' title='bbox 536 1753 621 1780; x_wconf 89' lang='lat' dir='ltr'><strong>dilato</strong></span> <span class='ocrx_word' id='word_1_249' title='bbox 640 1761 689 1788; x_wconf 87' lang='lat' dir='ltr'><strong>per</strong></span> <span class='ocrx_word' id='word_1_250' title='bbox 707 1754 814 1789; x_wconf 77' lang='lat' dir='ltr'><strong>longum</strong></span> <span class='ocrx_word' id='word_1_251' title='bbox 835 1756 964 1790; x_wconf 87' lang='lat' dir='ltr'><strong>temporis</strong></span> 
     </span>
    </p>
   </div>
   <div class='ocr_carea' id='block_1_41' title="bbox 183 1797 963 1835">
    <p class='ocr_par' dir='ltr' id='par_1_41' title="bbox 183 1797 963 1835">
     <span class='ocr_line' id='line_1_41' title="bbox 183 1797 963 1835; baseline 0.005 -11"><span class='ocrx_word' id='word_1_252' title='bbox 183 1797 301 1831; x_wconf 86' lang='lat' dir='ltr'><strong>spatium</strong></span> <span class='ocrx_word' id='word_1_253' title='bbox 314 1799 450 1834; x_wconf 67' lang='lat' dir='ltr'><strong>coniugio,</strong></span> <span class='ocrx_word' id='word_1_254' title='bbox 463 1798 651 1826; x_wconf 79' lang='lat' dir='ltr'><strong>necessitatem</strong></span> <span class='ocrx_word' id='word_1_255' title='bbox 667 1799 720 1835; x_wconf 86' lang='lat' dir='ltr'><strong>ipsi</strong></span> <span class='ocrx_word' id='word_1_256' title='bbox 736 1799 829 1827; x_wconf 84' lang='lat' dir='ltr'><strong>liberis</strong></span> <span class='ocrx_word' id='word_1_257' title='bbox 842 1801 963 1835; x_wconf 63' lang='lat' dir='ltr'><strong>praebue-</strong></span> 
     </span>
    </p>
   </div>
   <div class='ocr_carea' id='block_1_42' title="bbox 185 1843 963 1881">
    <p class='ocr_par' dir='ltr' id='par_1_42' title="bbox 185 1843 963 1881">
     <span class='ocr_line' id='line_1_42' title="bbox 185 1843 963 1881; baseline 0.006 -11"><span class='ocrx_word' id='word_1_258' title='bbox 185 1843 250 1876; x_wconf 86' lang='lat' dir='ltr'><strong>rint,</strong></span> <span class='ocrx_word' id='word_1_259' title='bbox 263 1844 343 1871; x_wconf 89' lang='lat' dir='ltr'><strong>etiam</strong></span> <span class='ocrx_word' id='word_1_260' title='bbox 358 1844 449 1872; x_wconf 86' lang='lat' dir='ltr'><strong>invitis</strong></span> <span class='ocrx_word' id='word_1_261' title='bbox 462 1845 620 1880; x_wconf 87' lang='lat' dir='ltr'><strong>parentibus</strong></span> <span class='ocrx_word' id='word_1_262' title='bbox 639 1846 673 1873; x_wconf 89' lang='lat' dir='ltr'><strong>ad</strong></span> <span class='ocrx_word' id='word_1_263' title='bbox 686 1846 793 1881; x_wconf 85' lang='lat' dir='ltr'><strong>nuptias</strong></span> <span class='ocrx_word' id='word_1_264' title='bbox 805 1847 963 1880; x_wconf 83' lang='lat' dir='ltr'><strong>aeeedendi,</strong></span> 
     </span>
    </p>
   </div>
   <div class='ocr_carea' id='block_1_43' title="bbox 185 1890 964 1926">
    <p class='ocr_par' dir='ltr' id='par_1_43' title="bbox 185 1890 964 1926">
     <span class='ocr_line' id='line_1_43' title="bbox 185 1890 964 1926; baseline 0.006 -10"><span class='ocrx_word' id='word_1_265' title='bbox 185 1894 241 1916; x_wconf 90' lang='lat' dir='ltr'><strong>tum</strong></span> <span class='ocrx_word' id='word_1_266' title='bbox 258 1897 309 1917; x_wconf 90' lang='lat' dir='ltr'><strong>nec</strong></span> <span class='ocrx_word' id='word_1_267' title='bbox 322 1890 395 1925; x_wconf 79' lang='lat' dir='ltr'><strong>leges</strong></span> <span class='ocrx_word' id='word_1_268' title='bbox 406 1890 562 1925; x_wconf 89' lang='lat' dir='ltr'><strong>hujusmodi</strong></span> <span class='ocrx_word' id='word_1_269' title='bbox 582 1891 691 1926; x_wconf 87' lang='lat' dir='ltr'><strong>nuptias</strong></span> <span class='ocrx_word' id='word_1_270' title='bbox 704 1891 795 1920; x_wconf 84' lang='lat' dir='ltr'><strong>irritas</strong></span> <span class='ocrx_word' id='word_1_271' title='bbox 810 1892 922 1925; x_wconf 85' lang='lat' dir='ltr'><strong>faciunt,</strong></span> <span class='ocrx_word' id='word_1_272' title='bbox 936 1899 964 1921; x_wconf 88' lang='lat' dir='ltr'><strong>et</strong></span> 
     </span>
    </p>
   </div>
   <div class='ocr_carea' id='block_1_44' title="bbox 183 1934 962 1974">
    <p class='ocr_par' dir='ltr' id='par_1_44' title="bbox 183 1934 962 1974">
     <span class='ocr_line' id='line_1_44' title="bbox 183 1934 962 1974; baseline 0.008 -14"><span class='ocrx_word' id='word_1_273' title='bbox 183 1934 229 1968; x_wconf 92' lang='lat' dir='ltr'><strong>qui</strong></span> <span class='ocrx_word' id='word_1_274' title='bbox 245 1935 358 1962; x_wconf 86' lang='lat' dir='ltr'><strong>interest</strong></span> <span class='ocrx_word' id='word_1_275' title='bbox 373 1936 509 1969; x_wconf 89' lang='lat' dir='ltr'><strong>sacerdos,</strong></span> <span class='ocrx_word' id='word_1_276' title='bbox 530 1941 558 1964; x_wconf 91' lang='lat' dir='ltr'><strong>et</strong></span> <span class='ocrx_word' id='word_1_277' title='bbox 570 1937 610 1964; x_wconf 88' lang='lat' dir='ltr'><strong>eis</strong></span> <span class='ocrx_word' id='word_1_278' title='bbox 630 1937 774 1970; x_wconf 87' lang='lat' dir='ltr'><strong>benedieit,</strong></span> <span class='ocrx_word' id='word_1_279' title='bbox 789 1938 862 1965; x_wconf 91' lang='lat' dir='ltr'><strong>nulla</strong></span> <span class='ocrx_word' id='word_1_280' title='bbox 884 1940 962 1974; x_wconf 90' lang='lat' dir='ltr'><strong>culpa</strong></span> 
     </span>
    </p>
   </div>
   <div class='ocr_carea' id='block_1_45' title="bbox 185 1981 962 2021">
    <p class='ocr_par' dir='ltr' id='par_1_45' title="bbox 185 1981 962 2021">
     <span class='ocr_line' id='line_1_45' title="bbox 185 1981 962 2021; baseline 0.006 -14"><span class='ocrx_word' id='word_1_281' title='bbox 185 1985 303 2008; x_wconf 89' lang='lat' dir='ltr'><strong>tenetur.</strong></span> <span class='ocrx_word' id='word_1_282' title='bbox 329 1981 427 2008; x_wconf 73' lang='lat' dir='ltr'><strong>[latum</strong></span> <span class='ocrx_word' id='word_1_283' title='bbox 450 1986 539 2010; x_wconf 87' lang='lat' dir='ltr'><strong>autem</strong></span> <span class='ocrx_word' id='word_1_284' title='bbox 563 1983 592 2010; x_wconf 88' lang='lat' dir='ltr'><strong>ﬁt</strong></span> <span class='ocrx_word' id='word_1_285' title='bbox 617 1983 773 2018; x_wconf 86' lang='lat' dir='ltr'><strong>hujusmodi</strong></span> <span class='ocrx_word' id='word_1_286' title='bbox 795 1985 962 2021; x_wconf 75' lang='lat' dir='ltr'><strong>conjugium,</strong></span> 
     </span>
    </p>
   </div>
   <div class='ocr_carea' id='block_1_46' title="bbox 182 2026 964 2061">
    <p class='ocr_par' dir='ltr' id='par_1_46' title="bbox 182 2026 964 2061">
     <span class='ocr_line' id='line_1_46' title="bbox 182 2026 964 2061; baseline 0.009 -9"><span class='ocrx_word' id='word_1_287' title='bbox 182 2026 272 2060; x_wconf 88' lang='lat' dir='ltr'><strong>judice</strong></span> <span class='ocrx_word' id='word_1_288' title='bbox 293 2034 325 2053; x_wconf 86' lang='lat' dir='ltr'><strong>ex</strong></span> <span class='ocrx_word' id='word_1_289' title='bbox 350 2034 439 2054; x_wconf 72' lang='lat' dir='ltr'><strong>causae</strong></span> <span class='ocrx_word' id='word_1_290' title='bbox 459 2028 564 2060; x_wconf 87' lang='lat' dir='ltr'><strong>notitia,</strong></span> <span class='ocrx_word' id='word_1_291' title='bbox 587 2029 738 2057; x_wconf 86' lang='lat' dir='ltr'><strong>custodiam</strong></span> <span class='ocrx_word' id='word_1_292' title='bbox 761 2030 920 2061; x_wconf 77' lang='lat' dir='ltr'><strong>liberorum.</strong></span> <span class='ocrx_word' id='word_1_293' title='bbox 936 2036 964 2059; x_wconf 91' lang='lat' dir='ltr'><strong>et</strong></span> 
     </span>
    </p>
   </div>
   <div class='ocr_carea' id='block_1_47' title="bbox 182 2072 964 2111">
    <p class='ocr_par' dir='ltr' id='par_1_47' title="bbox 182 2072 964 2111">
     <span class='ocr_line' id='line_1_47' title="bbox 182 2072 964 2111; baseline 0.008 -13"><span class='ocrx_word' id='word_1_294' title='bbox 182 2072 329 2107; x_wconf 73' lang='lat' dir='ltr'><strong>legitimam</strong></span> <span class='ocrx_word' id='word_1_295' title='bbox 349 2072 468 2107; x_wconf 87' lang='lat' dir='ltr'><strong>ipsorum</strong></span> <span class='ocrx_word' id='word_1_296' title='bbox 492 2074 658 2101; x_wconf 86' lang='lat' dir='ltr'><strong>voluntatem</strong></span> <span class='ocrx_word' id='word_1_297' title='bbox 680 2075 844 2110; x_wconf 88' lang='lat' dir='ltr'><strong>improbitati</strong></span> <span class='ocrx_word' id='word_1_298' title='bbox 866 2084 964 2111; x_wconf 81' lang='lat' dir='ltr'><strong>parcn-</strong></span> 
     </span>
    </p>
   </div>
   <div class='ocr_carea' id='block_1_48' title="bbox 184 2119 963 2157">
    <p class='ocr_par' dir='ltr' id='par_1_48' title="bbox 184 2119 963 2157">
     <span class='ocr_line' id='line_1_48' title="bbox 184 2119 963 2157; baseline 0.008 -13"><span class='ocrx_word' id='word_1_299' title='bbox 184 2122 241 2145; x_wconf 91' lang='lat' dir='ltr'><strong>tum</strong></span> <span class='ocrx_word' id='word_1_300' title='bbox 257 2119 429 2154; x_wconf 66' lang='lat' dir='ltr'><strong>praeferente.</strong></span> <span class='ocrx_word' id='word_1_301' title='bbox 453 2120 491 2147; x_wconf 89' lang='lat' dir='ltr'><strong>De</strong></span> <span class='ocrx_word' id='word_1_302' title='bbox 513 2121 601 2155; x_wconf 82' lang='lat' dir='ltr'><strong>primo</strong></span> <span class='ocrx_word' id='word_1_303' title='bbox 620 2121 711 2156; x_wconf 87' lang='lat' dir='ltr'><strong>itaque</strong></span> <span class='ocrx_word' id='word_1_304' title='bbox 726 2122 891 2157; x_wconf 81' lang='lat' dir='ltr'><strong>presbytero,</strong></span> <span class='ocrx_word' id='word_1_305' title='bbox 913 2123 963 2150; x_wconf 88' lang='lat' dir='ltr'><strong>ista</strong></span> 
     </span>
    </p>
   </div>
   <div class='ocr_carea' id='block_1_49' title="bbox 182 2163 962 2203">
    <p class='ocr_par' dir='ltr' id='par_1_49' title="bbox 182 2163 962 2203">
     <span class='ocr_line' id='line_1_49' title="bbox 182 2163 962 2203; baseline 0.006 -12"><span class='ocrx_word' id='word_1_306' title='bbox 182 2164 261 2191; x_wconf 88' lang='lat' dir='ltr'><strong>nobis</strong></span> <span class='ocrx_word' id='word_1_307' title='bbox 277 2163 321 2199; x_wconf 85' lang='lat' dir='ltr'><strong>jus</strong></span> <span class='ocrx_word' id='word_1_308' title='bbox 333 2166 463 2200; x_wconf 70' lang='lat' dir='ltr'><strong>suggerit.</strong></span> <span class='ocrx_word' id='word_1_309' title='bbox 481 2166 519 2193; x_wconf 92' lang='lat' dir='ltr'><strong>De</strong></span> <span class='ocrx_word' id='word_1_310' title='bbox 535 2166 655 2194; x_wconf 87' lang='lat' dir='ltr'><strong>secundo</strong></span> <span class='ocrx_word' id='word_1_311' title='bbox 668 2171 759 2194; x_wconf 89' lang='lat' dir='ltr'><strong>autem</strong></span> <span class='ocrx_word' id='word_1_312' title='bbox 783 2175 835 2196; x_wconf 88' lang='lat' dir='ltr'><strong>nec</strong></span> <span class='ocrx_word' id='word_1_313' title='bbox 849 2168 962 2203; x_wconf 80' lang='lat' dir='ltr'><strong>simplex</strong></span> 
     </span>
    </p>
   </div>
   <div class='ocr_carea' id='block_1_50' title="bbox 182 2211 962 2250">
    <p class='ocr_par' dir='ltr' id='par_1_50' title="bbox 182 2211 962 2250">
     <span class='ocr_line' id='line_1_50' title="bbox 182 2211 962 2250; baseline 0.008 -14"><span class='ocrx_word' id='word_1_314' title='bbox 182 2214 224 2236; x_wconf 90' lang='lat' dir='ltr'><strong>est</strong></span> <span class='ocrx_word' id='word_1_315' title='bbox 245 2211 436 2238; x_wconf 86' lang='lat' dir='ltr'><strong>consideratio.</strong></span> <span class='ocrx_word' id='word_1_316' title='bbox 453 2211 520 2238; x_wconf 90' lang='lat' dir='ltr'><strong>Nam</strong></span> <span class='ocrx_word' id='word_1_317' title='bbox 546 2212 567 2239; x_wconf 90' lang='lat' dir='ltr'><strong>si</strong></span> <span class='ocrx_word' id='word_1_318' title='bbox 586 2212 709 2248; x_wconf 74' lang='lat' dir='ltr'><strong>;conjugii</strong></span> <span class='ocrx_word' id='word_1_319' title='bbox 735 2213 833 2248; x_wconf 86' lang='lat' dir='ltr'><strong>prioris</strong></span> <span class='ocrx_word' id='word_1_320' title='bbox 853 2214 962 2250; x_wconf 74' lang='lat' dir='ltr'><strong>ignarus</strong></span> 
     </span>
    </p>
   </div>
   <div class='ocr_carea' id='block_1_51' title="bbox 183 2256 960 2292">
    <p class='ocr_par' dir='ltr' id='par_1_51' title="bbox 183 2256 960 2292">
     <span class='ocr_line' id='line_1_51' title="bbox 183 2256 960 2292; baseline 0.008 -10"><span class='ocrx_word' id='word_1_321' title='bbox 183 2256 274 2287; x_wconf 83' lang='lat' dir='ltr'><strong>fuerit,</strong></span> <span class='ocrx_word' id='word_1_322' title='bbox 300 2257 448 2292; x_wconf 88' lang='lat' dir='ltr'><strong>nullojure</strong></span> <span class='ocrx_word' id='word_1_323' title='bbox 467 2258 554 2292; x_wconf 79' lang='lat' dir='ltr'><strong>culpa:</strong></span> <span class='ocrx_word' id='word_1_324' title='bbox 573 2263 691 2285; x_wconf 89' lang='lat' dir='ltr'><strong>tenetur.</strong></span> <span class='ocrx_word' id='word_1_325' title='bbox 713 2258 859 2287; x_wconf 52' lang='lat' dir='ltr'><strong>Praesentia</strong></span> <span class='ocrx_word' id='word_1_326' title='bbox 887 2262 960 2288; x_wconf 93' lang='lat' dir='ltr'><strong>cnim</strong></span> 
     </span>
    </p>
   </div>
   <div class='ocr_carea' id='block_1_52' title="bbox 182 2303 977 2339">
    <p class='ocr_par' dir='ltr' id='par_1_52' title="bbox 182 2303 977 2339">
     <span class='ocr_line' id='line_1_52' title="bbox 182 2303 977 2339; baseline 0.009 -11"><span class='ocrx_word' id='word_1_327' title='bbox 182 2307 325 2336; x_wconf 82' lang='lat' dir='ltr'><strong>parentum</strong></span> <span class='ocrx_word' id='word_1_328' title='bbox 349 2303 377 2329; x_wconf 93' lang='lat' dir='ltr'><strong>in</strong></span> <span class='ocrx_word' id='word_1_329' title='bbox 403 2304 508 2338; x_wconf 87' lang='lat' dir='ltr'><strong>nuptiis</strong></span> <span class='ocrx_word' id='word_1_330' title='bbox 532 2311 656 2339; x_wconf 78' lang='lat' dir='ltr'><strong>magnum</strong></span> <span class='ocrx_word' id='word_1_331' title='bbox 680 2311 847 2333; x_wconf 82' lang='lat' dir='ltr'><strong>momentum</strong></span> <span class='ocrx_word' id='word_1_332' title='bbox 865 2307 901 2334; x_wconf 93' lang='lat' dir='ltr'><strong>illi</strong></span> <span class='ocrx_word' id='word_1_333' title='bbox 927 2309 977 2335; x_wconf 40' lang='lat' dir='ltr'><strong>ad!</strong></span> 
     </span>
    </p>
   </div>
   <div class='ocr_carea' id='block_1_53' title="bbox 182 2347 962 2384">
    <p class='ocr_par' dir='ltr' id='par_1_53' title="bbox 182 2347 962 2384">
     <span class='ocr_line' id='line_1_53' title="bbox 182 2347 962 2384; baseline 0.008 -10"><span class='ocrx_word' id='word_1_334' title='bbox 182 2347 382 2376; x_wconf 87' lang='lat' dir='ltr'><strong>absolutionem</strong></span> <span class='ocrx_word' id='word_1_335' title='bbox 408 2349 552 2384; x_wconf 88' lang='lat' dir='ltr'><strong>impendit,</strong></span> <span class='ocrx_word' id='word_1_336' title='bbox 572 2350 617 2384; x_wconf 89' lang='lat' dir='ltr'><strong>qui</strong></span> <span class='ocrx_word' id='word_1_337' title='bbox 634 2349 695 2377; x_wconf 91' lang='lat' dir='ltr'><strong>ideo</strong></span> <span class='ocrx_word' id='word_1_338' title='bbox 715 2351 748 2378; x_wconf 89' lang='lat' dir='ltr'><strong>ad</strong></span> <span class='ocrx_word' id='word_1_339' title='bbox 775 2355 962 2380; x_wconf 86' lang='lat' dir='ltr'><strong>anteactorum</strong></span> 
     </span>
    </p>
   </div>
   <div class='ocr_carea' id='block_1_54' title="bbox 182 2393 961 2433">
    <p class='ocr_par' dir='ltr' id='par_1_54' title="bbox 182 2393 961 2433">
     <span class='ocr_line' id='line_1_54' title="bbox 182 2393 961 2433; baseline 0.006 -13"><span class='ocrx_word' id='word_1_340' title='bbox 182 2393 388 2428; x_wconf 85' lang='lat' dir='ltr'><strong>inquisitionem</strong></span> <span class='ocrx_word' id='word_1_341' title='bbox 402 2402 456 2422; x_wconf 91' lang='lat' dir='ltr'><strong>non</strong></span> <span class='ocrx_word' id='word_1_342' title='bbox 467 2395 552 2428; x_wconf 87' lang='lat' dir='ltr'><strong>venit,</strong></span> <span class='ocrx_word' id='word_1_343' title='bbox 565 2396 636 2431; x_wconf 92' lang='lat' dir='ltr'><strong>quod</strong></span> <span class='ocrx_word' id='word_1_344' title='bbox 650 2397 792 2431; x_wconf 66' lang='lat' dir='ltr'><strong>praesentia</strong></span> <span class='ocrx_word' id='word_1_345' title='bbox 807 2404 961 2433; x_wconf 86' lang='lat' dir='ltr'><strong>parentum,</strong></span> 
     </span>
    </p>
   </div>
   <div class='ocr_carea' id='block_1_55' title="bbox 181 2439 954 2476">
    <p class='ocr_par' dir='ltr' id='par_1_55' title="bbox 181 2439 954 2476">
     <span class='ocr_line' id='line_1_55' title="bbox 181 2439 954 2476; baseline 0.008 -10"><span class='ocrx_word' id='word_1_346' title='bbox 181 2447 212 2466; x_wconf 90' lang='lat' dir='ltr'><strong>ea</strong></span> <span class='ocrx_word' id='word_1_347' title='bbox 229 2439 262 2466; x_wconf 85' lang='lat' dir='ltr'><strong>ad</strong></span> <span class='ocrx_word' id='word_1_348' title='bbox 279 2447 393 2467; x_wconf 80' lang='lat' dir='ltr'><strong>examen</strong></span> <span class='ocrx_word' id='word_1_349' title='bbox 409 2442 529 2468; x_wconf 86' lang='lat' dir='ltr'><strong>revocari</strong></span> <span class='ocrx_word' id='word_1_350' title='bbox 546 2449 601 2469; x_wconf 89' lang='lat' dir='ltr'><strong>non</strong></span> <span class='ocrx_word' id='word_1_351' title='bbox 615 2441 707 2470; x_wconf 82' lang='lat' dir='ltr'><strong>ferret.</strong></span> <span class='ocrx_word' id='word_1_352' title='bbox 722 2442 800 2476; x_wconf 86' lang='lat' dir='ltr'><strong>Quod</strong></span> <span class='ocrx_word' id='word_1_353' title='bbox 814 2443 836 2470; x_wconf 94' lang='lat' dir='ltr'><strong>si</strong></span> <span class='ocrx_word' id='word_1_354' title='bbox 853 2443 954 2472; x_wconf 84' lang='lat' dir='ltr'><strong>factum</strong></span> 
     </span>
    </p>
   </div>
   <div class='ocr_carea' id='block_1_56' title="bbox 181 2485 963 2523">
    <p class='ocr_par' dir='ltr' id='par_1_56' title="bbox 181 2485 963 2523">
     <span class='ocr_line' id='line_1_56' title="bbox 181 2485 963 2523; baseline 0.008 -12"><span class='ocrx_word' id='word_1_355' title='bbox 181 2485 348 2521; x_wconf 75' lang='lat' dir='ltr'><strong>coniugium,</strong></span> <span class='ocrx_word' id='word_1_356' title='bbox 364 2491 392 2513; x_wconf 89' lang='lat' dir='ltr'><strong>et</strong></span> <span class='ocrx_word' id='word_1_357' title='bbox 417 2492 537 2514; x_wconf 88' lang='lat' dir='ltr'><strong>secutam</strong></span> <span class='ocrx_word' id='word_1_358' title='bbox 553 2488 675 2522; x_wconf 86' lang='lat' dir='ltr'><strong>copulam</strong></span> <span class='ocrx_word' id='word_1_359' title='bbox 695 2489 830 2516; x_wconf 87' lang='lat' dir='ltr'><strong>carnalem</strong></span> <span class='ocrx_word' id='word_1_360' title='bbox 844 2490 963 2523; x_wconf 87' lang='lat' dir='ltr'><strong>noverit,</strong></span> 
     </span>
    </p>
   </div>
   <div class='ocr_carea' id='block_1_57' title="bbox 181 2532 962 2568">
    <p class='ocr_par' dir='ltr' id='par_1_57' title="bbox 181 2532 962 2568">
     <span class='ocr_line' id='line_1_57' title="bbox 181 2532 962 2568; baseline 0.008 -10"><span class='ocrx_word' id='word_1_361' title='bbox 181 2532 309 2566; x_wconf 87' lang='lat' dir='ltr'><strong>quoniam</strong></span> <span class='ocrx_word' id='word_1_362' title='bbox 321 2533 395 2568; x_wconf 89' lang='lat' dir='ltr'><strong>quasi</strong></span> <span class='ocrx_word' id='word_1_363' title='bbox 411 2541 445 2560; x_wconf 87' lang='lat' dir='ltr'><strong>ex</strong></span> <span class='ocrx_word' id='word_1_364' title='bbox 459 2535 630 2566; x_wconf 66' lang='lat' dir='ltr'><strong>necessitate,</strong></span> <span class='ocrx_word' id='word_1_365' title='bbox 650 2542 704 2561; x_wconf 93' lang='lat' dir='ltr'><strong>non</strong></span> <span class='ocrx_word' id='word_1_366' title='bbox 719 2540 782 2562; x_wconf 90' lang='lat' dir='ltr'><strong>sunt</strong></span> <span class='ocrx_word' id='word_1_367' title='bbox 795 2535 822 2562; x_wconf 92' lang='lat' dir='ltr'><strong>in</strong></span> <span class='ocrx_word' id='word_1_368' title='bbox 837 2536 962 2564; x_wconf 80' lang='lat' dir='ltr'><strong>caelibatu</strong></span> 
     </span>
    </p>
   </div>
   <div class='ocr_carea' id='block_1_58' title="bbox 181 2578 963 2616">
    <p class='ocr_par' dir='ltr' id='par_1_58' title="bbox 181 2578 963 2616">
     <span class='ocr_line' id='line_1_58' title="bbox 181 2578 963 2616; baseline 0.006 -11"><span class='ocrx_word' id='word_1_369' title='bbox 181 2578 339 2606; x_wconf 87' lang='lat' dir='ltr'><strong>continendi</strong></span> <span class='ocrx_word' id='word_1_370' title='bbox 355 2579 400 2613; x_wconf 88' lang='lat' dir='ltr'><strong>qui</strong></span> <span class='ocrx_word' id='word_1_371' title='bbox 416 2587 431 2607; x_wconf 90' lang='lat' dir='ltr'><strong>a</strong></span> <span class='ocrx_word' id='word_1_372' title='bbox 453 2580 535 2614; x_wconf 89' lang='lat' dir='ltr'><strong>priori</strong></span> <span class='ocrx_word' id='word_1_373' title='bbox 553 2581 679 2616; x_wconf 69' lang='lat' dir='ltr'><strong>coniugio</strong></span> <span class='ocrx_word' id='word_1_374' title='bbox 703 2581 896 2614; x_wconf 83' lang='lat' dir='ltr'><strong>discesserunt,</strong></span> <span class='ocrx_word' id='word_1_375' title='bbox 910 2584 963 2612; x_wconf 68' lang='lat' dir='ltr'><strong>ised</strong></span> 
     </span>
    </p>
   </div>
   <div class='ocr_carea' id='block_1_59' title="bbox 180 2624 962 2659">
    <p class='ocr_par' dir='ltr' id='par_1_59' title="bbox 180 2624 962 2659">
     <span class='ocr_line' id='line_1_59' title="bbox 180 2624 962 2659; baseline 0.006 -9"><span class='ocrx_word' id='word_1_376' title='bbox 180 2624 301 2658; x_wconf 71' lang='lat' dir='ltr'><strong>legitimo</strong></span> <span class='ocrx_word' id='word_1_377' title='bbox 313 2625 440 2659; x_wconf 82' lang='lat' dir='ltr'><strong>conjugio</strong></span> <span class='ocrx_word' id='word_1_378' title='bbox 454 2626 600 2659; x_wconf 86' lang='lat' dir='ltr'><strong>vinciendi,</strong></span> <span class='ocrx_word' id='word_1_379' title='bbox 621 2634 655 2653; x_wconf 90' lang='lat' dir='ltr'><strong>ne</strong></span> <span class='ocrx_word' id='word_1_380' title='bbox 667 2627 693 2654; x_wconf 90' lang='lat' dir='ltr'><strong>in</strong></span> <span class='ocrx_word' id='word_1_381' title='bbox 707 2627 886 2655; x_wconf 86' lang='lat' dir='ltr'><strong>fornicatione</strong></span> <span class='ocrx_word' id='word_1_382' title='bbox 900 2637 962 2656; x_wconf 81' lang='lat' dir='ltr'><strong>ver-</strong></span> 
     </span>
    </p>
   </div>
   <div class='ocr_carea' id='block_1_60' title="bbox 180 2671 961 2705">
    <p class='ocr_par' dir='ltr' id='par_1_60' title="bbox 180 2671 961 2705">
     <span class='ocr_line' id='line_1_60' title="bbox 180 2671 961 2705; baseline 0.008 -10"><span class='ocrx_word' id='word_1_383' title='bbox 180 2675 285 2700; x_wconf 85' lang='lat' dir='ltr'><strong>sentur,</strong></span> <span class='ocrx_word' id='word_1_384' title='bbox 303 2677 357 2697; x_wconf 92' lang='lat' dir='ltr'><strong>non</strong></span> <span class='ocrx_word' id='word_1_385' title='bbox 371 2671 479 2705; x_wconf 89' lang='lat' dir='ltr'><strong>quidem</strong></span> <span class='ocrx_word' id='word_1_386' title='bbox 501 2673 533 2699; x_wconf 84' lang='lat' dir='ltr'><strong>ad</strong></span> <span class='ocrx_word' id='word_1_387' title='bbox 559 2672 639 2699; x_wconf 82' lang='lat' dir='ltr'><strong>finem</strong></span> <span class='ocrx_word' id='word_1_388' title='bbox 657 2673 795 2700; x_wconf 87' lang='lat' dir='ltr'><strong>arcebitur</strong></span> <span class='ocrx_word' id='word_1_389' title='bbox 821 2681 961 2701; x_wconf 85' lang='lat' dir='ltr'><strong>sacrorum</strong></span> 
     </span>
    </p>
   </div>
   <div class='ocr_carea' id='block_1_61' title="bbox 180 2715 961 2751">
    <p class='ocr_par' dir='ltr' id='par_1_61' title="bbox 180 2715 961 2751">
     <span class='ocr_line' id='line_1_61' title="bbox 180 2715 961 2751; baseline 0.01 -12"><span class='ocrx_word' id='word_1_390' title='bbox 180 2715 326 2748; x_wconf 65' lang='lat' dir='ltr'><strong>pratsidalu</strong></span> <span class='ocrx_word' id='word_1_391' title='bbox 342 2716 388 2751; x_wconf 91' lang='lat' dir='ltr'><strong>qui</strong></span> <span class='ocrx_word' id='word_1_392' title='bbox 404 2717 514 2751; x_wconf 85' lang='lat' dir='ltr'><strong>nuptias</strong></span> <span class='ocrx_word' id='word_1_393' title='bbox 528 2718 708 2750; x_wconf 82' lang='lat' dir='ltr'><strong>consecravit,</strong></span> <span class='ocrx_word' id='word_1_394' title='bbox 725 2719 772 2746; x_wconf 88' lang='lat' dir='ltr'><strong>sed</strong></span> <span class='ocrx_word' id='word_1_395' title='bbox 795 2719 961 2747; x_wconf 89' lang='lat' dir='ltr'><strong>moderatio-</strong></span> 
     </span>
    </p>
   </div>
   <div class='ocr_carea' id='block_1_62' title="bbox 181 2762 959 2801">
    <p class='ocr_par' dir='ltr' id='par_1_62' title="bbox 181 2762 959 2801">
     <span class='ocr_line' id='line_1_62' title="bbox 181 2762 959 2801; baseline 0.009 -15"><span class='ocrx_word' id='word_1_396' title='bbox 181 2767 225 2787; x_wconf 89' lang='lat' dir='ltr'><strong>res</strong></span> <span class='ocrx_word' id='word_1_397' title='bbox 245 2762 374 2796; x_wconf 87' lang='lat' dir='ltr'><strong>quasdam</strong></span> <span class='ocrx_word' id='word_1_398' title='bbox 396 2771 492 2798; x_wconf 67' lang='lat' dir='ltr'><strong>poenas</strong></span> <span class='ocrx_word' id='word_1_399' title='bbox 510 2763 620 2791; x_wconf 87' lang='lat' dir='ltr'><strong>subibit.</strong></span> <span class='ocrx_word' id='word_1_400' title='bbox 653 2764 762 2792; x_wconf 87' lang='lat' dir='ltr'><strong>Scilicet</strong></span> <span class='ocrx_word' id='word_1_401' title='bbox 792 2765 874 2801; x_wconf 87' lang='lat' dir='ltr'><strong>quod,</strong></span> <span class='ocrx_word' id='word_1_402' title='bbox 897 2774 959 2793; x_wconf 71' lang='lat' dir='ltr'><strong>cum</strong></span> 
     </span>
    </p>
   </div>
   <div class='ocr_carea' id='block_1_63' title="bbox 183 2805 956 2846">
    <p class='ocr_par' dir='ltr' id='par_1_63' title="bbox 183 2805 956 2846">
     <span class='ocr_line' id='line_1_63' title="bbox 183 2805 956 2846; baseline 0.009 -14"><span class='ocrx_word' id='word_1_403' title='bbox 183 2805 267 2833; x_wconf 85' lang='lat' dir='ltr'><strong>factas</strong></span> <span class='ocrx_word' id='word_1_404' title='bbox 282 2812 344 2835; x_wconf 89' lang='lat' dir='ltr'><strong>ante</strong></span> <span class='ocrx_word' id='word_1_405' title='bbox 360 2809 470 2843; x_wconf 80' lang='lat' dir='ltr'><strong>nuptias</strong></span> <span class='ocrx_word' id='word_1_406' title='bbox 486 2809 661 2837; x_wconf 84' lang='lat' dir='ltr'><strong>manifestum</strong></span> <span class='ocrx_word' id='word_1_407' title='bbox 675 2814 759 2843; x_wconf 84' lang='lat' dir='ltr'><strong>esset,</strong></span> <span class='ocrx_word' id='word_1_408' title='bbox 773 2819 833 2845; x_wconf 71' lang='lat' dir='ltr'><strong>qute</strong></span> <span class='ocrx_word' id='word_1_409' title='bbox 847 2812 956 2846; x_wconf 88' lang='lat' dir='ltr'><strong>quidem</strong></span> 
     </span>
    </p>
   </div>
   <div class='ocr_carea' id='block_1_64' title="bbox 981 910 1001 937">
    <p class='ocr_par' dir='ltr' id='par_1_64' title="bbox 981 910 1001 937">
     <span class='ocr_line' id='line_1_64' title="bbox 981 910 1001 937; baseline 0 0"><span class='ocrx_word' id='word_1_410' title='bbox 981 910 1001 937; x_wconf 81' lang='grc' dir='ltr'><strong>Β</strong></span> 
     </span>
    </p>
   </div>
   <div class='ocr_carea' id='block_1_65' title="bbox 1058 241 1795 277">
    <p class='ocr_par' dir='ltr' id='par_1_65' title="bbox 1058 241 1795 277">
     <span class='ocr_line' id='line_1_65' title="bbox 1058 241 1795 277; baseline 0.001 -10"><span class='ocrx_word' id='word_1_411' title='bbox 1058 241 1185 275; x_wconf 83' lang='grc' dir='ltr'>Ἀφίκετο</span> <span class='ocrx_word' id='word_1_412' title='bbox 1195 243 1261 276; x_wconf 86' lang='grc' dir='ltr'>ἡμῖν</span> <span class='ocrx_word' id='word_1_413' title='bbox 1274 241 1426 277; x_wconf 86' lang='grc' dir='ltr'>γράμματα</span> <span class='ocrx_word' id='word_1_414' title='bbox 1438 242 1488 276; x_wconf 83' lang='grc' dir='ltr'>τῆς</span> <span class='ocrx_word' id='word_1_415' title='bbox 1504 241 1554 276; x_wconf 86' lang='grc' dir='ltr'>σῆς</span> <span class='ocrx_word' id='word_1_416' title='bbox 1570 241 1795 276; x_wconf 80' lang='grc' dir='ltr'>θεοφιλείας,ὲπι-</span> 
     </span>
    </p>
   </div>
   <div class='ocr_carea' id='block_1_66' title="bbox 1018 286 1794 323">
    <p class='ocr_par' dir='ltr' id='par_1_66' title="bbox 1018 286 1794 323">
     <span class='ocr_line' id='line_1_66' title="bbox 1018 286 1794 323; baseline 0.001 -10"><span class='ocrx_word' id='word_1_417' title='bbox 1018 286 1151 321; x_wconf 80' lang='grc' dir='ltr'>ζητοῦντα</span> <span class='ocrx_word' id='word_1_418' title='bbox 1163 288 1238 323; x_wconf 72' lang='grc' dir='ltr'>παρὰ</span> <span class='ocrx_word' id='word_1_419' title='bbox 1252 287 1302 322; x_wconf 87' lang='grc' dir='ltr'>τῆς</span> <span class='ocrx_word' id='word_1_420' title='bbox 1315 289 1331 322; x_wconf 89' lang='grc' dir='ltr'><strong>ἠ</strong></span> <span class='ocrx_word' id='word_1_421' title='bbox 1336 288 1394 323; x_wconf 84' lang='grc' dir='ltr'>μῶν</span> <span class='ocrx_word' id='word_1_422' title='bbox 1411 287 1586 322; x_wconf 80' lang='grc' dir='ltr'><strong>μετριότητος</strong></span> <span class='ocrx_word' id='word_1_423' title='bbox 1600 287 1689 322; x_wconf 79' lang='grc' dir='ltr'>ψῆφον</span> <span class='ocrx_word' id='word_1_424' title='bbox 1719 288 1794 315; x_wconf 81' lang='grc' dir='ltr'>ἐπεν-</span> 
     </span>
    </p>
   </div>
   <div class='ocr_carea' id='block_1_67' title="bbox 1017 332 1796 370">
    <p class='ocr_par' dir='ltr' id='par_1_67' title="bbox 1017 332 1796 370">
     <span class='ocr_line' id='line_1_67' title="bbox 1017 332 1796 370; baseline 0.003 -11"><span class='ocrx_word' id='word_1_425' title='bbox 1017 332 1130 368; x_wconf 85' lang='grc' dir='ltr'>εχθῆναι</span> <span class='ocrx_word' id='word_1_426' title='bbox 1156 335 1220 368; x_wconf 77' lang='grc' dir='ltr'>περὶ</span> <span class='ocrx_word' id='word_1_427' title='bbox 1247 333 1292 360; x_wconf 79' lang='grc' dir='ltr'>τοῦ</span> <span class='ocrx_word' id='word_1_428' title='bbox 1311 334 1496 370; x_wconf 79' lang='grc' dir='ltr'>πρεσὸυτέρου</span> <span class='ocrx_word' id='word_1_429' title='bbox 1507 333 1553 360; x_wconf 86' lang='grc' dir='ltr'>τοῦ</span> <span class='ocrx_word' id='word_1_430' title='bbox 1579 333 1796 367; x_wconf 83' lang='grc' dir='ltr'>στεφανώσαντος</span> 
     </span>
    </p>
   </div>
   <div class='ocr_carea' id='block_1_68' title="bbox 1018 379 1796 416">
    <p class='ocr_par' dir='ltr' id='par_1_68' title="bbox 1018 379 1796 416">
     <span class='ocr_line' id='line_1_68' title="bbox 1018 379 1796 416; baseline 0.003 -10"><span class='ocrx_word' id='word_1_431' title='bbox 1018 380 1093 415; x_wconf 82' lang='grc' dir='ltr'>παρὰ</span> <span class='ocrx_word' id='word_1_432' title='bbox 1112 379 1223 415; x_wconf 87' lang='grc' dir='ltr'>γνώμην</span> <span class='ocrx_word' id='word_1_433' title='bbox 1235 380 1289 406; x_wconf 85' lang='grc' dir='ltr'>τῶν</span> <span class='ocrx_word' id='word_1_434' title='bbox 1304 380 1405 413; x_wconf 84' lang='grc' dir='ltr'><strong>γονέων</strong></span> <span class='ocrx_word' id='word_1_435' title='bbox 1415 380 1451 406; x_wconf 74' lang='grc' dir='ltr'><strong>τὰ</strong></span> <span class='ocrx_word' id='word_1_436' title='bbox 1464 380 1566 407; x_wconf 84' lang='grc' dir='ltr'>τούτων</span> <span class='ocrx_word' id='word_1_437' title='bbox 1580 380 1672 412; x_wconf 85' lang='grc' dir='ltr'>τέκνα,</span> <span class='ocrx_word' id='word_1_438' title='bbox 1689 381 1736 407; x_wconf 85' lang='grc' dir='ltr'><strong>καί</strong></span> <span class='ocrx_word' id='word_1_439' title='bbox 1748 381 1796 416; x_wconf 87' lang='grc' dir='ltr'>τὴν</span> 
     </span>
    </p>
   </div>
   <div class='ocr_carea' id='block_1_69' title="bbox 1016 424 1795 461">
    <p class='ocr_par' dir='ltr' id='par_1_69' title="bbox 1016 424 1795 461">
     <span class='ocr_line' id='line_1_69' title="bbox 1016 424 1795 461; baseline 0.004 -10"><span class='ocrx_word' id='word_1_440' title='bbox 1016 425 1119 452; x_wconf 84' lang='grc' dir='ltr'>τούτων</span> <span class='ocrx_word' id='word_1_441' title='bbox 1134 426 1286 452; x_wconf 87' lang='grc' dir='ltr'>συναίνεσιν</span> <span class='ocrx_word' id='word_1_442' title='bbox 1303 425 1340 460; x_wconf 87' lang='grc' dir='ltr'>μὴ</span> <span class='ocrx_word' id='word_1_443' title='bbox 1357 426 1573 461; x_wconf 81' lang='grc' dir='ltr'><strong>προσδεξαμένου</strong></span> <span class='ocrx_word' id='word_1_444' title='bbox 1584 434 1591 441; x_wconf 87' lang='lat'><strong>&#39;</strong></span> <span class='ocrx_word' id='word_1_445' title='bbox 1604 424 1665 453; x_wconf 74' lang='grc' dir='ltr'>εἶτα</span> <span class='ocrx_word' id='word_1_446' title='bbox 1686 427 1731 453; x_wconf 81' lang='grc' dir='ltr'>ὑπ’</span> <span class='ocrx_word' id='word_1_447' title='bbox 1747 428 1795 454; x_wconf 78' lang='grc' dir='ltr'><strong>αὺ-</strong></span> 
     </span>
    </p>
   </div>
   <div class='ocr_carea' id='block_1_70' title="bbox 1016 470 1796 508">
    <p class='ocr_par' dir='ltr' id='par_1_70' title="bbox 1016 470 1796 508">
     <span class='ocr_line' id='line_1_70' title="bbox 1016 470 1796 508; baseline 0.003 -12"><span class='ocrx_word' id='word_1_448' title='bbox 1016 470 1072 497; x_wconf 84' lang='grc' dir='ltr'><strong>τῶν</strong></span> <span class='ocrx_word' id='word_1_449' title='bbox 1085 470 1290 505; x_wconf 77' lang='grc' dir='ltr'>διαζευχθέντα,</span> <span class='ocrx_word' id='word_1_450' title='bbox 1304 471 1352 497; x_wconf 79' lang='grc' dir='ltr'>καὶ</span> <span class='ocrx_word' id='word_1_451' title='bbox 1367 471 1447 498; x_wconf 86' lang='grc' dir='ltr'>πάλιν</span> <span class='ocrx_word' id='word_1_452' title='bbox 1459 471 1561 506; x_wconf 77' lang='grc' dir='ltr'>ἑτέροις</span> <span class='ocrx_word' id='word_1_453' title='bbox 1571 471 1728 508; x_wconf 79' lang='grc' dir='ltr'>προσώποις</span> <span class='ocrx_word' id='word_1_454' title='bbox 1741 481 1796 498; x_wconf 89' lang='grc' dir='ltr'>κοι-</span> 
     </span>
    </p>
   </div>
   <div class='ocr_carea' id='block_1_71' title="bbox 1017 515 1796 552">
    <p class='ocr_par' dir='ltr' id='par_1_71' title="bbox 1017 515 1796 552">
     <span class='ocr_line' id='line_1_71' title="bbox 1017 515 1796 552; baseline 0.004 -11"><span class='ocrx_word' id='word_1_455' title='bbox 1017 515 1185 550; x_wconf 82' lang='grc' dir='ltr'>νωνήσαντα,</span> <span class='ocrx_word' id='word_1_456' title='bbox 1207 515 1332 550; x_wconf 73' lang='grc' dir='ltr'>καὶπρὸς</span> <span class='ocrx_word' id='word_1_457' title='bbox 1343 516 1431 550; x_wconf 86' lang='grc' dir='ltr'>γάμον</span> <span class='ocrx_word' id='word_1_458' title='bbox 1448 516 1567 548; x_wconf 77' lang='grc' dir='ltr'>ἐλθόντα,</span> <span class='ocrx_word' id='word_1_459' title='bbox 1586 517 1729 552; x_wconf 71' lang='grc' dir='ltr'>συνεργείᾳ</span> <span class='ocrx_word' id='word_1_460' title='bbox 1744 517 1796 544; x_wconf 85' lang='grc' dir='ltr'><strong>τῶν</strong></span> 
     </span>
    </p>
   </div>
   <div class='ocr_carea' id='block_1_72' title="bbox 1016 560 1796 599">
    <p class='ocr_par' dir='ltr' id='par_1_72' title="bbox 1016 560 1796 599">
     <span class='ocr_line' id='line_1_72' title="bbox 1016 560 1796 599; baseline 0.006 -13"><span class='ocrx_word' id='word_1_461' title='bbox 1016 560 1143 595; x_wconf 82' lang='grc' dir='ltr'><strong>πατέρων</strong></span> <span class='ocrx_word' id='word_1_462' title='bbox 1157 560 1201 595; x_wconf 84' lang='grc' dir='ltr'><strong>ὑφ’</strong></span> <span class='ocrx_word' id='word_1_463' title='bbox 1215 561 1309 596; x_wconf 79' lang='grc' dir='ltr'>ἐτέρου</span> <span class='ocrx_word' id='word_1_464' title='bbox 1323 561 1508 597; x_wconf 79' lang='grc' dir='ltr'>πρεσϐυτέρου</span> <span class='ocrx_word' id='word_1_465' title='bbox 1523 563 1713 599; x_wconf 84' lang='grc' dir='ltr'>εὐλογηθέντα.</span> <span class='ocrx_word' id='word_1_466' title='bbox 1743 564 1796 591; x_wconf 77' lang='grc' dir='ltr'><strong>Καὶ</strong></span> 
     </span>
    </p>
   </div>
   <div class='ocr_carea' id='block_1_73' title="bbox 1017 606 1795 645">
    <p class='ocr_par' dir='ltr' id='par_1_73' title="bbox 1017 606 1795 645">
     <span class='ocr_line' id='line_1_73' title="bbox 1017 606 1795 645; baseline 0.006 -13"><span class='ocrx_word' id='word_1_467' title='bbox 1017 606 1082 642; x_wconf 79' lang='grc' dir='ltr'>περὶ</span> <span class='ocrx_word' id='word_1_468' title='bbox 1095 607 1143 641; x_wconf 81' lang='grc' dir='ltr'>μὲν</span> <span class='ocrx_word' id='word_1_469' title='bbox 1154 606 1202 633; x_wconf 79' lang='grc' dir='ltr'>τοῦ</span> <span class='ocrx_word' id='word_1_470' title='bbox 1215 608 1323 643; x_wconf 78' lang='grc' dir='ltr'>πρώτου</span> <span class='ocrx_word' id='word_1_471' title='bbox 1336 608 1520 644; x_wconf 75' lang='grc' dir='ltr'>πρεσϐυτέρου</span> <span class='ocrx_word' id='word_1_472' title='bbox 1531 608 1601 636; x_wconf 83' lang='grc' dir='ltr'>οὕτω</span> <span class='ocrx_word' id='word_1_473' title='bbox 1614 609 1795 645; x_wconf 74' lang='grc' dir='ltr'><strong>διοριζόμεθα·</strong></span> 
     </span>
    </p>
   </div>
   <div class='ocr_carea' id='block_1_74' title="bbox 1017 652 1797 690">
    <p class='ocr_par' dir='ltr' id='par_1_74' title="bbox 1017 652 1797 690">
     <span class='ocr_line' id='line_1_74' title="bbox 1017 652 1797 690; baseline 0.004 -12"><span class='ocrx_word' id='word_1_474' title='bbox 1017 652 1048 679; x_wconf 83' lang='grc' dir='ltr'>Εἰ</span> <span class='ocrx_word' id='word_1_475' title='bbox 1068 652 1117 687; x_wconf 75' lang='grc' dir='ltr'>μὲν</span> <span class='ocrx_word' id='word_1_476' title='bbox 1134 653 1225 688; x_wconf 81' lang='grc' dir='ltr'><strong>ἠγνόει</strong></span> <span class='ocrx_word' id='word_1_477' title='bbox 1241 653 1295 680; x_wconf 82' lang='grc' dir='ltr'>τῶν</span> <span class='ocrx_word' id='word_1_478' title='bbox 1308 654 1440 681; x_wconf 82' lang='grc' dir='ltr'>τεκόντων</span> <span class='ocrx_word' id='word_1_479' title='bbox 1457 655 1487 681; x_wconf 80' lang='grc' dir='ltr'>τὸ</span> <span class='ocrx_word' id='word_1_480' title='bbox 1501 654 1662 690; x_wconf 79' lang='grc' dir='ltr'>ἀϐούλητον,</span> <span class='ocrx_word' id='word_1_481' title='bbox 1687 653 1745 683; x_wconf 81' lang='grc' dir='ltr'>εἷτα</span> <span class='ocrx_word' id='word_1_482' title='bbox 1767 656 1797 688; x_wconf 79' lang='grc' dir='ltr'>ἐξ</span> 
     </span>
    </p>
   </div>
   <div class='ocr_carea' id='block_1_75' title="bbox 1016 698 1796 735">
    <p class='ocr_par' dir='ltr' id='par_1_75' title="bbox 1016 698 1796 735">
     <span class='ocr_line' id='line_1_75' title="bbox 1016 698 1796 735; baseline 0.004 -11"><span class='ocrx_word' id='word_1_483' title='bbox 1016 698 1127 732; x_wconf 83' lang='grc' dir='ltr'>ἀγνοίας</span> <span class='ocrx_word' id='word_1_484' title='bbox 1141 699 1307 734; x_wconf 83' lang='grc' dir='ltr'>περιεπάρη,</span> <span class='ocrx_word' id='word_1_485' title='bbox 1320 700 1349 725; x_wconf 82' lang='grc' dir='ltr'>ὲν</span> <span class='ocrx_word' id='word_1_486' title='bbox 1371 700 1409 734; x_wconf 81' lang='grc' dir='ltr'>τῷ</span> <span class='ocrx_word' id='word_1_487' title='bbox 1423 701 1613 735; x_wconf 79' lang='grc' dir='ltr'>στεφανώματι</span> <span class='ocrx_word' id='word_1_488' title='bbox 1628 701 1682 726; x_wconf 86' lang='grc' dir='ltr'>τῶν</span> <span class='ocrx_word' id='word_1_489' title='bbox 1703 701 1796 727; x_wconf 86' lang='grc' dir='ltr'>συνελ-</span> 
     </span>
    </p>
   </div>
   <div class='ocr_carea' id='block_1_76' title="bbox 1017 743 1796 780">
    <p class='ocr_par' dir='ltr' id='par_1_76' title="bbox 1017 743 1796 780">
     <span class='ocr_line' id='line_1_76' title="bbox 1017 743 1796 780; baseline 0.005 -10"><span class='ocrx_word' id='word_1_490' title='bbox 1017 743 1116 770; x_wconf 85' lang='grc' dir='ltr'>θόντων</span> <span class='ocrx_word' id='word_1_491' title='bbox 1130 744 1293 780; x_wconf 75' lang='grc' dir='ltr'>προσώπων,</span> <span class='ocrx_word' id='word_1_492' title='bbox 1308 746 1322 771; x_wconf 84' lang='grc' dir='ltr'>ὁ</span> <span class='ocrx_word' id='word_1_493' title='bbox 1336 745 1454 777; x_wconf 84' lang='grc' dir='ltr'>τοιοῦτος</span> <span class='ocrx_word' id='word_1_494' title='bbox 1466 746 1514 780; x_wconf 73' lang='grc' dir='ltr'>μὲν</span> <span class='ocrx_word' id='word_1_495' title='bbox 1527 746 1557 772; x_wconf 83' lang='grc' dir='ltr'>οὐ</span> <span class='ocrx_word' id='word_1_496' title='bbox 1573 746 1711 778; x_wconf 79' lang='grc' dir='ltr'>παντελῶς</span> <span class='ocrx_word' id='word_1_497' title='bbox 1725 748 1796 774; x_wconf 81' lang='grc' dir='ltr'>ἐστιν</span> 
     </span>
    </p>
   </div>
   <div class='ocr_carea' id='block_1_77' title="bbox 1017 790 1796 827">
    <p class='ocr_par' dir='ltr' id='par_1_77' title="bbox 1017 790 1796 827">
     <span class='ocr_line' id='line_1_77' title="bbox 1017 790 1796 827; baseline 0.003 -11"><span class='ocrx_word' id='word_1_498' title='bbox 1017 790 1176 823; x_wconf 81' lang='grc' dir='ltr'>ὑπεύθυνος,</span> <span class='ocrx_word' id='word_1_499' title='bbox 1191 790 1251 817; x_wconf 73' lang='grc' dir='ltr'>οὐδὲ</span> <span class='ocrx_word' id='word_1_500' title='bbox 1267 790 1395 821; x_wconf 79' lang='grc' dir='ltr'><strong>ἑκουσίως</strong></span> <span class='ocrx_word' id='word_1_501' title='bbox 1406 790 1540 826; x_wconf 83' lang='grc' dir='ltr'>ἁλώσιμος</span> <span class='ocrx_word' id='word_1_502' title='bbox 1551 792 1659 827; x_wconf 83' lang='grc' dir='ltr'>ἀμαρτή</span> <span class='ocrx_word' id='word_1_503' title='bbox 1665 801 1738 827; x_wconf 84' lang='grc' dir='ltr'>ματι,</span> <span class='ocrx_word' id='word_1_504' title='bbox 1747 793 1796 819; x_wconf 80' lang='grc' dir='ltr'>οὐκ</span> 
     </span>
    </p>
   </div>
   <div class='ocr_carea' id='block_1_78' title="bbox 1016 836 1796 872">
    <p class='ocr_par' dir='ltr' id='par_1_78' title="bbox 1016 836 1796 872">
     <span class='ocr_line' id='line_1_78' title="bbox 1016 836 1796 872; baseline 0.003 -9"><span class='ocrx_word' id='word_1_505' title='bbox 1016 837 1160 868; x_wconf 79' lang='grc' dir='ltr'>ἀνεύθυνος</span> <span class='ocrx_word' id='word_1_506' title='bbox 1172 837 1200 863; x_wconf 87' lang='grc' dir='ltr'>δὲ</span> <span class='ocrx_word' id='word_1_507' title='bbox 1220 836 1359 868; x_wconf 82' lang='grc' dir='ltr'>παντελῶς</span> <span class='ocrx_word' id='word_1_508' title='bbox 1366 836 1522 869; x_wconf 87' lang='grc' dir='ltr'>ἀπολύεται,</span> <span class='ocrx_word' id='word_1_509' title='bbox 1531 838 1627 872; x_wconf 76' lang='grc' dir='ltr'>ὅτιπερ</span> <span class='ocrx_word' id='word_1_510' title='bbox 1637 837 1690 865; x_wconf 72' lang='grc' dir='ltr'>ἔδει</span> <span class='ocrx_word' id='word_1_511' title='bbox 1703 837 1796 865; x_wconf 84' lang='grc' dir='ltr'>τοῦτον</span> 
     </span>
    </p>
   </div>
   <div class='ocr_carea' id='block_1_79' title="bbox 1016 882 1795 918">
    <p class='ocr_par' dir='ltr' id='par_1_79' title="bbox 1016 882 1795 918">
     <span class='ocr_line' id='line_1_79' title="bbox 1016 882 1795 918; baseline 0.003 -10"><span class='ocrx_word' id='word_1_512' title='bbox 1016 883 1192 917; x_wconf 77' lang='grc' dir='ltr'>ἐξερευνήσαι</span> <span class='ocrx_word' id='word_1_513' title='bbox 1212 882 1258 908; x_wconf 78' lang='grc' dir='ltr'>καὶ</span> <span class='ocrx_word' id='word_1_514' title='bbox 1276 882 1558 918; x_wconf 76' lang='grc' dir='ltr'>ἀκριϐολογησάμενον</span> <span class='ocrx_word' id='word_1_515' title='bbox 1585 884 1744 918; x_wconf 81' lang='grc' dir='ltr'>ἁναμαθεῖν,</span> <span class='ocrx_word' id='word_1_516' title='bbox 1770 885 1795 911; x_wconf 84' lang='grc' dir='ltr'><strong>εἰ</strong></span> 
     </span>
    </p>
   </div>
   <div class='ocr_carea' id='block_1_80' title="bbox 1015 929 1795 965">
    <p class='ocr_par' dir='ltr' id='par_1_80' title="bbox 1015 929 1795 965">
     <span class='ocr_line' id='line_1_80' title="bbox 1015 929 1795 965; baseline 0.004 -11"><span class='ocrx_word' id='word_1_517' title='bbox 1015 929 1069 963; x_wconf 83' lang='grc' dir='ltr'>ἄρα</span> <span class='ocrx_word' id='word_1_518' title='bbox 1094 931 1126 964; x_wconf 83' lang='grc' dir='ltr'>τῇ</span> <span class='ocrx_word' id='word_1_519' title='bbox 1145 929 1270 964; x_wconf 84' lang='grc' dir='ltr'>βουλήσει</span> <span class='ocrx_word' id='word_1_520' title='bbox 1286 929 1339 955; x_wconf 84' lang='grc' dir='ltr'>τῶν</span> <span class='ocrx_word' id='word_1_521' title='bbox 1353 930 1486 956; x_wconf 86' lang='grc' dir='ltr'>τεκόντων</span> <span class='ocrx_word' id='word_1_522' title='bbox 1497 931 1520 956; x_wconf 85' lang='grc' dir='ltr'>οἰ</span> <span class='ocrx_word' id='word_1_523' title='bbox 1537 930 1604 965; x_wconf 78' lang='grc' dir='ltr'>πρὸς</span> <span class='ocrx_word' id='word_1_524' title='bbox 1620 931 1708 965; x_wconf 87' lang='grc' dir='ltr'>γάμον</span> <span class='ocrx_word' id='word_1_525' title='bbox 1733 939 1795 957; x_wconf 88' lang='grc' dir='ltr'>συν-</span> 
     </span>
    </p>
   </div>
   <div class='ocr_carea' id='block_1_81' title="bbox 1015 973 1796 1008">
    <p class='ocr_par' dir='ltr' id='par_1_81' title="bbox 1015 973 1796 1008">
     <span class='ocr_line' id='line_1_81' title="bbox 1015 973 1796 1008; baseline 0.004 -8"><span class='ocrx_word' id='word_1_526' title='bbox 1015 974 1162 1008; x_wconf 85' lang='grc' dir='ltr'>απτόμενοι</span> <span class='ocrx_word' id='word_1_527' title='bbox 1175 973 1318 1001; x_wconf 74' lang='grc' dir='ltr'>συνιστιῖκιι</span> <span class='ocrx_word' id='word_1_528' title='bbox 1331 974 1361 1000; x_wconf 78' lang='grc' dir='ltr'><strong>τὺ</strong></span> <span class='ocrx_word' id='word_1_529' title='bbox 1376 975 1552 1002; x_wconf 70' lang='grc' dir='ltr'>ωνοικέσιον.</span> <span class='ocrx_word' id='word_1_530' title='bbox 1564 975 1614 1002; x_wconf 84' lang='grc' dir='ltr'>Διὰ</span> <span class='ocrx_word' id='word_1_531' title='bbox 1627 975 1717 1008; x_wconf 81' lang='grc' dir='ltr'>τοῦτο,</span> <span class='ocrx_word' id='word_1_532' title='bbox 1729 976 1796 1003; x_wconf 72' lang='lat' dir='ltr'><strong>xuii-</strong></span> 
     </span>
    </p>
   </div>
   <div class='ocr_carea' id='block_1_82' title="bbox 1016 1019 1796 1057">
    <p class='ocr_par' dir='ltr' id='par_1_82' title="bbox 1016 1019 1796 1057">
     <span class='ocr_line' id='line_1_82' title="bbox 1016 1019 1796 1057; baseline 0.004 -12"><span class='ocrx_word' id='word_1_533' title='bbox 1016 1019 1120 1054; x_wconf 83' lang='grc' dir='ltr'>αιρέσει</span> <span class='ocrx_word' id='word_1_534' title='bbox 1138 1019 1187 1054; x_wconf 81' lang='grc' dir='ltr'>μὲν</span> <span class='ocrx_word' id='word_1_535' title='bbox 1202 1020 1216 1046; x_wconf 80' lang='grc' dir='ltr'>ὁ</span> <span class='ocrx_word' id='word_1_536' title='bbox 1228 1019 1348 1051; x_wconf 73' lang='grc' dir='ltr'>τοιοῦτος</span> <span class='ocrx_word' id='word_1_537' title='bbox 1365 1020 1414 1055; x_wconf 86' lang='grc' dir='ltr'>οὺχ</span> <span class='ocrx_word' id='word_1_538' title='bbox 1426 1020 1618 1055; x_wconf 77' lang='grc' dir='ltr'>ὑποϐάλλεται,</span> <span class='ocrx_word' id='word_1_539' title='bbox 1639 1022 1687 1048; x_wconf 69' lang='grc' dir='ltr'><strong>ἐπὶ</strong></span> <span class='ocrx_word' id='word_1_540' title='bbox 1702 1022 1796 1057; x_wconf 85' lang='grc' dir='ltr'>χρόνον</span> 
     </span>
    </p>
   </div>
   <div class='ocr_carea' id='block_1_83' title="bbox 1015 1064 1795 1102">
    <p class='ocr_par' dir='ltr' id='par_1_83' title="bbox 1015 1064 1795 1102">
     <span class='ocr_line' id='line_1_83' title="bbox 1015 1064 1795 1102; baseline 0.005 -12"><span class='ocrx_word' id='word_1_541' title='bbox 1015 1064 1042 1090; x_wconf 78' lang='grc' dir='ltr'><strong>δέ</strong></span> <span class='ocrx_word' id='word_1_542' title='bbox 1056 1073 1116 1091; x_wconf 88' lang='grc' dir='ltr'>τινα</span> <span class='ocrx_word' id='word_1_543' title='bbox 1135 1065 1225 1099; x_wconf 82' lang='grc' dir='ltr'>ῥητὸν,</span> <span class='ocrx_word' id='word_1_544' title='bbox 1250 1065 1301 1099; x_wconf 86' lang='grc' dir='ltr'>τῆς</span> <span class='ocrx_word' id='word_1_545' title='bbox 1319 1066 1474 1100; x_wconf 79' lang='grc' dir='ltr'>ἱερουργίας</span> <span class='ocrx_word' id='word_1_546' title='bbox 1500 1067 1722 1102; x_wconf 82' lang='grc' dir='ltr'>ὲπισχεθήσεται,</span> <span class='ocrx_word' id='word_1_547' title='bbox 1749 1068 1795 1094; x_wconf 86' lang='lat' dir='ltr'><strong>xui.</strong></span> 
     </span>
    </p>
   </div>
   <div class='ocr_carea' id='block_1_84' title="bbox 1015 1110 1794 1148">
    <p class='ocr_par' dir='ltr' id='par_1_84' title="bbox 1015 1110 1794 1148">
     <span class='ocr_line' id='line_1_84' title="bbox 1015 1110 1794 1148; baseline 0.005 -13"><span class='ocrx_word' id='word_1_548' title='bbox 1015 1111 1064 1144; x_wconf 79' lang='grc' dir='ltr'>τὴν</span> <span class='ocrx_word' id='word_1_549' title='bbox 1077 1111 1106 1137; x_wconf 78' lang='grc' dir='ltr'>ἐν</span> <span class='ocrx_word' id='word_1_550' title='bbox 1121 1112 1177 1141; x_wconf 81' lang='grc' dir='ltr'>τοῖς</span> <span class='ocrx_word' id='word_1_551' title='bbox 1189 1110 1279 1142; x_wconf 82' lang='grc' dir='ltr'>ἄλλοις</span> <span class='ocrx_word' id='word_1_552' title='bbox 1292 1112 1487 1147; x_wconf 80' lang='grc' dir='ltr'>ταλαιπωρίαν,</span> <span class='ocrx_word' id='word_1_553' title='bbox 1504 1113 1641 1148; x_wconf 77' lang='grc' dir='ltr'>νηστείαις</span> <span class='ocrx_word' id='word_1_554' title='bbox 1655 1122 1695 1146; x_wconf 82' lang='grc' dir='ltr'><strong>τε,</strong></span> <span class='ocrx_word' id='word_1_555' title='bbox 1712 1113 1794 1148; x_wconf 77' lang='grc' dir='ltr'>φημὶ,</span> 
     </span>
    </p>
   </div>
   <div class='ocr_carea' id='block_1_85' title="bbox 1015 1157 1795 1195">
    <p class='ocr_par' dir='ltr' id='par_1_85' title="bbox 1015 1157 1795 1195">
     <span class='ocr_line' id='line_1_85' title="bbox 1015 1157 1795 1195; baseline 0.006 -13"><span class='ocrx_word' id='word_1_556' title='bbox 1015 1157 1062 1182; x_wconf 83' lang='grc' dir='ltr'>καὶ</span> <span class='ocrx_word' id='word_1_557' title='bbox 1073 1158 1247 1192; x_wconf 82' lang='grc' dir='ltr'>προσευχαῖς,</span> <span class='ocrx_word' id='word_1_558' title='bbox 1264 1159 1444 1193; x_wconf 69' lang='grc' dir='ltr'>ὑποστήσετῐη</span> <span class='ocrx_word' id='word_1_559' title='bbox 1455 1167 1462 1174; x_wconf 83' lang='grc'><strong>”</strong></span> <span class='ocrx_word' id='word_1_560' title='bbox 1473 1160 1486 1186; x_wconf 86' lang='grc' dir='ltr'><strong>ό</strong></span> <span class='ocrx_word' id='word_1_561' title='bbox 1500 1159 1529 1186; x_wconf 75' lang='grc' dir='ltr'>δὲ</span> <span class='ocrx_word' id='word_1_562' title='bbox 1545 1159 1640 1194; x_wconf 85' lang='grc' dir='ltr'>χρόνος</span> <span class='ocrx_word' id='word_1_563' title='bbox 1660 1160 1709 1195; x_wconf 83' lang='grc' dir='ltr'>τῆς</span> <span class='ocrx_word' id='word_1_564' title='bbox 1734 1161 1795 1187; x_wconf 79' lang='grc' dir='ltr'>ἑπι-</span> 
     </span>
    </p>
   </div>
   <div class='ocr_carea' id='block_1_86' title="bbox 1015 1203 1794 1240">
    <p class='ocr_par' dir='ltr' id='par_1_86' title="bbox 1015 1203 1794 1240">
     <span class='ocr_line' id='line_1_86' title="bbox 1015 1203 1794 1240; baseline 0.006 -13"><span class='ocrx_word' id='word_1_565' title='bbox 1015 1203 1163 1237; x_wconf 83' lang='grc' dir='ltr'>τιμήσεως,</span> <span class='ocrx_word' id='word_1_566' title='bbox 1180 1203 1236 1238; x_wconf 79' lang='grc' dir='ltr'>ἢέν</span> <span class='ocrx_word' id='word_1_567' title='bbox 1252 1204 1456 1239; x_wconf 82' lang='grc' dir='ltr'>τεσσαράκοντα</span> <span class='ocrx_word' id='word_1_568' title='bbox 1470 1205 1624 1240; x_wconf 82' lang='grc' dir='ltr'>ἡμέραις,ῆ</span> <span class='ocrx_word' id='word_1_569' title='bbox 1640 1206 1680 1237; x_wconf 80' lang='grc' dir='ltr'>δὶς</span> <span class='ocrx_word' id='word_1_570' title='bbox 1697 1205 1794 1232; x_wconf 83' lang='grc' dir='ltr'>τοσαύ-</span> 
     </span>
    </p>
   </div>
   <div class='ocr_carea' id='block_1_87' title="bbox 1014 1248 1794 1286">
    <p class='ocr_par' dir='ltr' id='par_1_87' title="bbox 1014 1248 1794 1286">
     <span class='ocr_line' id='line_1_87' title="bbox 1014 1248 1794 1286; baseline 0.005 -14"><span class='ocrx_word' id='word_1_571' title='bbox 1014 1255 1075 1278; x_wconf 84' lang='grc' dir='ltr'>ταις</span> <span class='ocrx_word' id='word_1_572' title='bbox 1088 1248 1323 1283; x_wconf 80' lang='grc' dir='ltr'>παραταοήσεται,</span> <span class='ocrx_word' id='word_1_573' title='bbox 1341 1250 1406 1284; x_wconf 83' lang='grc' dir='ltr'>πρὸς</span> <span class='ocrx_word' id='word_1_574' title='bbox 1420 1251 1471 1284; x_wconf 83' lang='grc' dir='ltr'>τὴν</span> <span class='ocrx_word' id='word_1_575' title='bbox 1484 1250 1628 1284; x_wconf 80' lang='grc' dir='ltr'>ἀναλογίαν</span> <span class='ocrx_word' id='word_1_576' title='bbox 1647 1250 1697 1285; x_wconf 77' lang='grc' dir='ltr'>τῆς</span> <span class='ocrx_word' id='word_1_577' title='bbox 1718 1251 1747 1277; x_wconf 78' lang='grc' dir='ltr'>ὲν</span> <span class='ocrx_word' id='word_1_578' title='bbox 1760 1251 1794 1286; x_wconf 81' lang='grc' dir='ltr'>τῇ</span> 
     </span>
    </p>
   </div>
   <div class='ocr_carea' id='block_1_88' title="bbox 1016 1292 1794 1331">
    <p class='ocr_par' dir='ltr' id='par_1_88' title="bbox 1016 1292 1794 1331">
     <span class='ocr_line' id='line_1_88' title="bbox 1016 1292 1794 1331; baseline 0.006 -14"><span class='ocrx_word' id='word_1_579' title='bbox 1016 1292 1144 1327; x_wconf 78' lang='grc' dir='ltr'>μετανοίᾳ</span> <span class='ocrx_word' id='word_1_580' title='bbox 1159 1293 1338 1328; x_wconf 80' lang='grc' dir='ltr'>Οερμότητος·</span> <span class='ocrx_word' id='word_1_581' title='bbox 1350 1294 1387 1325; x_wconf 85' lang='grc' dir='ltr'>ὡς</span> <span class='ocrx_word' id='word_1_582' title='bbox 1396 1294 1429 1321; x_wconf 81' lang='grc' dir='ltr'>ἂν</span> <span class='ocrx_word' id='word_1_583' title='bbox 1441 1294 1470 1327; x_wconf 80' lang='grc' dir='ltr'><strong>ὲξ</strong></span> <span class='ocrx_word' id='word_1_584' title='bbox 1484 1295 1600 1329; x_wconf 65' lang='grc' dir='ltr'>ἀμελῶς</span> <span class='ocrx_word' id='word_1_585' title='bbox 1615 1295 1661 1322; x_wconf 80' lang='lat' dir='ltr'><strong>xui.</strong></span> <span class='ocrx_word' id='word_1_586' title='bbox 1673 1295 1794 1331; x_wconf 77' lang='grc' dir='ltr'>ῥᾳθύμου</span> 
     </span>
    </p>
   </div>
   <div class='ocr_carea' id='block_1_89' title="bbox 1014 1337 1794 1377">
    <p class='ocr_par' dir='ltr' id='par_1_89' title="bbox 1014 1337 1794 1377">
     <span class='ocr_line' id='line_1_89' title="bbox 1014 1337 1794 1377; baseline 0.005 -13"><span class='ocrx_word' id='word_1_587' title='bbox 1014 1337 1126 1372; x_wconf 72' lang='grc' dir='ltr'>γνώμης</span> <span class='ocrx_word' id='word_1_588' title='bbox 1149 1338 1281 1372; x_wconf 80' lang='grc' dir='ltr'>μηδέποτε</span> <span class='ocrx_word' id='word_1_589' title='bbox 1301 1339 1398 1374; x_wconf 81' lang='grc' dir='ltr'>μηδενὶ</span> <span class='ocrx_word' id='word_1_590' title='bbox 1425 1340 1538 1377; x_wconf 75' lang='grc' dir='ltr'>τοιούτῳ</span> <span class='ocrx_word' id='word_1_591' title='bbox 1567 1342 1719 1377; x_wconf 79' lang='grc' dir='ltr'>περιπέσῃ-</span> <span class='ocrx_word' id='word_1_592' title='bbox 1735 1341 1794 1368; x_wconf 85' lang='grc' dir='ltr'>ἀλλ’</span> 
     </span>
    </p>
   </div>
   <div class='ocr_carea' id='block_1_90' title="bbox 1014 1382 1795 1422">
    <p class='ocr_par' dir='ltr' id='par_1_90' title="bbox 1014 1382 1795 1422">
     <span class='ocr_line' id='line_1_90' title="bbox 1014 1382 1795 1422; baseline 0.008 -14"><span class='ocrx_word' id='word_1_593' title='bbox 1014 1382 1084 1409; x_wconf 83' lang='grc' dir='ltr'>οὕτω</span> <span class='ocrx_word' id='word_1_594' title='bbox 1099 1383 1147 1418; x_wconf 74' lang='grc' dir='ltr'><strong>μὲν</strong></span> <span class='ocrx_word' id='word_1_595' title='bbox 1162 1385 1186 1410; x_wconf 81' lang='grc' dir='ltr'>εἰ</span> <span class='ocrx_word' id='word_1_596' title='bbox 1200 1386 1267 1419; x_wconf 84' lang='grc' dir='ltr'>πρὸς</span> <span class='ocrx_word' id='word_1_597' title='bbox 1281 1385 1329 1420; x_wconf 81' lang='grc' dir='ltr'>τὴν</span> <span class='ocrx_word' id='word_1_598' title='bbox 1341 1386 1450 1419; x_wconf 79' lang='grc' dir='ltr'>ἄγνοιαν</span> <span class='ocrx_word' id='word_1_599' title='bbox 1462 1386 1610 1421; x_wconf 83' lang='grc' dir='ltr'>μεταφέρει</span> <span class='ocrx_word' id='word_1_600' title='bbox 1625 1386 1655 1413; x_wconf 83' lang='grc' dir='ltr'>τὸ</span> <span class='ocrx_word' id='word_1_601' title='bbox 1670 1387 1795 1422; x_wconf 82' lang='grc' dir='ltr'>ἁμάρτη-</span> 
     </span>
    </p>
   </div>
   <div class='ocr_carea' id='block_1_91' title="bbox 1016 1428 1794 1466">
    <p class='ocr_par' dir='ltr' id='par_1_91' title="bbox 1016 1428 1794 1466">
     <span class='ocr_line' id='line_1_91' title="bbox 1016 1428 1794 1466; baseline 0.006 -13"><span class='ocrx_word' id='word_1_602' title='bbox 1016 1435 1067 1461; x_wconf 78' lang='grc' dir='ltr'>μα’</span> <span class='ocrx_word' id='word_1_603' title='bbox 1083 1429 1108 1454; x_wconf 88' lang='grc' dir='ltr'><strong>εί</strong></span> <span class='ocrx_word' id='word_1_604' title='bbox 1131 1428 1159 1454; x_wconf 80' lang='grc' dir='ltr'>δὲ</span> <span class='ocrx_word' id='word_1_605' title='bbox 1177 1428 1226 1464; x_wconf 84' lang='grc' dir='ltr'>τὴν</span> <span class='ocrx_word' id='word_1_606' title='bbox 1240 1429 1367 1464; x_wconf 83' lang='grc' dir='ltr'>βούλησιν</span> <span class='ocrx_word' id='word_1_607' title='bbox 1389 1429 1444 1456; x_wconf 77' lang='grc' dir='ltr'><strong>τῶν</strong></span> <span class='ocrx_word' id='word_1_608' title='bbox 1472 1430 1598 1466; x_wconf 83' lang='grc' dir='ltr'>πατέρων</span> <span class='ocrx_word' id='word_1_609' title='bbox 1616 1430 1794 1465; x_wconf 77' lang='grc' dir='ltr'>ἐξηπίστατο,</span> 
     </span>
    </p>
   </div>
   <div class='ocr_carea' id='block_1_92' title="bbox 1014 1474 1795 1513">
    <p class='ocr_par' dir='ltr' id='par_1_92' title="bbox 1014 1474 1795 1513">
     <span class='ocr_line' id='line_1_92' title="bbox 1014 1474 1795 1513; baseline 0.006 -14"><span class='ocrx_word' id='word_1_610' title='bbox 1014 1474 1061 1499; x_wconf 85' lang='grc' dir='ltr'>καὶ</span> <span class='ocrx_word' id='word_1_611' title='bbox 1075 1474 1112 1505; x_wconf 86' lang='grc' dir='ltr'>ὡς</span> <span class='ocrx_word' id='word_1_612' title='bbox 1131 1475 1317 1509; x_wconf 81' lang='grc' dir='ltr'>ἁπηρέσκοντο</span> <span class='ocrx_word' id='word_1_613' title='bbox 1331 1477 1364 1511; x_wconf 86' lang='grc' dir='ltr'>τῇ</span> <span class='ocrx_word' id='word_1_614' title='bbox 1385 1476 1516 1512; x_wconf 71' lang='grc' dir='ltr'>ωναφείᾳ</span> <span class='ocrx_word' id='word_1_615' title='bbox 1525 1485 1554 1503; x_wconf 88' lang='grc' dir='ltr'><strong>τε</strong></span> <span class='ocrx_word' id='word_1_616' title='bbox 1569 1478 1616 1504; x_wconf 85' lang='grc' dir='ltr'>καὶ</span> <span class='ocrx_word' id='word_1_617' title='bbox 1639 1477 1795 1513; x_wconf 76' lang='grc' dir='ltr'>συμφωνίᾳ,</span> 
     </span>
    </p>
   </div>
   <div class='ocr_carea' id='block_1_93' title="bbox 1014 1519 1795 1558">
    <p class='ocr_par' dir='ltr' id='par_1_93' title="bbox 1014 1519 1795 1558">
     <span class='ocr_line' id='line_1_93' title="bbox 1014 1519 1795 1558; baseline 0.006 -13"><span class='ocrx_word' id='word_1_618' title='bbox 1014 1520 1060 1545; x_wconf 85' lang='grc' dir='ltr'>καὶ</span> <span class='ocrx_word' id='word_1_619' title='bbox 1070 1519 1155 1546; x_wconf 80' lang='grc' dir='ltr'>ταῦτα</span> <span class='ocrx_word' id='word_1_620' title='bbox 1171 1520 1258 1553; x_wconf 75' lang='grc' dir='ltr'>εἰδὼς,</span> <span class='ocrx_word' id='word_1_621' title='bbox 1278 1521 1403 1556; x_wconf 84' lang='grc' dir='ltr'>ὑπερεῖδε</span> <span class='ocrx_word' id='word_1_622' title='bbox 1418 1522 1468 1557; x_wconf 83' lang='grc' dir='ltr'>μὲν</span> <span class='ocrx_word' id='word_1_623' title='bbox 1491 1523 1537 1549; x_wconf 82' lang='grc' dir='ltr'>τὸν</span> <span class='ocrx_word' id='word_1_624' title='bbox 1561 1523 1673 1557; x_wconf 79' lang='grc' dir='ltr'>φυσικὸν</span> <span class='ocrx_word' id='word_1_625' title='bbox 1701 1523 1795 1558; x_wconf 84' lang='grc' dir='ltr'>νόμον,</span> 
     </span>
    </p>
   </div>
   <div class='ocr_carea' id='block_1_94' title="bbox 1015 1565 1797 1604">
    <p class='ocr_par' dir='ltr' id='par_1_94' title="bbox 1015 1565 1797 1604">
     <span class='ocr_line' id='line_1_94' title="bbox 1015 1565 1797 1604; baseline 0.009 -14"><span class='ocrx_word' id='word_1_626' title='bbox 1015 1565 1139 1600; x_wconf 80' lang='grc' dir='ltr'>ὑπερεῖδε</span> <span class='ocrx_word' id='word_1_627' title='bbox 1153 1565 1180 1591; x_wconf 83' lang='grc' dir='ltr'>δὲ</span> <span class='ocrx_word' id='word_1_628' title='bbox 1196 1566 1242 1592; x_wconf 78' lang='grc' dir='ltr'>καὶ</span> <span class='ocrx_word' id='word_1_629' title='bbox 1257 1566 1302 1592; x_wconf 73' lang='grc' dir='ltr'>τὸν</span> <span class='ocrx_word' id='word_1_630' title='bbox 1314 1568 1495 1602; x_wconf 64' lang='grc' dir='ltr'>πνευματικὴν</span> <span class='ocrx_word' id='word_1_631' title='bbox 1509 1568 1648 1604; x_wconf 82' lang='grc' dir='ltr'>(ἑκάτερος</span> <span class='ocrx_word' id='word_1_632' title='bbox 1662 1569 1716 1604; x_wconf 84' lang='grc' dir='ltr'>γὰρ</span> <span class='ocrx_word' id='word_1_633' title='bbox 1731 1570 1797 1597; x_wconf 78' lang='grc' dir='ltr'>ἄκυ-</span> 
     </span>
    </p>
   </div>
   <div class='ocr_carea' id='block_1_95' title="bbox 1016 1611 1796 1650">
    <p class='ocr_par' dir='ltr' id='par_1_95' title="bbox 1016 1611 1796 1650">
     <span class='ocr_line' id='line_1_95' title="bbox 1016 1611 1796 1650; baseline 0.006 -13"><span class='ocrx_word' id='word_1_634' title='bbox 1016 1619 1062 1646; x_wconf 90' lang='grc' dir='ltr'><strong>ρον</strong></span> <span class='ocrx_word' id='word_1_635' title='bbox 1076 1611 1221 1645; x_wconf 75' lang='grc' dir='ltr'>ἀποφαίνει</span> <span class='ocrx_word' id='word_1_636' title='bbox 1242 1613 1292 1648; x_wconf 84' lang='grc' dir='ltr'>τὴν</span> <span class='ocrx_word' id='word_1_637' title='bbox 1305 1613 1459 1648; x_wconf 80' lang='grc' dir='ltr'>συνάφειαν,</span> <span class='ocrx_word' id='word_1_638' title='bbox 1476 1615 1530 1649; x_wconf 69' lang='grc' dir='ltr'>τῷν</span> <span class='ocrx_word' id='word_1_639' title='bbox 1544 1615 1676 1642; x_wconf 79' lang='grc' dir='ltr'>τεκόντων</span> <span class='ocrx_word' id='word_1_640' title='bbox 1699 1616 1729 1642; x_wconf 80' lang='grc' dir='ltr'>οὐ</span> <span class='ocrx_word' id='word_1_641' title='bbox 1745 1625 1796 1650; x_wconf 81' lang='grc' dir='ltr'>φε-</span> 
     </span>
    </p>
   </div>
   <div class='ocr_carea' id='block_1_96' title="bbox 1015 1658 1798 1696">
    <p class='ocr_par' dir='ltr' id='par_1_96' title="bbox 1015 1658 1798 1696">
     <span class='ocr_line' id='line_1_96' title="bbox 1015 1658 1798 1696; baseline 0.005 -12"><span class='ocrx_word' id='word_1_642' title='bbox 1015 1658 1115 1693; x_wconf 86' lang='grc' dir='ltr'>ρόντων</span> <span class='ocrx_word' id='word_1_643' title='bbox 1128 1658 1177 1692; x_wconf 77' lang='grc' dir='ltr'>τὴν</span> <span class='ocrx_word' id='word_1_644' title='bbox 1188 1659 1385 1693; x_wconf 78' lang='grc' dir='ltr'>ἐπιτρέπουσαν</span> <span class='ocrx_word' id='word_1_645' title='bbox 1392 1660 1502 1696; x_wconf 73' lang='grc' dir='ltr'>ψῆφον),</span> <span class='ocrx_word' id='word_1_646' title='bbox 1517 1662 1530 1687; x_wconf 87' lang='grc' dir='ltr'><strong>ό</strong></span> <span class='ocrx_word' id='word_1_647' title='bbox 1539 1661 1657 1693; x_wconf 76' lang='grc' dir='ltr'>τοιοῦτος</span> <span class='ocrx_word' id='word_1_648' title='bbox 1670 1662 1798 1694; x_wconf 76' lang='grc' dir='ltr'>ὑπόδικος</span> 
     </span>
    </p>
   </div>
   <div class='ocr_carea' id='block_1_97' title="bbox 1014 1704 1798 1744">
    <p class='ocr_par' dir='ltr' id='par_1_97' title="bbox 1014 1704 1798 1744">
     <span class='ocr_line' id='line_1_97' title="bbox 1014 1704 1798 1744; baseline 0.009 -15"><span class='ocrx_word' id='word_1_649' title='bbox 1014 1704 1094 1730; x_wconf 69' lang='grc' dir='ltr'>ἔστω.</span> <span class='ocrx_word' id='word_1_650' title='bbox 1111 1704 1143 1731; x_wconf 79' lang='lat' dir='ltr'><strong>Et</strong></span> <span class='ocrx_word' id='word_1_651' title='bbox 1158 1704 1187 1731; x_wconf 67' lang='lat' dir='ltr'><strong>at</strong></span> <span class='ocrx_word' id='word_1_652' title='bbox 1200 1705 1366 1740; x_wconf 73' lang='grc' dir='ltr'>ἄραμακρῷ</span> <span class='ocrx_word' id='word_1_653' title='bbox 1389 1707 1486 1742; x_wconf 79' lang='grc' dir='ltr'>χρόνῳ,</span> <span class='ocrx_word' id='word_1_654' title='bbox 1506 1708 1556 1742; x_wconf 82' lang='grc' dir='ltr'>τῆς</span> <span class='ocrx_word' id='word_1_655' title='bbox 1569 1708 1659 1742; x_wconf 83' lang='grc' dir='ltr'>γάμου</span> <span class='ocrx_word' id='word_1_656' title='bbox 1681 1711 1798 1744; x_wconf 77' lang='grc' dir='ltr'>νομικῆς</span> 
     </span>
    </p>
   </div>
   <div class='ocr_carea' id='block_1_98' title="bbox 1013 1750 1798 1790">
    <p class='ocr_par' dir='ltr' id='par_1_98' title="bbox 1013 1750 1798 1790">
     <span class='ocr_line' id='line_1_98' title="bbox 1013 1750 1798 1790; baseline 0.006 -13"><span class='ocrx_word' id='word_1_657' title='bbox 1013 1750 1122 1785; x_wconf 85' lang='grc' dir='ltr'>ἡλικίας</span> <span class='ocrx_word' id='word_1_658' title='bbox 1134 1751 1188 1779; x_wconf 85' lang='grc' dir='ltr'><strong>τῶν</strong></span> <span class='ocrx_word' id='word_1_659' title='bbox 1200 1751 1303 1779; x_wconf 85' lang='grc' dir='ltr'>παίδων</span> <span class='ocrx_word' id='word_1_660' title='bbox 1315 1753 1471 1788; x_wconf 81' lang='grc' dir='ltr'>ἐπιτηδείας</span> <span class='ocrx_word' id='word_1_661' title='bbox 1490 1753 1583 1790; x_wconf 80' lang='grc' dir='ltr'>οὔσης,</span> <span class='ocrx_word' id='word_1_662' title='bbox 1606 1755 1798 1790; x_wconf 79' lang='grc' dir='ltr'>ὑπερετίθεντο</span> 
     </span>
    </p>
   </div>
   <div class='ocr_carea' id='block_1_99' title="bbox 1014 1795 1798 1838">
    <p class='ocr_par' dir='ltr' id='par_1_99' title="bbox 1014 1795 1798 1838">
     <span class='ocr_line' id='line_1_99' title="bbox 1014 1795 1798 1838; baseline 0.009 -16"><span class='ocrx_word' id='word_1_663' title='bbox 1014 1795 1040 1822; x_wconf 74' lang='lat' dir='ltr'><strong>oi</strong></span> <span class='ocrx_word' id='word_1_664' title='bbox 1054 1797 1153 1830; x_wconf 79' lang='grc' dir='ltr'>γονεῖς,</span> <span class='ocrx_word' id='word_1_665' title='bbox 1170 1798 1218 1824; x_wconf 85' lang='lat' dir='ltr'><strong>xui</strong></span> <span class='ocrx_word' id='word_1_666' title='bbox 1232 1797 1281 1833; x_wconf 78' lang='grc' dir='ltr'>τὴν</span> <span class='ocrx_word' id='word_1_667' title='bbox 1292 1798 1415 1834; x_wconf 80' lang='grc' dir='ltr'>ἀνάγκην</span> <span class='ocrx_word' id='word_1_668' title='bbox 1429 1800 1506 1826; x_wconf 82' lang='grc' dir='ltr'>αὐτοὶ</span> <span class='ocrx_word' id='word_1_669' title='bbox 1526 1800 1677 1836; x_wconf 80' lang='grc' dir='ltr'>παρέσχον,</span> <span class='ocrx_word' id='word_1_670' title='bbox 1696 1803 1743 1828; x_wconf 83' lang='grc' dir='ltr'>καὶ</span> <span class='ocrx_word' id='word_1_671' title='bbox 1759 1802 1798 1838; x_wconf 88' lang='grc' dir='ltr'>μὴ</span> 
     </span>
    </p>
   </div>
   <div class='ocr_carea' id='block_1_100' title="bbox 1015 1841 1797 1881">
    <p class='ocr_par' dir='ltr' id='par_1_100' title="bbox 1015 1841 1797 1881">
     <span class='ocr_line' id='line_1_100' title="bbox 1015 1841 1797 1881; baseline 0.009 -14"><span class='ocrx_word' id='word_1_672' title='bbox 1015 1841 1184 1878; x_wconf 80' lang='grc' dir='ltr'>βουλομένων</span> <span class='ocrx_word' id='word_1_673' title='bbox 1196 1843 1297 1875; x_wconf 83' lang='grc' dir='ltr'>αὐτῶν,</span> <span class='ocrx_word' id='word_1_674' title='bbox 1308 1844 1395 1871; x_wconf 76' lang='grc' dir='ltr'>ἐλθεῖν</span> <span class='ocrx_word' id='word_1_675' title='bbox 1405 1845 1468 1877; x_wconf 82' lang='grc' dir='ltr'>τοὺς</span> <span class='ocrx_word' id='word_1_676' title='bbox 1481 1846 1578 1878; x_wconf 80' lang='grc' dir='ltr'>παῖδας</span> <span class='ocrx_word' id='word_1_677' title='bbox 1587 1847 1627 1878; x_wconf 81' lang='grc' dir='ltr'>εἰς</span> <span class='ocrx_word' id='word_1_678' title='bbox 1636 1847 1797 1881; x_wconf 81' lang='grc' dir='ltr'>συνάφειαν,</span> 
     </span>
    </p>
   </div>
   <div class='ocr_carea' id='block_1_101' title="bbox 1013 1888 1800 1928">
    <p class='ocr_par' dir='ltr' id='par_1_101' title="bbox 1013 1888 1800 1928">
     <span class='ocr_line' id='line_1_101' title="bbox 1013 1888 1800 1928; baseline 0.009 -14"><span class='ocrx_word' id='word_1_679' title='bbox 1013 1888 1164 1923; x_wconf 80' lang='grc' dir='ltr'>τηνικαῦτα</span> <span class='ocrx_word' id='word_1_680' title='bbox 1177 1889 1279 1916; x_wconf 73' lang='grc' dir='ltr'>καὶτὸν</span> <span class='ocrx_word' id='word_1_681' title='bbox 1292 1890 1412 1918; x_wconf 81' lang='grc' dir='ltr'>τοιοῦτον</span> <span class='ocrx_word' id='word_1_682' title='bbox 1429 1891 1517 1926; x_wconf 85' lang='grc' dir='ltr'>γάμον</span> <span class='ocrx_word' id='word_1_683' title='bbox 1539 1893 1554 1919; x_wconf 84' lang='grc' dir='ltr'>ὁ</span> <span class='ocrx_word' id='word_1_684' title='bbox 1571 1892 1651 1928; x_wconf 89' lang='grc' dir='ltr'>νόμος</span> <span class='ocrx_word' id='word_1_685' title='bbox 1665 1894 1715 1920; x_wconf 80' lang='grc' dir='ltr'>οὐκ</span> <span class='ocrx_word' id='word_1_686' title='bbox 1730 1894 1800 1921; x_wconf 78' lang='grc' dir='ltr'>ἄκυ-</span> 
     </span>
    </p>
   </div>
   <div class='ocr_carea' id='block_1_102' title="bbox 1015 1934 1798 1973">
    <p class='ocr_par' dir='ltr' id='par_1_102' title="bbox 1015 1934 1798 1973">
     <span class='ocr_line' id='line_1_102' title="bbox 1015 1934 1798 1973; baseline 0.008 -13"><span class='ocrx_word' id='word_1_687' title='bbox 1015 1942 1061 1969; x_wconf 92' lang='grc' dir='ltr'><strong>ρον</strong></span> <span class='ocrx_word' id='word_1_688' title='bbox 1076 1934 1177 1970; x_wconf 83' lang='grc' dir='ltr'>τίθησι,</span> <span class='ocrx_word' id='word_1_689' title='bbox 1192 1935 1240 1962; x_wconf 78' lang='grc' dir='ltr'>καὶ</span> <span class='ocrx_word' id='word_1_690' title='bbox 1255 1937 1269 1962; x_wconf 86' lang='grc' dir='ltr'><strong>ό</strong></span> <span class='ocrx_word' id='word_1_691' title='bbox 1281 1937 1369 1971; x_wconf 75' lang='grc' dir='ltr'>ἱερεὺς</span> <span class='ocrx_word' id='word_1_692' title='bbox 1386 1937 1481 1972; x_wconf 85' lang='grc' dir='ltr'>παρὼν</span> <span class='ocrx_word' id='word_1_693' title='bbox 1495 1939 1541 1964; x_wconf 82' lang='grc' dir='ltr'>καὶ</span> <span class='ocrx_word' id='word_1_694' title='bbox 1553 1938 1672 1972; x_wconf 80' lang='grc' dir='ltr'>ἁγιάζων</span> <span class='ocrx_word' id='word_1_695' title='bbox 1684 1939 1728 1965; x_wconf 78' lang='grc' dir='ltr'><strong>τὸν</strong></span> <span class='ocrx_word' id='word_1_696' title='bbox 1742 1940 1798 1973; x_wconf 83' lang='grc' dir='ltr'><strong>γά-</strong></span> 
     </span>
    </p>
   </div>
   <div class='ocr_carea' id='block_1_103' title="bbox 1016 1981 1800 2019">
    <p class='ocr_par' dir='ltr' id='par_1_103' title="bbox 1016 1981 1800 2019">
     <span class='ocr_line' id='line_1_103' title="bbox 1016 1981 1800 2019; baseline 0.009 -13"><span class='ocrx_word' id='word_1_697' title='bbox 1016 1988 1065 2015; x_wconf 82' lang='grc' dir='ltr'><strong>μον</strong></span> <span class='ocrx_word' id='word_1_698' title='bbox 1089 1981 1218 2016; x_wconf 79' lang='grc' dir='ltr'>οὐδεμιᾶς</span> <span class='ocrx_word' id='word_1_699' title='bbox 1240 1982 1331 2014; x_wconf 88' lang='grc' dir='ltr'>αίτίας</span> <span class='ocrx_word' id='word_1_700' title='bbox 1358 1983 1432 2009; x_wconf 75' lang='grc' dir='ltr'>ἐστὶν</span> <span class='ocrx_word' id='word_1_701' title='bbox 1463 1983 1570 2019; x_wconf 74' lang='grc' dir='ltr'>ἔνοχος·</span> <span class='ocrx_word' id='word_1_702' title='bbox 1589 1984 1723 2019; x_wconf 76' lang='grc' dir='ltr'>λαμϐάνει</span> <span class='ocrx_word' id='word_1_703' title='bbox 1739 1986 1769 2012; x_wconf 82' lang='grc' dir='ltr'>δὲ</span> <span class='ocrx_word' id='word_1_704' title='bbox 1784 1987 1800 2014; x_wconf 82' lang='grc' dir='ltr'><strong><em>ὁ</em></strong></span> 
     </span>
    </p>
   </div>
   <div class='ocr_carea' id='block_1_104' title="bbox 1013 2026 1800 2067">
    <p class='ocr_par' dir='ltr' id='par_1_104' title="bbox 1013 2026 1800 2067">
     <span class='ocr_line' id='line_1_104' title="bbox 1013 2026 1800 2067; baseline 0.009 -15"><span class='ocrx_word' id='word_1_705' title='bbox 1013 2026 1133 2059; x_wconf 78' lang='grc' dir='ltr'>τοιοῦτος</span> <span class='ocrx_word' id='word_1_706' title='bbox 1141 2027 1227 2062; x_wconf 83' lang='grc' dir='ltr'>γάμος</span> <span class='ocrx_word' id='word_1_707' title='bbox 1241 2029 1270 2055; x_wconf 82' lang='grc' dir='ltr'>τὸ</span> <span class='ocrx_word' id='word_1_708' title='bbox 1285 2029 1378 2064; x_wconf 81' lang='grc' dir='ltr'>κῦρος,</span> <span class='ocrx_word' id='word_1_709' title='bbox 1393 2030 1486 2064; x_wconf 82' lang='grc' dir='ltr'>κριτοῦ</span> <span class='ocrx_word' id='word_1_710' title='bbox 1498 2031 1548 2066; x_wconf 78' lang='grc' dir='ltr'><strong>τὴν</strong></span> <span class='ocrx_word' id='word_1_711' title='bbox 1559 2031 1687 2059; x_wconf 83' lang='grc' dir='ltr'>ὑπόθεσιν</span> <span class='ocrx_word' id='word_1_712' title='bbox 1700 2032 1800 2067; x_wconf 73' lang='grc' dir='ltr'>ἐπιτη-</span> 
     </span>
    </p>
   </div>
   <div class='ocr_carea' id='block_1_105' title="bbox 1015 2072 1801 2112">
    <p class='ocr_par' dir='ltr' id='par_1_105' title="bbox 1015 2072 1801 2112">
     <span class='ocr_line' id='line_1_105' title="bbox 1015 2072 1801 2112; baseline 0.009 -14"><span class='ocrx_word' id='word_1_713' title='bbox 1015 2072 1135 2107; x_wconf 83' lang='grc' dir='ltr'>ροῦντος,</span> <span class='ocrx_word' id='word_1_714' title='bbox 1158 2073 1205 2100; x_wconf 79' lang='grc' dir='ltr'><strong>καὶ</strong></span> <span class='ocrx_word' id='word_1_715' title='bbox 1227 2074 1275 2109; x_wconf 85' lang='grc' dir='ltr'>τῆς</span> <span class='ocrx_word' id='word_1_716' title='bbox 1300 2074 1355 2101; x_wconf 86' lang='grc' dir='ltr'><strong>τῶν</strong></span> <span class='ocrx_word' id='word_1_717' title='bbox 1378 2076 1511 2102; x_wconf 81' lang='grc' dir='ltr'>τεκόντων</span> <span class='ocrx_word' id='word_1_718' title='bbox 1535 2077 1715 2112; x_wconf 84' lang='grc' dir='ltr'>κακουργίας,</span> <span class='ocrx_word' id='word_1_719' title='bbox 1741 2079 1801 2105; x_wconf 85' lang='grc' dir='ltr'>τῶν</span> 
     </span>
    </p>
   </div>
   <div class='ocr_carea' id='block_1_106' title="bbox 1014 2119 1801 2159">
    <p class='ocr_par' dir='ltr' id='par_1_106' title="bbox 1014 2119 1801 2159">
     <span class='ocr_line' id='line_1_106' title="bbox 1014 2119 1801 2159; baseline 0.008 -14"><span class='ocrx_word' id='word_1_720' title='bbox 1014 2119 1117 2146; x_wconf 81' lang='grc' dir='ltr'>παίδων</span> <span class='ocrx_word' id='word_1_721' title='bbox 1130 2119 1179 2154; x_wconf 81' lang='grc' dir='ltr'>τὴν</span> <span class='ocrx_word' id='word_1_722' title='bbox 1192 2119 1306 2154; x_wconf 81' lang='grc' dir='ltr'>φύλαξίν</span> <span class='ocrx_word' id='word_1_723' title='bbox 1320 2129 1350 2147; x_wconf 83' lang='grc' dir='ltr'><strong>τε</strong></span> <span class='ocrx_word' id='word_1_724' title='bbox 1365 2122 1413 2148; x_wconf 77' lang='grc' dir='ltr'>καὶ</span> <span class='ocrx_word' id='word_1_725' title='bbox 1427 2122 1537 2157; x_wconf 70' lang='grc' dir='ltr'>ἔννομον</span> <span class='ocrx_word' id='word_1_726' title='bbox 1553 2123 1661 2158; x_wconf 77' lang='grc' dir='ltr'>θέλησιν</span> <span class='ocrx_word' id='word_1_727' title='bbox 1680 2125 1801 2159; x_wconf 72' lang='grc' dir='ltr'>ἐπίπρο-</span> 
     </span>
    </p>
   </div>
   <div class='ocr_carea' id='block_1_107' title="bbox 1014 2166 1801 2206">
    <p class='ocr_par' dir='ltr' id='par_1_107' title="bbox 1014 2166 1801 2206">
     <span class='ocr_line' id='line_1_107' title="bbox 1014 2166 1801 2206; baseline 0.008 -15"><span class='ocrx_word' id='word_1_728' title='bbox 1014 2166 1077 2192; x_wconf 72' lang='grc' dir='ltr'>σθεν</span> <span class='ocrx_word' id='word_1_729' title='bbox 1090 2167 1262 2201; x_wconf 83' lang='grc' dir='ltr'>ποιουμένου.</span> <span class='ocrx_word' id='word_1_730' title='bbox 1284 2167 1368 2194; x_wconf 55' lang='lat' dir='ltr'><strong>ama.</strong></span> <span class='ocrx_word' id='word_1_731' title='bbox 1389 2168 1452 2203; x_wconf 74' lang='grc' dir='ltr'>περὶ</span> <span class='ocrx_word' id='word_1_732' title='bbox 1476 2169 1525 2203; x_wconf 80' lang='grc' dir='ltr'>μὲν</span> <span class='ocrx_word' id='word_1_733' title='bbox 1542 2169 1588 2196; x_wconf 82' lang='grc' dir='ltr'>τοῦ</span> <span class='ocrx_word' id='word_1_734' title='bbox 1612 2170 1801 2206; x_wconf 74' lang='grc' dir='ltr'>πρεοῦυτέρου</span> 
     </span>
    </p>
   </div>
   <div class='ocr_carea' id='block_1_108' title="bbox 1013 2211 1802 2252">
    <p class='ocr_par' dir='ltr' id='par_1_108' title="bbox 1013 2211 1802 2252">
     <span class='ocr_line' id='line_1_108' title="bbox 1013 2211 1802 2252; baseline 0.009 -15"><span class='ocrx_word' id='word_1_735' title='bbox 1013 2211 1099 2238; x_wconf 78' lang='grc' dir='ltr'>ταῦτα</span> <span class='ocrx_word' id='word_1_736' title='bbox 1113 2212 1145 2238; x_wconf 83' lang='grc' dir='ltr'>τὸ</span> <span class='ocrx_word' id='word_1_737' title='bbox 1158 2212 1262 2239; x_wconf 87' lang='grc' dir='ltr'>δίκαιον</span> <span class='ocrx_word' id='word_1_738' title='bbox 1275 2214 1450 2249; x_wconf 83' lang='grc' dir='ltr'>ὑπαγορεύει.</span> <span class='ocrx_word' id='word_1_739' title='bbox 1465 2215 1527 2241; x_wconf 85' lang='grc' dir='ltr'>Οὐδ’</span> <span class='ocrx_word' id='word_1_740' title='bbox 1537 2216 1551 2242; x_wconf 82' lang='grc' dir='ltr'>ὁ</span> <span class='ocrx_word' id='word_1_741' title='bbox 1569 2215 1694 2252; x_wconf 86' lang='grc' dir='ltr'>δεύτερος</span> <span class='ocrx_word' id='word_1_742' title='bbox 1707 2217 1735 2243; x_wconf 79' lang='grc' dir='ltr'>δὲ</span> <span class='ocrx_word' id='word_1_743' title='bbox 1748 2217 1802 2252; x_wconf 79' lang='grc' dir='ltr'>τὴν</span> 
     </span>
    </p>
   </div>
   <div class='ocr_carea' id='block_1_109' title="bbox 977 2249 1803 2297">
    <p class='ocr_par' dir='ltr' id='par_1_109' title="bbox 977 2249 1803 2297">
     <span class='ocr_line' id='line_1_109' title="bbox 977 2249 1803 2297; baseline 0.007 -14"><span class='ocrx_word' id='word_1_744' title='bbox 977 2249 1002 2279; x_wconf 91' lang='lat' dir='ltr'><strong>D</strong></span> <span class='ocrx_word' id='word_1_745' title='bbox 1015 2257 1110 2292; x_wconf 79' lang='grc' dir='ltr'>σκέψιν</span> <span class='ocrx_word' id='word_1_746' title='bbox 1125 2257 1212 2292; x_wconf 80' lang='grc' dir='ltr'>ἁπλῆν</span> <span class='ocrx_word' id='word_1_747' title='bbox 1228 2258 1394 2292; x_wconf 79' lang='grc' dir='ltr'>ὲπιδέξεται³</span> <span class='ocrx_word' id='word_1_748' title='bbox 1407 2259 1465 2286; x_wconf 76' lang='grc' dir='ltr'>ἀλλ’</span> <span class='ocrx_word' id='word_1_749' title='bbox 1476 2261 1500 2286; x_wconf 90' lang='grc' dir='ltr'><strong>εί</strong></span> <span class='ocrx_word' id='word_1_750' title='bbox 1517 2260 1566 2296; x_wconf 78' lang='grc' dir='ltr'>μὲν</span> <span class='ocrx_word' id='word_1_751' title='bbox 1580 2249 1673 2295; x_wconf 78' lang='grc' dir='ltr'>ἠγνόει</span> <span class='ocrx_word' id='word_1_752' title='bbox 1689 2262 1718 2288; x_wconf 76' lang='grc' dir='ltr'>τδ</span> <span class='ocrx_word' id='word_1_753' title='bbox 1734 2249 1803 2297; x_wconf 77' lang='grc' dir='ltr'>πρό-</span> 
     </span>
    </p>
   </div>
   <div class='ocr_carea' id='block_1_110' title="bbox 1012 2304 1802 2342">
    <p class='ocr_par' dir='ltr' id='par_1_110' title="bbox 1012 2304 1802 2342">
     <span class='ocr_line' id='line_1_110' title="bbox 1012 2304 1802 2342; baseline 0.008 -14"><span class='ocrx_word' id='word_1_754' title='bbox 1012 2311 1089 2338; x_wconf 82' lang='grc' dir='ltr'>τερον</span> <span class='ocrx_word' id='word_1_755' title='bbox 1106 2304 1281 2336; x_wconf 76' lang='grc' dir='ltr'><strong>σονοικέσιον⁷</strong></span> <span class='ocrx_word' id='word_1_756' title='bbox 1307 2305 1437 2340; x_wconf 86' lang='grc' dir='ltr'>οὐδεμίαν</span> <span class='ocrx_word' id='word_1_757' title='bbox 1464 2305 1554 2341; x_wconf 76' lang='grc' dir='ltr'>ἔνοχός</span> <span class='ocrx_word' id='word_1_758' title='bbox 1578 2308 1635 2334; x_wconf 77' lang='grc' dir='ltr'>ἐστι</span> <span class='ocrx_word' id='word_1_759' title='bbox 1651 2307 1728 2342; x_wconf 81' lang='grc' dir='ltr'>δίκην</span> 
     </span>
    </p>
   </div>
   <div class='ocr_carea' id='block_1_111' title="bbox 1012 2349 1802 2389">
    <p class='ocr_par' dir='ltr' id='par_1_111' title="bbox 1012 2349 1802 2389">
     <span class='ocr_line' id='line_1_111' title="bbox 1012 2349 1802 2389; baseline 0.008 -15"><span class='ocrx_word' id='word_1_760' title='bbox 1012 2349 1098 2384; x_wconf 80' lang='grc' dir='ltr'>ἐχειν·</span> <span class='ocrx_word' id='word_1_761' title='bbox 1109 2349 1163 2375; x_wconf 83' lang='grc' dir='ltr'>τῶν</span> <span class='ocrx_word' id='word_1_762' title='bbox 1182 2349 1236 2384; x_wconf 80' lang='grc' dir='ltr'><strong>γὰρ</strong></span> <span class='ocrx_word' id='word_1_763' title='bbox 1250 2350 1383 2377; x_wconf 86' lang='grc' dir='ltr'>τεκόντων</span> <span class='ocrx_word' id='word_1_764' title='bbox 1395 2351 1535 2386; x_wconf 87' lang='grc' dir='ltr'>παρόντων</span> <span class='ocrx_word' id='word_1_765' title='bbox 1549 2353 1605 2384; x_wconf 80' lang='grc' dir='ltr'>τοῖς</span> <span class='ocrx_word' id='word_1_766' title='bbox 1624 2354 1802 2389; x_wconf 80' lang='grc' dir='ltr'>συναπτομέ-</span> 
     </span>
    </p>
   </div>
   <div class='ocr_carea' id='block_1_112' title="bbox 1011 2395 1801 2434">
    <p class='ocr_par' dir='ltr' id='par_1_112' title="bbox 1011 2395 1801 2434">
     <span class='ocr_line' id='line_1_112' title="bbox 1011 2395 1801 2434; baseline 0.005 -12"><span class='ocrx_word' id='word_1_767' title='bbox 1011 2403 1077 2428; x_wconf 78' lang='grc' dir='ltr'>νοις,</span> <span class='ocrx_word' id='word_1_768' title='bbox 1089 2395 1173 2430; x_wconf 80' lang='grc' dir='ltr'>πολλὴ</span> <span class='ocrx_word' id='word_1_769' title='bbox 1194 2396 1264 2431; x_wconf 73' lang='grc' dir='ltr'>ῥοπὴ</span> <span class='ocrx_word' id='word_1_770' title='bbox 1291 2396 1441 2429; x_wconf 81' lang='grc' dir='ltr'>ἀθωώσεως</span> <span class='ocrx_word' id='word_1_771' title='bbox 1454 2397 1617 2433; x_wconf 78' lang='grc' dir='ltr'>βραϐεύεται</span> <span class='ocrx_word' id='word_1_772' title='bbox 1637 2399 1734 2434; x_wconf 83' lang='grc' dir='ltr'>τούτῳ,</span> <span class='ocrx_word' id='word_1_773' title='bbox 1747 2400 1801 2427; x_wconf 80' lang='grc' dir='ltr'>τοῦ</span> 
     </span>
    </p>
   </div>
   <div class='ocr_carea' id='block_1_113' title="bbox 1013 2441 1802 2480">
    <p class='ocr_par' dir='ltr' id='par_1_113' title="bbox 1013 2441 1802 2480">
     <span class='ocr_line' id='line_1_113' title="bbox 1013 2441 1802 2480; baseline 0.008 -13"><span class='ocrx_word' id='word_1_774' title='bbox 1013 2441 1050 2476; x_wconf 81' lang='grc' dir='ltr'>μὴ</span> <span class='ocrx_word' id='word_1_775' title='bbox 1066 2441 1135 2476; x_wconf 77' lang='grc' dir='ltr'>πρὸς</span> <span class='ocrx_word' id='word_1_776' title='bbox 1149 2441 1260 2477; x_wconf 78' lang='grc' dir='ltr'>ἔρευναν</span> <span class='ocrx_word' id='word_1_777' title='bbox 1271 2443 1326 2468; x_wconf 84' lang='grc' dir='ltr'>τῶν</span> <span class='ocrx_word' id='word_1_778' title='bbox 1341 2445 1546 2478; x_wconf 84' lang='grc' dir='ltr'>προγεγονότων</span> <span class='ocrx_word' id='word_1_779' title='bbox 1560 2446 1739 2480; x_wconf 79' lang='grc' dir='ltr'>καταστῆναι,</span> <span class='ocrx_word' id='word_1_780' title='bbox 1749 2447 1802 2473; x_wconf 83' lang='lat' dir='ltr'><strong>xui.</strong></span> 
     </span>
    </p>
   </div>
   <div class='ocr_carea' id='block_1_114' title="bbox 1012 2486 1799 2526">
    <p class='ocr_par' dir='ltr' id='par_1_114' title="bbox 1012 2486 1799 2526">
     <span class='ocr_line' id='line_1_114' title="bbox 1012 2486 1799 2526; baseline 0.008 -13"><span class='ocrx_word' id='word_1_781' title='bbox 1012 2486 1162 2521; x_wconf 87' lang='grc' dir='ltr'>λογοθετεῖν</span> <span class='ocrx_word' id='word_1_782' title='bbox 1188 2487 1206 2514; x_wconf 82' lang='grc' dir='ltr'>ἂ</span> <span class='ocrx_word' id='word_1_783' title='bbox 1229 2489 1244 2523; x_wconf 83' lang='grc' dir='ltr'>ἠ</span> <span class='ocrx_word' id='word_1_784' title='bbox 1262 2489 1398 2523; x_wconf 78' lang='grc' dir='ltr'>παρουσία</span> <span class='ocrx_word' id='word_1_785' title='bbox 1419 2490 1474 2516; x_wconf 87' lang='grc' dir='ltr'>τῶν</span> <span class='ocrx_word' id='word_1_786' title='bbox 1484 2490 1619 2518; x_wconf 84' lang='grc' dir='ltr'>τεκόντων</span> <span class='ocrx_word' id='word_1_787' title='bbox 1639 2491 1799 2526; x_wconf 83' lang='grc' dir='ltr'>λογοθετείν</span> 
     </span>
    </p>
   </div>
   <div class='ocr_carea' id='block_1_115' title="bbox 1011 2533 1800 2574">
    <p class='ocr_par' dir='ltr' id='par_1_115' title="bbox 1011 2533 1800 2574">
     <span class='ocr_line' id='line_1_115' title="bbox 1011 2533 1800 2574; baseline 0.01 -16"><span class='ocrx_word' id='word_1_788' title='bbox 1011 2533 1061 2559; x_wconf 84' lang='grc' dir='ltr'>οὐκ</span> <span class='ocrx_word' id='word_1_789' title='bbox 1089 2533 1183 2560; x_wconf 76' lang='grc' dir='ltr'>ἐδίδου.</span> <span class='ocrx_word' id='word_1_790' title='bbox 1210 2534 1284 2561; x_wconf 79' lang='grc' dir='ltr'>Εῐδὲ</span> <span class='ocrx_word' id='word_1_791' title='bbox 1297 2535 1354 2570; x_wconf 80' lang='grc' dir='ltr'>ᾔδει</span> <span class='ocrx_word' id='word_1_792' title='bbox 1376 2535 1425 2570; x_wconf 79' lang='grc' dir='ltr'>μὲν</span> <span class='ocrx_word' id='word_1_793' title='bbox 1454 2538 1696 2574; x_wconf 84' lang='grc' dir='ltr'>προγεγενημένην</span> <span class='ocrx_word' id='word_1_794' title='bbox 1729 2547 1800 2566; x_wconf 86' lang='grc' dir='ltr'>συν-</span> 
     </span>
    </p>
   </div>
   <div class='ocr_carea' id='block_1_116' title="bbox 1011 2579 1802 2622">
    <p class='ocr_par' dir='ltr' id='par_1_116' title="bbox 1011 2579 1802 2622">
     <span class='ocr_line' id='line_1_116' title="bbox 1011 2579 1802 2622; baseline 0.01 -17"><span class='ocrx_word' id='word_1_795' title='bbox 1011 2579 1120 2614; x_wconf 71' lang='grc' dir='ltr'>αφείαν,</span> <span class='ocrx_word' id='word_1_796' title='bbox 1131 2581 1177 2606; x_wconf 79' lang='lat' dir='ltr'><strong>xui</strong></span> <span class='ocrx_word' id='word_1_797' title='bbox 1186 2581 1371 2616; x_wconf 80' lang='grc' dir='ltr'>ὃτισαρκικῶς</span> <span class='ocrx_word' id='word_1_798' title='bbox 1381 2583 1521 2618; x_wconf 83' lang='grc' dir='ltr'>ὡμίλησαν</span> <span class='ocrx_word' id='word_1_799' title='bbox 1528 2584 1664 2620; x_wconf 76' lang='grc' dir='ltr'>ἀλλήλοις,</span> <span class='ocrx_word' id='word_1_800' title='bbox 1675 2586 1736 2612; x_wconf 78' lang='grc' dir='ltr'>ἐπεὶ</span> <span class='ocrx_word' id='word_1_801' title='bbox 1746 2586 1802 2622; x_wconf 84' lang='grc' dir='ltr'>οὐχ</span> 
     </span>
    </p>
   </div>
   <div class='ocr_carea' id='block_1_117' title="bbox 1012 2623 1801 2666">
    <p class='ocr_par' dir='ltr' id='par_1_117' title="bbox 1012 2623 1801 2666">
     <span class='ocr_line' id='line_1_117' title="bbox 1012 2623 1801 2666; baseline 0.01 -15"><span class='ocrx_word' id='word_1_802' title='bbox 1012 2623 1067 2651; x_wconf 84' lang='grc' dir='ltr'>οἷον</span> <span class='ocrx_word' id='word_1_803' title='bbox 1081 2626 1111 2652; x_wconf 81' lang='grc' dir='ltr'><strong>τέ</strong></span> <span class='ocrx_word' id='word_1_804' title='bbox 1127 2627 1184 2652; x_wconf 79' lang='grc' dir='ltr'>ἐστι</span> <span class='ocrx_word' id='word_1_805' title='bbox 1201 2627 1363 2659; x_wconf 86' lang='grc' dir='ltr'>διαστάντας</span> <span class='ocrx_word' id='word_1_806' title='bbox 1377 2628 1426 2663; x_wconf 81' lang='grc' dir='ltr'>τῆς</span> <span class='ocrx_word' id='word_1_807' title='bbox 1445 2630 1580 2666; x_wconf 76' lang='grc' dir='ltr'>προτέρας</span> <span class='ocrx_word' id='word_1_808' title='bbox 1595 2632 1736 2665; x_wconf 75' lang='grc' dir='ltr'>συζυγίας,</span> <span class='ocrx_word' id='word_1_809' title='bbox 1768 2633 1801 2665; x_wconf 76' lang='grc' dir='ltr'><strong>ἐξ</strong></span> 
     </span>
    </p>
   </div>
   <div class='ocr_carea' id='block_1_118' title="bbox 1011 2671 1801 2713">
    <p class='ocr_par' dir='ltr' id='par_1_118' title="bbox 1011 2671 1801 2713">
     <span class='ocr_line' id='line_1_118' title="bbox 1011 2671 1801 2713; baseline 0.01 -17"><span class='ocrx_word' id='word_1_810' title='bbox 1011 2671 1133 2706; x_wconf 85' lang='grc' dir='ltr'>ἀνάγκης</span> <span class='ocrx_word' id='word_1_811' title='bbox 1149 2671 1220 2703; x_wconf 80' lang='grc' dir='ltr'>τινὸς</span> <span class='ocrx_word' id='word_1_812' title='bbox 1235 2672 1359 2708; x_wconf 78' lang='grc' dir='ltr'>ἀγάμους</span> <span class='ocrx_word' id='word_1_813' title='bbox 1384 2674 1521 2709; x_wconf 80' lang='grc' dir='ltr'>κατέχειν,</span> <span class='ocrx_word' id='word_1_814' title='bbox 1549 2676 1605 2702; x_wconf 81' lang='grc' dir='ltr'>ἀλλ’</span> <span class='ocrx_word' id='word_1_815' title='bbox 1619 2678 1636 2711; x_wconf 86' lang='grc' dir='ltr'>ἢ</span> <span class='ocrx_word' id='word_1_816' title='bbox 1654 2678 1801 2713; x_wconf 82' lang='grc' dir='ltr'>πορνείαις</span> 
     </span>
    </p>
   </div>
   <div class='ocr_carea' id='block_1_119' title="bbox 1010 2716 1800 2755">
    <p class='ocr_par' dir='ltr' id='par_1_119' title="bbox 1010 2716 1800 2755">
     <span class='ocr_line' id='line_1_119' title="bbox 1010 2716 1800 2755; baseline 0.009 -14"><span class='ocrx_word' id='word_1_817' title='bbox 1010 2716 1272 2751; x_wconf 79' lang='grc' dir='ltr'>ὲκδιαιτηθήσονται,</span> <span class='ocrx_word' id='word_1_818' title='bbox 1288 2717 1305 2753; x_wconf 82' lang='grc' dir='ltr'><strong>ἢ</strong></span> <span class='ocrx_word' id='word_1_819' title='bbox 1318 2718 1425 2754; x_wconf 84' lang='grc' dir='ltr'>νομίμῳ</span> <span class='ocrx_word' id='word_1_820' title='bbox 1438 2720 1520 2755; x_wconf 82' lang='grc' dir='ltr'>γάμῳ</span> <span class='ocrx_word' id='word_1_821' title='bbox 1539 2720 1697 2755; x_wconf 82' lang='grc' dir='ltr'>δοθήσονται</span> <span class='ocrx_word' id='word_1_822' title='bbox 1710 2729 1716 2737; x_wconf 92' lang='grc'>·</span> <span class='ocrx_word' id='word_1_823' title='bbox 1749 2730 1800 2748; x_wconf 78' lang='grc' dir='ltr'>τε-</span> 
     </span>
    </p>
   </div>
   <div class='ocr_carea' id='block_1_120' title="bbox 1009 2762 1805 2802">
    <p class='ocr_par' dir='ltr' id='par_1_120' title="bbox 1009 2762 1805 2802">
     <span class='ocr_line' id='line_1_120' title="bbox 1009 2762 1805 2802; baseline 0.008 -14"><span class='ocrx_word' id='word_1_824' title='bbox 1009 2762 1089 2793; x_wconf 80' lang='grc' dir='ltr'>λείως</span> <span class='ocrx_word' id='word_1_825' title='bbox 1107 2763 1156 2797; x_wconf 82' lang='grc' dir='ltr'>μὲν</span> <span class='ocrx_word' id='word_1_826' title='bbox 1173 2763 1186 2789; x_wconf 81' lang='grc' dir='ltr'><strong>ό</strong></span> <span class='ocrx_word' id='word_1_827' title='bbox 1202 2764 1321 2798; x_wconf 84' lang='grc' dir='ltr'>ἁγιάσας</span> <span class='ocrx_word' id='word_1_828' title='bbox 1337 2765 1382 2792; x_wconf 83' lang='grc' dir='ltr'>τὸν</span> <span class='ocrx_word' id='word_1_829' title='bbox 1398 2765 1487 2800; x_wconf 82' lang='grc' dir='ltr'>γάμον</span> <span class='ocrx_word' id='word_1_830' title='bbox 1501 2767 1531 2792; x_wconf 89' lang='grc' dir='ltr'>οὺ</span> <span class='ocrx_word' id='word_1_831' title='bbox 1551 2767 1721 2794; x_wconf 83' lang='grc' dir='ltr'>πεπαύσεται</span> <span class='ocrx_word' id='word_1_832' title='bbox 1747 2768 1805 2802; x_wconf 82' lang='grc' dir='ltr'>τῆς</span> 
     </span>
    </p>
   </div>
   <div class='ocr_carea' id='block_1_121' title="bbox 1011 2811 1805 2852">
    <p class='ocr_par' dir='ltr' id='par_1_121' title="bbox 1011 2811 1805 2852">
     <span class='ocr_line' id='line_1_121' title="bbox 1011 2811 1805 2852; baseline 0.009 -16"><span class='ocrx_word' id='word_1_833' title='bbox 1011 2811 1162 2846; x_wconf 84' lang='grc' dir='ltr'>ἱεραρχίας,</span> <span class='ocrx_word' id='word_1_834' title='bbox 1180 2813 1329 2847; x_wconf 84' lang='grc' dir='ltr'>ἐπιτιμίοις</span> <span class='ocrx_word' id='word_1_835' title='bbox 1345 2813 1374 2840; x_wconf 85' lang='grc' dir='ltr'><strong>δέ</strong></span> <span class='ocrx_word' id='word_1_836' title='bbox 1390 2822 1444 2840; x_wconf 88' lang='grc' dir='ltr'>τισι</span> <span class='ocrx_word' id='word_1_837' title='bbox 1464 2815 1656 2851; x_wconf 85' lang='grc' dir='ltr'>μετριωτέροις</span> <span class='ocrx_word' id='word_1_838' title='bbox 1677 2815 1805 2852; x_wconf 75' lang='grc' dir='ltr'>ὑποϐλη-</span> 
     </span>
    </p>
   </div>
  </div>
