1940 3087
129 116 177 148 793

696 118 967 149 EPISTOLARUM
985 117 1100 148 LIBER
1120 118 1145 148 Ι.

1681 117 1736 149 794

128 172 236 208 θήσεται
247 180 254 188 ⁸
267 172 307 199 ὅτι
317 173 346 200 δὲ
357 174 405 208 τῆς
417 174 655 209 προγεγενημένης
666 175 814 209 συναφείας
826 183 903 210 περι-

967 173 1145 201 ornicationis
1164 172 1266 199 crimen
1292 172 1408 200 evadere
1427 179 1481 199 non
1501 177 1625 208 possunt.
1648 180 1732 201 ausus

128 218 295 253 φανεστάτης
307 219 470 254 γενομένης,
485 219 515 246 τὸ
529 219 558 246 δὲ
572 222 620 255 τῆς
635 220 763 256 πορνείας
777 220 902 255 ἔγκλημα

131 264 165 299 μὴ
177 264 385 300 διαφευγούσης,
398 266 546 300 ἐτόλμησεν
557 264 643 298 οὗτος,
651 267 713 298 τοὺς
723 267 770 292 ἐπὶ
777 266 903 302 προδήλῳ

128 310 175 346 τῆς
193 311 329 346 ἁμαρτίας
345 311 497 347 ἐγκλήματι
511 312 634 344 ἁλόντας,
650 313 687 344 ὡς
705 313 842 348 καθαροὺς
857 313 904 339 καὶ

129 356 297 392 ἀμέμπτους,
308 357 356 392 τῆς
371 358 510 393 ἱερατικῆς
522 358 636 391 ἀξιῶσαι
648 359 780 393 εὐλογίας,
792 359 837 386 καὶ
849 360 905 391 τοῖς

130 402 182 427 τῶν
196 402 336 437 παρθένων
353 404 503 437 στεφάνοις,
518 404 582 436 τοὺς
606 404 708 439 ταύτην
732 405 825 435 κακῶς
842 405 905 431 ἀπο-

132 446 258 482 θεμένους
275 449 420 483 κοσμῆσαι.
450 448 481 475 Εἰ
500 449 591 483 μέντοι
614 449 722 485 εὐδοκίᾳ
738 449 791 476 τῶν
805 450 906 484 γονέων

131 493 257 528 ὁπρῶτος
271 493 358 528 γάμος
369 494 486 528 ἐγένετο,
499 493 557 521 εἶτα
571 495 593 521 δ’
603 495 719 529 ἔστησαν
733 496 905 530 παραλόγως,

130 537 144 564 ὀ
159 538 207 572 μὲν
222 539 328 572 πρῶτος
342 540 526 575 πρεσϐύτερος
540 541 678 572 παντελῶς
692 541 723 567 τὸ
746 529 908 576 ὴθῶωμένον

131 582 202 615 ἕξει·
219 584 233 610 ὸ
249 584 383 620 δεύτερος,
411 585 466 611 εἴτε
497 586 624 621 παρῆσαν
638 587 662 612 οἱ
673 587 771 620 γονεῖς,
790 586 844 613 εἴτε
858 587 906 622 μὴ,

132 629 333 665 ζημιωθήσεται
360 631 409 666 τὴν
437 631 597 667 ἱερωσύνην.
630 632 783 667 Ἔκθεσμον
794 633 847 667 γὰρ
862 632 909 659 καὶ

132 674 287 709 παράνομον
303 675 459 710 συνάφειαν,
473 675 536 703 οὕτε
553 677 692 707 σύννευσις
711 677 757 703 καὶ
774 677 910 712 παρουσία

132 719 266 755 πατέρων,
299 720 362 747 οὒτε
391 722 531 753 ἀνάνευσις
557 723 604 748 καὶ
623 722 751 752 ἀπουσία.
778 722 910 757 οὐμενοῦν

131 761 254 789 ἀθώωσιν
268 763 317 798 τῆς
326 763 502 799 βεδηλώσεως
514 765 563 792 οὐκ
575 765 608 792 ἂν
621 767 787 802 μεταστήσῃ.

429 812 541 838 ΕΠΙΣΤ.
555 813 617 839 ΚΔ’.
634 807 636 809 ’

135 854 175 888 Τῷ
200 857 427 891 θεοφιλεστάτῳ,
455 857 619 892 όσιωτάτφ,
644 858 785 893 ἱερωτὰτῳ
815 859 913 893 ἀρχιε-
927 843 948 872 Β

162 902 214 936 psi
225 901 344 937 ἀδελφῷ
359 904 408 930 καὶ
425 903 658 939 συλλειτουργῷ,
680 904 720 937 τῷ
744 907 912 939 θαυμασιω-

163 947 241 981 τάτῳ
261 949 311 975 καὶ
334 950 507 984 περιωνύμῳ
528 949 752 984 ἀρχιεπισκόπῳ
780 952 830 978 καὶ
854 961 912 986 μη-

166 995 326 1030 τροπολίτῃ
371 996 547 1029 Ἀκυλείας,
589 995 698 1029 Φώτιος
733 997 807 1029 ἐλέῳ
833 998 912 1026 Θεοῦ

162 1039 396 1074 ἀρχιεπίσκοπος
407 1042 750 1075 Κωνσταντινουπόλεως
758 1043 829 1076 νέας
846 1043 913 1070 Ῥώ-

160 1095 221 1120 μης
236 1086 283 1113 καὶ
299 1088 502 1121 οὶκουμενικός
517 1087 566 1123 (Ι).

953 219 987 246 sit
1011 226 1058 246 eos
1079 219 1125 253 qui
1150 219 1272 254 ﬂagranti
1294 219 1398 254 peccati
1421 219 1535 246 crimine
1560 220 1736 253 tenebantur,

960 267 1087 298 tanquam
1102 271 1186 298 puros
1209 267 1235 290 et
1250 263 1412 299 inculpatos.
1438 264 1598 292 sacerdotali
1621 266 1735 293 benedi-

954 309 1028 336 tione
1044 309 1158 344 dignari.
1173 314 1201 336 et
1214 309 1377 343 virginitatis
1401 310 1520 342 coronis,
1534 317 1581 337 eos
1594 310 1641 344 qui
1652 311 1739 346 ipsam

955 353 1025 380 male
1036 353 1218 387 deposuerant
1238 361 1345 381 ornare.
1361 354 1439 386 Quod
1454 354 1476 382 si
1492 354 1566 389 prius
1584 355 1739 390 conjugium

956 406 988 425 ex
1013 406 1126 425 assensu
1149 402 1289 432 parentum
1317 399 1490 433 processerit.
1520 407 1534 426 a
1559 407 1613 434 quo
1629 400 1739 433 deinde,

956 449 1055 479 praeter
1071 444 1215 476 rationem,
1233 444 1420 476 discesserint,
1449 445 1524 480 prior
1543 445 1652 480 quidem
1676 453 1741 480 pre-

958 489 1050 525 sbyter
1066 489 1154 517 omnis
1167 490 1253 524 culpa:
1272 490 1442 517 absolvetur:
1458 491 1604 523 secundus,
1623 491 1681 519 sive
1698 492 1742 518 in—

960 535 1104 562 terfuerint
1120 541 1256 570 parentes,
1284 536 1341 563 sive
1359 544 1426 568 non,
1450 537 1602 564 sacerdotio
1626 537 1742 564 excidet.

957 580 1024 608 Nam
1041 581 1160 608 alienum
1174 590 1189 608 a
1213 582 1320 616 legibus
1336 582 1422 610 sacris
1449 583 1615 618 coniugium.
1633 591 1684 610 nec
1697 583 1745 610 ab-

959 626 1046 652 sentia
1062 630 1087 653 et
1104 626 1245 653 dissensus
1264 632 1408 662 parentum
1424 627 1500 659 facit,
1526 635 1578 654 nec
1596 628 1743 662 praesentia

959 675 988 697 et
1014 678 1155 704 assensus,
1174 676 1220 699 aut
1251 673 1324 707 quod
1350 673 1523 708 profanatum
1545 678 1587 700 est
1606 673 1745 700 sanctitati

960 716 1090 744 restituit.

1237 817 1345 845 EPIST.
1370 817 1468 846 XXIV.

963 865 1016 891 Deo
1040 865 1192 893 charissima
1204 886 1212 897 ,
1229 867 1413 900 sanctissimo,
1439 868 1619 895 sacratissimo
1640 867 1747 902 pra'suli

996 912 1073 945 fratri
1088 916 1111 938 et
1123 913 1308 944 comministro,
1321 914 1391 940 omni
1406 913 1582 940 admiratione
1595 914 1746 949 dignissimo

997 958 1122 992 famaque
1144 959 1289 986 clarissimo
1314 959 1506 994 archiepiscopo
1529 965 1553 986 et
1577 959 1748 993 metropolilaz

996 1004 1132 1038 Aquileia}.
1156 1005 1264 1032 Phutias
1287 1005 1335 1031 Dei
1354 1006 1521 1032 miseratione
1540 1006 1748 1040 archiepiscopus

998 1051 1235 1085 Constantinopolis
1250 1059 1321 1077 name
1340 1051 1427 1078 Romae
1441 1057 1463 1078 et
1477 1052 1659 1080 wramenirus.

374 1133 445 1159 Edita
455 1141 469 1159 δ
480 1135 624 1161 Combeﬂsio
643 1136 722 1167 (Auct.
737 1135 846 1166 Noviss.,
859 1144 882 1168 p.
899 1138 954 1170 3‘27,
965 1142 992 1164 et
1005 1140 1088 1170 Jager,
1106 1138 1212 1164 Histoire
1225 1139 1255 1164 de
1267 1138 1378 1166 Pltotius.
1391 1146 1415 1170 p.
1428 1139 1493 1170 452).

163 1177 202 1205 A'.
212 1177 248 1204 Τὸ
261 1179 309 1213 μὲν
322 1179 372 1214 τῆς
382 1179 447 1214 παρ’
462 1179 538 1214 ὑμῶν
549 1180 748 1215 μακαριότητος
762 1182 911 1216 ἀφιγμένον

130 1223 246 1258 γράμμα
262 1223 343 1258 ἡμῖν,
362 1224 456 1259 πρῶτα
474 1225 522 1259 μὲν
535 1225 734 1260 ἐχαρακτήριζε
750 1225 798 1261 τὴν
812 1226 912 1261 ταύτης

131 1269 202 1296 κατὰ
216 1269 281 1296 Θεὸν
299 1269 428 1304 γνώμην,
445 1271 492 1296 καὶ
505 1270 535 1296 τὸ
550 1270 660 1305 φίλτρον
674 1270 721 1297 τοῦ
737 1271 892 1306 πνεύματος
903 1292 911 1304 ,

130 1315 169 1346 ὡς
180 1315 252 1349 μέγα
262 1324 291 1341 τε
303 1316 344 1349 εἴη
356 1316 402 1342 καὶ
414 1315 524 1351 ὑψηλὸν,
535 1315 582 1341 καὶ
595 1316 849 1351 ὑπερανῳκισμένον
862 1317 912 1351 τῆς

130 1362 184 1388 ⁸ιςῶν
203 1361 309 1388 πολλῶν
332 1363 538 1394 καταστάσεως·
565 1362 658 1389 ἔπειτα
681 1362 709 1389 δὲ
731 1363 779 1389 καὶ
796 1363 824 1395 ὃς
847 1363 912 1390 αὐτὸ

131 1408 327 1442 ὲνεκεχείριστο
343 1408 438 1434 τούτου
455 1408 503 1434 τοῦ
522 1409 594 1444 ἱεροῦ
612 1409 707 1444 ἀνδρὸς
722 1409 772 1444 τήν
786 1417 815 1435 τε
830 1409 912 1444 ἄλλην

132 1452 231 1487 ἀρετὴν
244 1454 291 1480 καὶ
312 1454 418 1480 σύνεσιν
430 1474 437 1484 ,
452 1454 500 1480 καὶ
513 1454 544 1480 τὸ
561 1454 632 1480 κατὰ
652 1454 771 1480 διάνοιαν
786 1454 914 1486 εὐσταθὲς

131 1507 163 1525 τι
177 1499 223 1525 καὶ
233 1499 407 1534 δραστήριον·
422 1499 455 1525 δι’
467 1496 505 1526 ὦν
517 1499 555 1531 ὡς
566 1499 600 1526 δι’
611 1499 744 1535 ἐσόπτρου
759 1499 807 1534 τὴν
821 1500 915 1534 ὑμετέ-

135 1553 184 1578 ραν
198 1545 274 1580 ἱερὰν
287 1545 333 1571 καὶ
350 1544 508 1579 θεοτίμητον
523 1544 661 1578 ὁσιότητα,
678 1545 728 1570 ὅσα
741 1544 772 1570 τὸ
784 1544 912 1579 γροίμμα¹

997 1184 1017 1210 Ι.
1038 1183 1103 1216 Qua:
1118 1184 1150 1210 ad
1168 1191 1218 1210 nos
1231 1188 1365 1210 venerunt
1378 1183 1554 1211 beatitudinis
1566 1187 1662 1210 vestra:
1675 1183 1749 1211 litte-

960 1235 1007 1259 rze,
1025 1228 1142 1262 primum
1156 1227 1264 1261 quidem
1290 1228 1349 1262 ejus
1372 1228 1495 1264 religiosa
1513 1229 1611 1263 pietate
1627 1232 1748 1255 mentem

960 1278 1034 1300 certa
1056 1274 1129 1300 velut
1156 1277 1219 1300 nota
1246 1273 1437 1309 obsignabant,
1458 1274 1623 1309 spiritusque
1648 1274 1749 1301 amoris

962 1316 1030 1348 vim,
1057 1323 1138 1349 quam
1157 1322 1252 1350 magna
1268 1315 1303 1342 sit
1316 1320 1343 1342 ct
1358 1315 1473 1347 excelsa,
1485 1320 1512 1342 ct
1528 1316 1675 1350 vulgarium
1697 1315 1749 1342 bo-

962 1361 1066 1388 minum
1091 1361 1274 1388 conditionem
1302 1366 1422 1396 superet,
1443 1361 1618 1388 exhibebant.
1646 1361 1749 1388 Deinde

963 1415 1028 1438 vero
1042 1407 1136 1439 etiam,
1151 1407 1193 1434 cui
1213 1407 1265 1434 illae
1286 1407 1398 1434 creditae
1413 1412 1499 1438 crant.
1513 1407 1582 1434 sacri
1599 1407 1678 1442 hujus
1698 1407 1751 1434 viri

963 1461 1024 1480 cum
1045 1453 1162 1488 reliquas
1179 1453 1293 1480 virtutes
1311 1461 1342 1480 ac
1363 1453 1534 1487 prudentiam
1548 1473 1555 1485 .
1572 1457 1628 1479 tum
1650 1452 1751 1481 mentis

964 1499 1143 1526 constantiam
1171 1506 1203 1526 ac
1219 1498 1368 1531 solertiam,
1383 1507 1431 1533 per
1447 1507 1516 1533 qua),
1531 1503 1561 1526 ut
1575 1507 1624 1533 per
1650 1506 1752 1533 specus

963 1545 1031 1577 lum,
1058 1551 1162 1571 sacram
1177 1549 1294 1571 vesuam
1319 1544 1426 1578 Deoque
1448 1544 1630 1571 venerabilem
1654 1544 1753 1572 sancti-

133 1588 177 1616 οἷα
190 1590 220 1626 δὴ
237 1592 353 1627 γράμμα
363 1611 369 1622 ,
385 1591 551 1626 παρέτρεχε,
573 1590 694 1626 καθορᾷν
716 1591 847 1626 παρεῖχεν
862 1591 911 1625 έμ-

967 1595 1057 1623 tatem,
1084 1599 1251 1626 qurecunque
1280 1591 1346 1626 ipsa:
1379 1591 1475 1618 litterae
1504 1590 1614 1626 (quippe
1642 1589 1750 1626 littera)

134 1637 296 1672 φανέστερόν
312 1646 341 1664 τε
356 1638 402 1664 καὶ
419 1637 581 1671 τελεώτερον
591 1645 599 1652 ·
616 1637 663 1663 καὶ
679 1636 726 1663 ἐπὶ
743 1637 798 1667 τοῖς
813 1635 914 1671 ταύτης

135 1683 343 1718 κατορθώμασιν
362 1684 472 1718 ἥδεσθαι
489 1684 535 1710 καὶ
548 1683 777 1718 κατατέρπεσθαι.
793 1684 848 1709 Καὶ
859 1683 914 1716 γὰρ

135 1727 240 1763 εἴδομεν
251 1728 336 1764 ἄνδρα
351 1729 454 1755 συνέσει
472 1728 520 1764 μὲν
536 1728 635 1763 μᾶλλον
648 1728 665 1762 ἦ
679 1729 712 1762 τῇ
724 1728 804 1762 πολιᾷ
815 1736 914 1761 σεμνυ-

965 1637 1046 1663 missa
1071 1637 1224 1669 faciebant;
1251 1637 1350 1664 clarius
1372 1636 1574 1672 perfectiusque
1597 1636 1751 1672 pervidere,

964 1683 1104 1718 ipsiusque
1120 1683 1250 1710 virtutum
1266 1683 1452 1718 magnitudine
1468 1683 1606 1715 delectari.
1622 1683 1753 1710 nimium-

963 1736 1016 1762 que
1037 1728 1163 1764 gaudere,
1189 1729 1346 1763 praestabat.
1369 1727 1493 1755 Vidimus
1517 1729 1589 1755 enim
1613 1728 1752 1756 hominem

881 1797 996 1825 NOTE.

173 1843 209 1877 (l)
230 1843 320 1870 Edidit
347 1843 476 1870 Baronius
487 1863 494 1873 .
509 1852 580 1871 anno
600 1843 652 1871 885
663 1863 670 1875 ,
683 1851 716 1871 ex
738 1842 913 1871 Vallieellana

134 1878 304 1910 Bibliotheca.
320 1877 541 1914 FedericoMctio
556 1879 702 1914 interprete
718 1887 724 1905 :
740 1878 768 1914 in
781 1879 913 1914 quarred-

136 1915 225 1942 denda
245 1918 339 1941 auctor
358 1917 400 1942 est
422 1913 579 1949 diligentem
601 1921 711 1949 operam
735 1913 913 1941 adhibuisse:

136 1950 248 1984 ipseque
264 1957 370 1977 veneno
392 1957 509 1984 aspersa).
527 1949 659 1984 epistola),
678 1949 791 1976 solerter
802 1956 832 1976 ac
852 1956 916 1977 eru-

136 1983 192 2012 dite
206 1983 212 1984 ⁷
225 1985 377 2012 antidotum
406 1983 527 2019 paravit;
547 1983 699 2012 ostendens
720 1992 801 2019 quam
829 1983 915 2011 futilia

136 2020 238 2052 Pbotii,
256 2020 353 2054 quibus
369 2020 413 2047 hic
425 2020 581 2054 iuveniliter
597 2019 728 2050 exsultat,
746 2024 915 2054 argumenta.

136 2055 210 2082 Nihil
225 2062 289 2090 ergo
303 2062 414 2082 necesse
431 2059 564 2089 repetere.
580 2054 638 2081 viro
652 2055 732 2090 docto
742 2054 846 2090 iulelius
870 2061 917 2090 oc-

137 2095 245 2124 cupata.
259 2088 370 2121 ‘Graeca,
392 2088 468 2116 cum'
483 2089 672 2117 desiderentur
694 2089 721 2115 in
741 2088 915 2121 Montacutio,

137 2125 251 2158 aliisque
268 2125 355 2151 Pbotii
373 2124 494 2158 epistolis
509 2125 604 2157 editis,
626 2124 692 2151 libet
708 2124 752 2150 hic
766 2131 918 2158 repraesen-

961 1845 1096 1879 aspirante
1113 1852 1145 1873 ac
1158 1844 1393 1880 Christianissimo
1406 1852 1470 1880 rege
1492 1852 1606 1879 semper
1619 1843 1752 1877 'Victore.

962 1880 1034 1915 regia
1059 1880 1166 1914 Lupara
1188 1880 1314 1915 Historige
1330 1879 1483 1914 Byzantina:
1510 1887 1579 1915 pene
1593 1881 1751 1915 necessario

963 1913 1172 1950 supplemento.
1199 1922 1262 1942 cum
1290 1913 1382 1950 Leone
1414 1913 1529 1941 diacono
1560 1918 1587 1941 et
1616 1913 1751 1943 Michaele

964 1950 1053 1978 Psello
1068 1950 1172 1984 regium
1186 1956 1250 1976 vere
1265 1949 1407 1984 multiplici
1422 1949 1500 1976 titulo
1522 1953 1730 1976 monumentum
1741 1970 1750 1982 ,

963 1985 1033 2020 juris
1049 1985 1151 2020 publici
1168 1985 1242 2019 regia
1265 1984 1451 2011 munificentia
1467 1984 1566 2015 faciat;
1583 1991 1618 2011 ne
1635 1984 1685 2020 sibi
1705 1993 1753 2018 per

967 2019 1058 2048 moras
1073 2021 1198 2051 Batavus.
1214 2023 1261 2046 aut
1272 2027 1339 2054 gens
1351 2019 1413 2050 alia.
1426 2026 1485 2045 eam
1501 2019 1613 2054 gloriam
1627 2019 1726 2053 rapiat.

1002 2055 1117 2085 Titulus.
1132 2059 1163 2081 ut
1179 2053 1359 2088 repraesentat
1380 2053 1523 2086 Baronius.
1543 2055 1609 2088 quin
1623 2055 1658 2081 sit
1678 2054 1751 2081 anti-

968 2090 1056 2125 quarii
1073 2098 1155 2117 manu
1168 2090 1301 2124 genioque
1315 2089 1459 2125 ascriptus,
1472 2089 1529 2116 sive
1542 2090 1624 2125 etiam
1640 2097 1656 2115 a
1670 2088 1751 2116 Metio

968 2126 1004 2153 ita
1030 2125 1213 2160 compositus,
1244 2132 1299 2151 non
1325 2132 1340 2150 a
1374 2124 1473 2160 l‘botio
1493 2124 1678 2160 perscriptus,
1705 2131 1751 2150 res

138 2157 213 2191 tare.
225 2157 471 2196 nteouipsiusrlstylo
483 2159 604 2196 reddita;
622 2160 771 2196 paucisque
793 2157 917 2196 quanqu
933 2168 956 2196 ι)
970 2161 1042 2187 clara
1053 2157 1115 2187 est:
1126 2167 1189 2196 cum
1210 2159 1277 2186 nihil
1292 2159 1445 2196 epistolaris
1463 2157 1555 2196 forma}
1574 2157 1682 2190 habeat,
1697 2166 1751 2192 qua

137 2202 192 2229 que
215 2193 331 2229 satiixis.
349 2193 446 2228 quibus
464 2201 518 2220 nou
544 2194 609 2221 satis
627 2194 691 2220 mihi
710 2193 822 2229 probata
843 2193 917 2229 Μειῇ

140 2228 211 2264 (viri
235 2228 300 2255 alias
317 2228 408 2263 docti)
430 2228 530 2255 vcrsio.
549 2228 606 2255 Non
623 2229 688 2264 satis
703 2228 812 2264 videtur
826 2228 919 2264 haberi

139 2263 173 2290 ex
191 2264 240 2291 hac
255 2264 366 2298 epistola
383 2264 582 2297 Aquileiensem
600 2263 833 2297 archiepiscopum
849 2263 919 2296 (etsi

142 2298 360 2328 Schismaticum,
379 2305 465 2332 eoque
479 2299 589 2325 nomine
605 2298 700 2324 Pbolio
713 2298 824 2332 perinde
840 2298 920 2325 Schi-

141 2334 255 2361 smatico
274 2332 396 2365 charum,
413 2333 550 2367 tantisque
566 2340 597 2360 ac
618 2332 729 2359 fumosis
744 2333 868 2360 laudibus
885 2334 920 2361 ab

141 2377 175 2396 eo
189 2369 365 2403 celebratum)
383 2369 410 2395 in
427 2369 478 2395 hoc
492 2368 576 2402 ipsius
590 2375 681 2403 errore
699 2368 792 2399 fuisse,
808 2367 842 2394 de
857 2375 920 2402 pro-

141 2404 266 2430 cessione
290 2403 408 2437 Spiritus
431 2404 517 2430 sancti
533 2411 547 2430 a
570 2403 628 2429 solo
645 2402 725 2429 Patre
739 2412 745 2429 :
761 2402 830 2429 nihil
845 2407 918 2431 certe

141 2438 255 2466 Photius
268 2438 399 2472 ejusmodi
419 2438 533 2471 indicat,
551 2438 598 2465 sed
611 2437 638 2464 in
656 2445 717 2464 eum
734 2437 842 2464 trahere
859 2442 919 2465 stu-

139 2473 187 2501 det
203 2473 259 2508 ipsa
283 2474 332 2500 hac
358 2474 481 2508 epistola,
499 2481 533 2500 ne
547 2477 622 2500 tanta
639 2472 724 2499 virtus
740 2480 773 2499 ex
790 2473 849 2506 ejus
861 2473 919 2507 epi-

141 2509 209 2536 stola
225 2516 256 2535 ac
268 2508 349 2543 legati
362 2516 476 2543 persona
487 2509 513 2535 in
527 2516 560 2535 eo
573 2508 753 2543 deprehensa,
765 2515 858 2535 errore
871 2509 919 2534 de-

143 2548 215 2571 tecto
232 2542 320 2570 Pbotii
334 2542 463 2571 doctrinae
475 2544 548 2575 luce.
568 2543 696 2576 deinceps
714 2542 740 2568 in
753 2550 786 2569 eo
799 2546 917 2575 nutaret,

141 2587 205 2606 cum
223 2579 353 2605 hactenus
373 2586 404 2605 ex
430 2583 560 2613 occupata
575 2578 701 2613 opinione
715 2585 746 2605 ac
767 2578 919 2611 ignorantia

141 2614 281 2640 videretur
295 2613 380 2640 venia:
402 2613 500 2648 aliquid
525 2613 662 2640 habuisse.
678 2612 741 2648 ch
754 2613 818 2639 mibi
830 2613 918 2641 Pbotii

143 2657 238 2680 mens,
256 2655 342 2682 eoque
364 2646 475 2675 trahunt
497 2649 568 2675 illius
585 2648 676 2674 verba.
700 2646 803 2675 Tantus
817 2648 919 2676 scilicet

143 2684 261 2710 hominis
289 2683 373 2723 fastus
400 2691 432 2710 ac
445 2683 599 2723 ‘jactantia';
624 2683 699 2723 velut
715 2690 786 2723 unius
800 2683 858 2717 ipse
877 2683 919 2709 sol

143 2724 225 2750 esset,
247 2726 279 2746 ac
301 2718 410 2746 lucerna
436 2717 610 2753 dispellendis
629 2717 769 2753 quibusvis
795 2725 918 2745 errorum

144 2754 262 2782 tenebris
276 2761 400 2781 accensa.
412 2752 601 2788 Ejus’technas
611 2752 747 2786 malasque
759 2756 842 2785 artes,
856 2761 919 2781 cum

143 2787 188 2814 atii
204 2789 337 2822 prosecuti
352 2792 425 2818 sunt.
441 2788 527 2816 Graeci
543 2787 660 2823 aequales
680 2792 726 2823 aut
741 2795 835 2822 parum
852 2795 918 2822 sup—

143 2830 232 2858 pares,
248 2828 305 2852 tum
321 2831 396 2852 meus
408 2823 567 2859 Logothcta.
587 2824 609 2851 si
622 2822 730 2858 quando
750 2830 815 2858 pace
830 2823 919 2851 lenius

970 2201 1064 2222 auctor
1079 2195 1197 2222 amicum
1220 2193 1368 2221 convenire
1383 2194 1452 2221 solet
1465 2198 1493 2220 et
1512 2193 1630 2220 salutare
1647 2202 1654 2220 :
1671 2200 1751 2220 secus

968 2238 1049 2264 quem
1064 2230 1204 2257 meliorem
1219 2229 1403 2263 producimus.
1421 2228 1452 2264 in
1463 2235 1517 2264 quo
1533 2235 1666 2264 summam
1681 2228 1752 2264 adu-

968 2262 1109 2296 lationem,
1124 2273 1156 2292 ex
1172 2262 1231 2298 ipso
1257 2264 1349 2290 limine
1359 2285 1365 2295 ,
1379 2263 1467 2297 prodit
1481 2263 1604 2293 Pbotius,
1617 2262 1752 2298 ostendit-

969 2307 1031 2335 que,
1048 2305 1078 2327 ut
1094 2304 1122 2327 et
1138 2297 1260 2335 sequenti
1271 2298 1537 2335 exordio.rquam_ea
1553 2302 1611 2335 arte
1628 2297 1751 2335 polleret,

969 2331 999 2361 ut
1014 2335 1082 2362 nihil
1095 2331 1193 2361 mirum
1206 2334 1241 2360 sit
1250 2341 1280 2360 ea
1294 2331 1447 2367 Obrepsisse
1463 2333 1579 2367 primum
1590 2331 1682 2358 Bardaa
1693 2332 1753 2359 (Iae-

969 2371 1032 2400 sari.
1049 2376 1076 2397 et
1090 2377 1137 2403 per
1151 2377 1223 2400 eum.
1243 2369 1372 2403 Ignatiutn
1398 2368 1461 2395 sede
1476 2367 1751 2403 dcpulisse,_tumque

968 2405 1066 2432 Basilio
1081 2401 1230 2433 Macedoni.
1247 2401 1276 2430 ut
1301 2403 1362 2430 licet
1386 2401 1525 2434 amotum,
1550 2402 1613 2428 duro
1630 2401 1752 2436 lgnatius

969 2440 1082 2472 viveret,
1098 2440 1125 2466 in
1147 2438 1245 2474 palatio
1267 2443 1358 2474 tamen
1381 2437 1511 2474 deinceps
1528 2437 1630 2469 aleret,
1653 2436 1753 2464 libero-

969 2482 1083 2510 rumque
1108 2481 1227 2510 suorum
1242 2473 1395 2510 educationi
1423 2473 1576 2510 praeficeret
1588 2479 1620 2498 ac
1634 2478 1666 2510 eo
1685 2479 1753 2499 con-

968 2507 1114 2541 summato.
1137 2509 1164 2535 in
1182 2508 1287 2538 sedem.
1311 2508 1389 2542 cujus
1402 2507 1506 2534 nefarie
1525 2507 1634 2534 invasor
1648 2507 1752 2538 fuerat,

968 2545 1136 2576 sublimaret,
1153 2546 1282 2577 omnique
1304 2550 1417 2577 prorsus
1436 2543 1575 2577 indignum
1600 2542 1753 2569 sacerdotio

969 2579 1124 2611 hominem,
1139 2586 1275 2606 summum
1304 2578 1385 2612 regiae
1403 2577 1478 2604 urbis
1495 2577 1638 2612 praesulem
1654 2582 1682 2604 et
1697 2584 1756 2612 pa-

969 2616 1114 2642 triarcbam
1139 2615 1227 2644 vellet.
1255 2610 1358 2647 suaque
1369 2610 1532 2640 auctoritate
1545 2612 1677 2638 Joannem
1696 2610 1755 2647 lto—

969 2657 1080 2676 manum
1098 2648 1265 2684 pontiﬁcem,
1281 2656 1335 2675 non
1350 2649 1416 2675 satis
1430 2656 1462 2675 ex
1476 2648 1648 2675 decessorum
1661 2646 1755 2684 ponti-

968 2685 1049 2712 ﬁcum
1059 2684 1180 2711 moribus
1191 2683 1269 2710 (irino
1281 2688 1401 2718 pectore.
1411 2683 1439 2710 in
1447 2689 1611 2718 consensum
1621 2683 1754 2718 traheret,

969 2724 996 2748 et
1009 2725 1038 2747 ut
1062 2720 1118 2754 ipse
1138 2719 1239 2753 pariter
1254 2715 1316 2745 eum
1333 2718 1514 2753 patriarcbam
1530 2715 1754 2754 probaret,__dum

969 2751 1080 2782 tandem
1098 2751 1152 2781 Leo
1167 2754 1199 2786 V,
1213 2751 1347 2780 exstincto
1367 2758 1455 2788 patre.
1472 2751 1570 2780 iterum
1587 2752 1614 2778 in
1630 2751 1754 2778 ordinem

968 2794 1088 2826 cogeret,
1102 2789 1182 2824 ciquc
1197 2789 1308 2817 fratrem
1323 2796 1403 2817 suum
1419 2788 1589 2823 subrogaret.
