1940 3087
201 121 255 154 795

783 122 897 153 ΡΙῙΟΤΙ
900 123 913 153 Ι
933 123 1182 155 ΡΛΤΒΙᾹΠΟΗίΕ
1200 125 1253 156 CP.

1763 127 1811 159 796

201 175 348 213 prudentia
362 175 446 212 magis
460 182 541 210 quam
557 174 656 202 canitie
681 177 866 203 venerandum
881 186 888 204 :
901 177 986 204 virtti-

1051 178 1276 214 6μενον·ζάρεταῖς
1288 179 1316 206 δὲ
1331 179 1379 206 οὐκ
1393 180 1513 212 ἔλαττον,
1527 181 1544 216 ἢ
1560 181 1621 208 συνέ
1627 189 1666 208 πει
1679 181 1810 209 ποικιλλό-

204 228 262 251 tum
277 231 383 258 quoque
396 222 497 257 reliqua
513 222 643 250 varietate
654 231 707 250 non
722 223 813 251 minus
823 232 902 258 quam
921 232 985 259 pru-

204 270 297 298 dentia
321 273 457 300 ornatmn,
484 275 516 295 ac
527 268 573 303 qui
589 268 640 303 pali
663 269 763 295 mentis
777 269 927 296 constantia
954 277 986 296 ac

205 315 351 350 sagacitate
375 314 519 346 fulciatur;
544 319 625 349 atque
650 317 690 349 (ut
704 314 788 342 verbo
813 315 912 348 dicam)
939 314 986 342 tali

206 362 291 397 gratia
320 360 472 396 praeditum,
490 368 542 395 qua
563 368 611 395 par
627 365 684 388 erat
699 368 760 387 eum
776 360 887 396 fulgere,
898 360 944 396 qui
971 369 986 388 a

206 407 261 434 Deo
275 407 389 441 accepit.
417 412 447 434 ut
462 407 661 434 tremendorum
676 410 830 434 nostrorum
847 408 986 443 mysterio-

205 461 265 481 rum
281 453 406 480 sacerdos
421 457 595 484 statueretur.
610 458 754 488 vestraque
766 458 793 480 et
809 453 931 481 doctrina
947 454 987 481 di—

206 507 274 534 gnus
289 504 317 526 ct
327 507 455 526 manuum
486 499 657 534 impositione
673 499 836 533 haberetur;
852 499 931 527 talem
948 499 988 527 fa-

205 549 257 572 cta:
275 550 369 573 vestra:
377 545 537 578 sanclitatis,
547 552 627 579 quam
637 545 812 577 faciebamus,
823 545 987 580 experientia

207 589 333 617 nuntium
345 590 518 617 ostendebat.
532 589 653 625 Hincque
674 590 742 617 adeo
757 589 906 625 intelligere
921 590 988 618 liee-

207 635 254 662 bat
279 641 407 670 certoque
419 635 566 670 conjicere,
590 643 663 668 eum,
687 635 732 670 qui
746 643 802 670 pra:
817 635 864 663 illo
887 635 988 671 primas

208 680 322 713 ferebat,
344 681 456 715 ejusque
481 681 620 708 ordinator
634 681 733 713 fuerat,
756 685 784 708 et
800 685 830 708 ut
854 681 989 716 legatione

208 726 242 753 ad
266 734 315 754 nos
329 726 496 761 fungeretur.
512 727 549 754 illi
563 732 658 754 auctor
672 727 821 760 exstiterat,
837 727 988 755 divinarum

209 772 319 806 plenum
345 772 488 807 gratiarum
504 780 582 804 esse;
606 781 637 801 ac
651 773 697 808 qui
713 774 796 801 totius
814 774 876 802 vita:
900 774 990 809 splen-

210 818 286 850 dore,
304 818 511 853 dogmatumque
524 819 628 846 ardenti
645 820 702 846 zelo
713 824 792 854 atque
804 827 895 847 amore
912 820 989 855 longe

209 864 381 898 conspicuus.
399 872 506 893 necnon
531 865 623 893 salutis
633 865 770 900 exemplar
782 866 809 893 in
827 866 915 900 ipsum
925 874 991 894 con-

212 911 349 938 tuentibus
360 911 439 938 foret.

248 957 280 983 ll.
302 957 359 984 Nisi
385 957 458 984 enim
483 957 581 984 vestris
602 956 726 992 religiosa
742 957 842 991 pietate
862 956 994 984 doctrinis

211 1010 244 1029 ac
259 1003 429 1031 documentis
453 1003 525 1038 large
544 1003 663 1031 imbutus
674 1023 682 1035 ,
699 1002 771 1038 quia
794 1002 871 1030 vobis
884 1002 994 1038 pontifi-

212 1049 279 1076 calis
307 1050 427 1076 muneris
441 1050 553 1085 gratiam
577 1049 668 1081 trahit,
687 1049 726 1076 sic
747 1048 919 1080 cluxuriaret,
944 1055 995 1075 nec

213 1095 336 1122 mirando
360 1095 487 1129 quodam,
504 1099 630 1129 tantoque
654 1095 772 1122 veluth
796 1094 870 1121 fonte
891 1098 994 1120 vestra-

213 1148 273 1167 rum
296 1140 425 1167 virtutum
452 1141 554 1176 irriguo
573 1141 675 1176 potitus
692 1145 774 1170 esset.
802 1147 939 1174 nunquam
961 1138 995 1165 ad

216 1190 320 1213 tantam
339 1187 467 1214 virtutum
486 1187 645 1219 claritatem,
665 1194 713 1222 pro
723 1194 755 1214 eo
769 1194 800 1214 ac
818 1193 924 1213 summo
947 1185 995 1212 Dei

213 1232 368 1260 sacerdotes
394 1233 482 1264 decet,
501 1233 640 1260 evasisset.
656 1233 715 1259 Non
733 1240 839 1267 semper
848 1232 930 1264 enim,
953 1231 997 1258 vel

213 1279 311 1314 exiguo
322 1279 419 1313 jubare
437 1287 468 1305 ac
481 1279 635 1313 splendore,
648 1278 851 1305 similitudinem
875 1281 995 1310 servant,

214 1331 275 1358 qum
301 1323 419 1350 secunda
435 1328 508 1356 sunt,
521 1331 582 1350 cum
605 1322 709 1353 formis,
727 1331 786 1357 qua:
800 1323 853 1349 illis
881 1322 996 1356 prmive-

214 1373 288 1395 runt.
309 1369 428 1401 Quorqu
443 1369 564 1396 omnium
581 1377 660 1396 causa
674 1369 805 1396 habenda:
828 1368 882 1395 Deo
895 1368 995 1403 gratim,

214 1415 261 1450 qui
289 1415 316 1441 in
332 1423 427 1442 omnes
445 1416 602 1442 muneribus
626 1415 728 1442 elfusus
758 1415 997 1449 universorumque

215 1462 341 1488 conditor
357 1462 501 1492 cxsistcns,
527 1461 598 1488 sicut
619 1462 645 1488 in
667 1461 782 1488 Orientis
808 1461 938 1496 partibus,
959 1459 997 1487 sic

215 1506 298 1532 ctiam
322 1506 349 1533 in
377 1505 550 1537 Occidentis,
575 1506 717 1533 luminaria
739 1506 876 1540 ducesque
902 1512 997 1532 conse-

215 1559 305 1583 crans,
337 1557 366 1578 ut
390 1552 510 1588 quotidie
534 1552 650 1582 luceant.
674 1552 812 1586 plebisque
833 1551 938 1578 animos
965 1545 1030 1578 acC

216 1601 322 1624 mentes
350 1597 494 1629 illustrem,
519 1597 546 1624 in
575 1597 646 1624 celso
674 1597 866 1632 cpiscopalium
892 1597 996 1624 scdium

218 1643 336 1672 culmine
346 1643 468 1678 pneticit.

255 1689 297 1716 lli.
320 1689 372 1717 Sed
383 1697 444 1716 cum
460 1697 510 1716 nos
522 1689 555 1717 de
572 1697 647 1716 sacra
662 1694 751 1716 vestra
770 1690 869 1717 virtute
883 1698 913 1716 ca
923 1698 999 1718 mens

219 1737 377 1767 incesseret.
390 1737 503 1771 ejusque
516 1735 651 1770 prmelaris
665 1735 774 1764 dotibus
789 1744 820 1763 ac
833 1737 1000 1764 ornamentis

218 1782 377 1818 gestiremus
399 1787 426 1810 et
441 1783 603 1813 lzetarcmur,
619 1781 690 1817 quod
716 1790 788 1810 nunc
803 1782 829 1809 in
848 1790 927 1810 aures
952 1790 1001 1810 no-

219 1834 289 1856 stras
312 1828 405 1856 incidit
420 1828 510 1864 (atque
536 1829 638 1855 utinam
653 1836 810 1862 nunquam:
838 1829 911 1856 dirus
929 1829 1002 1855 cnim

220 1874 313 1906 animi,
331 1882 386 1901 non
402 1874 522 1909 corporis
542 1874 618 1901 dolor
636 1878 696 1901 est:
715 1881 761 1908 per
781 1874 851 1902 hanc
869 1876 941 1902 enim
969 1883 1002 1902 ex

220 1925 327 1954 aspectu
340 1928 436 1955 magna
447 1920 526 1948 nobis
538 1924 669 1954 concepta
681 1927 738 1953 spe,
753 1924 782 1946 ut
796 1925 824 1947 et
838 1920 925 1955 ipsum
939 1928 1005 1948 moe-

219 1973 308 1994 rorem
331 1967 494 2002 aperiamus,
516 1974 606 2001 opera:
629 1965 746 2000 pretium
768 1966 917 2002 duximus),
931 1966 1002 1993 haud

1041 233 1131 260 μενον·
1152 226 1200 252 καὶ
1222 226 1262 261 τῷ
1282 220 1407 252 εὐσταοεῐ
1430 227 1478 262 τῆς
1501 227 1612 262 γνώμης
1635 227 1666 253 τὸ
1688 227 1812 262 ἀγχίνουν

1041 270 1323 306 συμπροϐαλλόμενον.
1349 272 1403 298 Καὶ
1421 272 1514 304 ἁπλῶς
1534 273 1638 304 εἰπεῖν,
1653 273 1712 310 οἵας
1733 274 1813 309 ἐχρῆν

1040 317 1226 351 μετειληχέναι
1242 317 1352 352 χάριτος
1362 337 1369 349 ,
1386 317 1431 344 τὸν
1446 318 1570 353 ἱερᾶσθαι
1591 318 1666 353 παρὰ
1681 318 1748 345 Θεοῦ
1763 319 1814 346 τῶν

1039 362 1161 396 φρικτῶν
1175 362 1253 397 ἡμῶν
1268 363 1424 398 μυστηρίων
1440 364 1489 398 τὴν
1504 364 1615 399 τελετὴν
1631 364 1757 400 λαχόντα,
1769 366 1814 392 καὶ

1039 408 1088 442 τῆς
1105 409 1181 442 ὑμῶν
1205 409 1253 434 καὶ
1273 408 1444 440 διδασκαλίας
1469 409 1516 435 καὶ
1539 409 1708 444 χειροθεσίας
1731 410 1813 444 ἄξιον,

1039 452 1157 479 τοιοῦτον
1178 453 1194 488 ἡ
1222 454 1304 488 πεῖρα
1322 453 1372 487 τῆς
1392 455 1467 489 ἱερᾶς
1490 455 1566 489 ὑμῶν
1586 455 1723 489 ὁσιότητος
1736 458 1815 491 ’παρ-

1040 499 1146 526 εδείκνυ
1160 499 1205 526 τὸν
1221 499 1378 527 ἀπόστολον.
1391 499 1544 527 Κάντεῦθεν
1556 499 1590 536 ἦν
1603 502 1718 537 συνορᾷν
1729 511 1758 528 τε
1771 503 1815 529 καὶ

1039 544 1188 580 λαμϐάνειν
1204 545 1253 581 τὴν
1269 545 1416 578 ἀπόδειξιν,
1441 546 1478 578 ὡς
1497 545 1512 571 ὁ
1533 546 1628 573 τούτου
1643 547 1677 574 τὰ
1698 549 1816 583 πρωτεῖα

1040 591 1189 627 φερόμενος
1207 591 1254 617 καὶ
1269 591 1454 628 τελεσιουργὸς
1473 592 1521 628 (9),
1537 593 1583 619 καὶ
1598 594 1648 628 τῆς
1664 594 1732 629 πρὸς
1745 595 1816 630 ἡμᾶς

1041 637 1193 672 ἀποστολῆς
1206 637 1292 668 αἴτιος
1302 656 1310 668 ,
1323 637 1428 673 πλήρης
1442 638 1490 673 μὲν
1503 637 1558 665 τῶν
1572 638 1653 666 θείων
1667 639 1726 666 ἐστὶ
1742 641 1818 676 χαρι-

1040 693 1094 711 των
1105 693 1112 698 ·
1130 685 1188 716 ὅλος
1205 684 1233 710 δὲ
1246 685 1278 720 τῇ
1298 684 1345 711 τοῦ
1361 684 1419 720 βίου
1439 685 1627 720 λαμπρότητι,
1644 686 1691 713 καὶ
1710 685 1748 721 τῷ
1765 686 1818 713 τῶν

1041 730 1183 765 δογμάτων
1194 729 1316 765 διαπύρῳ
1330 730 1403 766 ζήλῳ
1413 731 1460 757 καὶ
1467 730 1505 766 τῷ
1517 730 1609 766 ἔρωτι¹
1621 731 1819 767 διασημότατός

1041 784 1071 802 τε
1082 776 1115 802 ἂν
1128 775 1182 810 εἴη,
1199 776 1246 803 καὶ
1264 776 1440 815 παράδειγμα
1454 777 1590 812 σωτηρίας
1611 778 1669 809 τοῖς
1685 778 1725 809 εις
1739 777 1820 805 αὐτὸν

1042 821 1217 853 ἀτενίζουσιν.

1077 956 1114 983 B'.
1130 956 1163 983 Εἰ
1186 955 1223 991 μὴ
1242 955 1294 991 γὰρ
1311 955 1349 990 (5)
1367 956 1428 987 ταῖς
1442 955 1514 982 κατὰ
1527 954 1592 982 ϐεὺν
1607 955 1685 990 ὑμῶν
1697 955 1824 983 διδασκαι

1043 1001 1114 1034 λὶαις
1128 1002 1175 1028 καὶ
1195 1002 1354 1037 εἰσηγήσεσι
1369 1001 1635 1037 ἐπιδαψιλευόμενος,
1655 1002 1670 1028 ὁ
1685 1001 1733 1036 τὴν
1754 1002 1821 1037 ἁρχ-

1043 1047 1182 1083 ιερατιχὴν
1204 1048 1284 1083 χάριν
1312 1047 1341 1080 ἐξ
1363 1048 1439 1082 ὑμῶν
1459 1047 1546 1074 ἕλκων
1571 1047 1657 1079 οὕτως
1677 1047 1820 1083 ἔνετρύφα·

1045 1094 1092 1120 καὶ
1111 1094 1136 1120 εἰ
1158 1093 1195 1129 μὴ
1211 1093 1370 1128 θαυμαστῆς
1387 1101 1458 1124 τινος
1483 1093 1530 1119 καὶ
1552 1093 1685 1128 τοσαύτης
1702 1093 1822 1128 ἀπήλαυε

1043 1140 1094 1174 τῆς
1110 1140 1142 1166 ἐκ
1160 1140 1213 1166 τῶν
1238 1140 1342 1174 ἀρετῶν
1357 1139 1434 1174 ὑμῶν
1446 1140 1567 1175 πηγαίας
1582 1140 1690 1175 ἀρδείας
1702 1160 1708 1171 ,
1724 1140 1774 1166 οὐκ
1791 1140 1823 1166 ἂν

1045 1186 1083 1217 εις
1094 1185 1227 1220 τοσαύτην
1237 1185 1355 1222 προῆλθε
1371 1185 1441 1212 κατὰ
1454 1186 1483 1211 τὸ
1509 1186 1645 1220 προσῆκον
1668 1184 1823 1221 ἀρχιερεῦσι

1046 1231 1124 1263 Θεοῦ,
1147 1232 1250 1266 ἀρετῶν
1275 1231 1443 1265 ἐπιφάνειαν.
1470 1231 1590 1263 Σώζουσι
1615 1231 1669 1266 γὰρ
1693 1232 1743 1257 οὐκ
1771 1231 1822 1263 ἀεὶ,

1045 1277 1105 1304 οὐδὲ
1124 1279 1156 1304 ὲκ
1180 1278 1309 1312 βραχείας
1328 1277 1400 1309 τινὸς
1419 1278 1507 1312 αὐγῆς
1526 1278 1573 1304 καὶ
1595 1278 1824 1312 ὲλλάμψεως,τὴν

1045 1323 1189 1357 ὁμοιότητα
1203 1323 1256 1349 τῶν
1272 1322 1460 1357 πρωτοτύπων
1479 1323 1513 1349 τὰ
1532 1322 1656 1358 δεύτερα.
1678 1324 1733 1350 Καὶ
1747 1323 1825 1357 χάρις

1046 1368 1093 1394 ἐπὶ
1107 1369 1174 1394 πᾶσι
1189 1367 1293 1400 τούτοις
1314 1367 1353 1402 τῷ
1375 1368 1505 1404 εὐεργέτῃ
1528 1368 1574 1394 καὶ
1593 1368 1749 1404 δημιουργῷ
1771 1367 1826 1394 τῶν

1046 1414 1114 1440 ὅλων
1128 1413 1196 1448 Θεῷ·
1208 1414 1247 1446 ὂς,
1257 1414 1350 1449 ὥσπερ
1363 1414 1392 1440 ἐν
1403 1415 1458 1445 τοῖς
1471 1414 1611 1449 τῆςἘῴας
1625 1415 1744 1449 μέρεσιν,
1755 1413 1827 1440 οὕτω
1842 1429 1848 1435 ~

1047 1460 1079 1495 δὴ
1094 1461 1141 1487 καὶ
1153 1461 1183 1487 ἐν
1199 1463 1256 1492 τοῖς
1272 1462 1422 1498 Ἐσπερίοις
1442 1461 1588 1497 φωστῆρας
1602 1461 1649 1487 καὶ
1663 1461 1775 1494 ὀδηγοὺς
1784 1469 1829 1486 τε·

1047 1506 1211 1541 λεσιουργῶν
1224 1507 1272 1542 (4),
1293 1508 1426 1542 ὁσημέραι
1442 1507 1560 1542 λάμπειν
1575 1506 1622 1533 καὶ
1646 1505 1829 1540 καταυγάζὲιν

1047 1551 1151 1577 πολλῶν
1162 1551 1250 1587 ψυχὰς
1261 1553 1308 1578 καὶ
1322 1553 1451 1585 διανοίας,
1465 1552 1494 1578 ὲν
1505 1552 1544 1588 τῷ
1557 1551 1612 1578 τῶν
1628 1552 1829 1587 ἀρχιερατικῶν

1047 1597 1108 1629 ὕψει
1120 1597 1222 1633 Θρόνων
1237 1597 1428 1634 προϐάλλεται.

1085 1691 1121 1719 Γ’.
1146 1691 1216 1717 Ἀλλ’
1235 1690 1306 1717 οὕτω
1320 1691 1382 1727 περὶ
1397 1691 1447 1726 τῆς
1461 1691 1537 1725 ἱερᾶς
1549 1690 1624 1725 ὑμῶν
1640 1690 1740 1725 ἀρετῆς
1753 1689 1831 1725 ἕχον-

1049 1747 1105 1769 τες,
1120 1738 1236 1769 καὶτοῖς
1247 1737 1348 1773 ταύτης
1360 1737 1582 1773 ἐνσεμνυνόμενοί
1597 1746 1626 1763 τε
1641 1738 1688 1764 καὶ
1705 1737 1833 1772 ἡδόμενοι

1052 1782 1256 1820 κατορθώμασι,
1267 1783 1298 1810 τὸ
1315 1783 1363 1810 νῦν
1375 1783 1452 1818 ἡμῶν
1464 1785 1523 1815 ταῖς
1537 1783 1630 1813 ἀκοαῖς
1637 1782 1780 1813 ἑπιπεσὸν,
1793 1782 1833 1814 ὡς

1051 1829 1107 1855 εῖοε
1131 1829 1168 1864 μὴ
1192 1828 1295 1863 ὢφελε·
1317 1828 1404 1863 ψυχῆς
1418 1829 1472 1864 γάρ
1493 1829 1570 1858 ἐστι,
1585 1828 1633 1855 καὶ
1654 1828 1684 1854 οὐ
1707 1827 1834 1862 σώματος

1051 1875 1172 1910 ἄλγημα.
1195 1873 1244 1901 Διὰ
1262 1873 1362 1909 ταύτης
1386 1874 1439 1900 ἀπὺ
1453 1874 1518 1905 θέας
1540 1873 1660 1908 μεγάλην
1673 1873 1768 1900 ἐλπίδα
1784 1873 1834 1899 λα-

1051 1921 1154 1952 6όντες,
1169 1921 1215 1947 καὶ
1227 1919 1293 1946 αὐτὸ
1306 1919 1336 1946 τὺ
1349 1919 1434 1951 πάθος
1445 1919 1615 1953 ἀνακαλύψω
1623 1919 1677 1945 δεῖν
1691 1919 1835 1954 ᾠήθημεν.

1052 1967 1109 1993 Οὐκ
1124 1964 1182 1992 οῖδα
1196 1966 1254 1997 πῶς
1266 1966 1299 1992 ἂν
1313 1964 1423 1997 ἀλύπως
1437 1966 1515 1992 εἴπω·
1529 1965 1554 1991 εἰ
1566 1964 1603 2000 μὴ
1616 1964 1706 1996 καλῶς
1722 1964 1761 2001 (Ξ)
1774 1966 1838 1997 ταῖς

964 2052 1080 2080 NOT/E.

255 2142 293 2173 (Ξ)
312 2142 365 2169 Καὶ
385 2142 603 2176 τελεσιουργός.
628 2140 678 2173 Qui
698 2140 814 2168 initiavit
829 2146 910 2175 atque
927 2148 996 2176 prae-

220 2180 306 2205 sulem
321 2177 465 2208 ordinavit.
483 2185 530 2204 seu
554 2177 580 2203 in
594 2176 750 2210 episcopum
765 2176 826 2210 jure
841 2176 998 2210 metropoli-
1015 2179 1036 2207 Ι)

221 2214 275 2240 tico
289 2212 468 2242 consecravit.
484 2219 633 2246 manusque
645 2211 783 2245 imposuit,
795 2216 826 2238 ut
841 2212 922 2245 paulo
935 2215 998 2237 ante

220 2247 415 2287 dicebat._T1'1c
439 2246 514 2287 ὑμιῖιν
528 2246 802 2287 χειροθεσίαςηᾷξιον,
828 2247 940 2287 Dignum
956 2246 998 2272 cui

221 2291 314 2309 manus
343 2282 531 2315 imposuerilis,
561 2289 637 2308 sacra
668 2281 772 2308 scilicet
814 2281 997 2308 ordinatione.

221 2318 317 2345 Metius
331 2317 373 2344 vel
388 2325 442 2343 non
459 2316 562 2349 habuit,
576 2316 619 2344 vel
639 2324 694 2343 non
710 2316 837 2349 reddidit,
851 2317 898 2344 sed
916 2316 1000 2343 solius

221 2352 359 2380 missionis
374 2353 505 2378 meminit.

259 2387 297 2421 (3)
316 2388 349 2414 El
359 2386 401 2420 μὴ
418 2386 483 2421 γάρ.
499 2386 566 2414 Male
581 2386 653 2413 hune
667 2386 756 2414 locum
772 2385 867 2414 Metius
884 2386 998 2421 accepit,

220 2428 250 2450 et
263 2427 357 2450 contra
371 2421 458 2449 Photii
478 2430 587 2449 sensum
602 2431 609 2448 :
625 2429 657 2448 ac
669 2421 714 2449 ubi
732 2422 776 2448 ille
789 2421 866 2456 legati
879 2421 1000 2455 episcopi

223 2458 315 2485 laudes
332 2457 511 2491 prosequitur.
528 2457 671 2484 indicando
698 2457 757 2491 ejus
771 2456 880 2483 virtutis
900 2456 1000 2483 fontem

222 2501 254 2520 ac
271 2492 419 2526 exemplar.
440 2492 511 2525 quod
536 2499 641 2519 summa
656 2491 737 2518 laude
758 2491 906 2518 reddiderit
932 2491 1001 2524 (etsi

223 2535 276 2554 non
290 2535 351 2553 raro
364 2534 443 2554 secus
457 2526 616 2562 contingat),
627 2527 658 2559 is,
672 2530 753 2562 extra
764 2533 844 2552 omne
858 2525 1001 2562 judicium,

222 2563 300 2596 quasi
328 2569 382 2588 non
403 2561 530 2596 adeptum
543 2569 603 2589 eam
618 2561 800 2595 praestantiam
810 2580 817 2593 ,
836 2568 896 2595 qua:
911 2561 1001 2595 ponti-

224 2598 288 2625 fices
300 2596 404 2624 deccat.
421 2597 466 2630 qui
490 2597 589 2624 missus
604 2596 724 2631 pontifex
740 2599 822 2625 esset.
850 2600 878 2623 et
893 2596 1002 2631 quidem

224 2636 358 2668 provectae
370 2633 467 2664 aetatis,
484 2630 610 2668 deprimit
628 2638 661 2658 ac
680 2631 763 2668 plane
773 2630 909 2665 vituperat
925 2641 932 2657 :
948 2630 1002 2668 Nec

223 2665 360 2702 propterea
377 2668 411 2693 ad
429 2675 489 2694 eam
511 2665 612 2693 deveni:
628 2665 819 2702 prwstantiarm,
830 2673 901 2702 _quce
915 2666 1003 2702 potiti:

223 2700 284 2738 'ﬁce's
302 2702 348 2728 Dei
363 2702 444 2738 decet.
460 2702 543 2734 Nugae
558 2701 707 2738 Roteptiale
722 2701 748 2727 iu
763 2700 1001 2738 absolutunnﬁisi

225 2735 326 2772 copiose
340 2736 461 2768 imbutus,
477 2742 541 2767 ctc..
553 2736 604 2762 οὐκ
617 2736 650 2772 ἂν
662 2735 983 2772 εὶςῗτοςαύτηνῌπροῆλθε
993 2755 1001 2767 ,

226 2770 296 2799 κατὰ
313 2771 343 2798 τὸ
360 2772 499 2806 προσῆκον
520 2770 679 2806 ἀρχιερεῦσι
699 2770 765 2796 Θεοῦ
782 2770 887 2806 ἀρετῶν
903 2770 1003 2802 ἐπιφά-

225 2815 308 2834 νειαν.
338 2805 482 2840 Nunquam
509 2806 544 2833 ad
571 2810 674 2832 tantam
703 2806 829 2832 virtutum
857 2805 1004 2831 claritatem

227 2842 346 2869 evasisset
357 2862 364 2874 ,
388 2850 435 2876 pro
458 2851 486 2869 co
501 2850 532 2868 ac
547 2849 659 2868 summos
679 2840 727 2868 Dei
749 2841 894 2867 δίκαι-Δρίος
911 2841 979 2866 decet
994 2848 1002 2867 :

1050 2140 1154 2173 Quibus
1168 2144 1195 2166 ct
1217 2139 1337 2175 magistri
1365 2139 1547 2172 sedulitatem,
1572 2142 1600 2166 et
1624 2138 1749 2173 discipuli
1771 2139 1841 2175 diii-

1051 2176 1168 2210 gcntiam
1183 2174 1302 2202 celebrat
1320 2184 1326 2201 :
1341 2182 1393 2202 nec
1407 2175 1459 2202 nisi
1476 2175 1576 2208 primas
1591 2181 1623 2201 ac
1634 2174 1840 2207 excellentiam,

1053 2211 1078 2237 ei
1095 2210 1140 2243 qui
1151 2215 1245 2245 auctor
1258 2210 1293 2237 sit
1307 2217 1339 2237 ac
1352 2210 1489 2245 magister,
1505 2214 1602 2236 servat.

1089 2244 1126 2279 (λι)
1147 2244 1308 2278 Φωστῆρας
1331 2245 1380 2271 καὶ
1401 2243 1532 2279 ὶκδηγοὺς
1556 2243 1785 2278 τελεσιουργῶν.
1803 2244 1843 2271 Et

1053 2280 1096 2307 hic
1109 2280 1175 2306 mire
1185 2280 1345 2307 allucinatus
1360 2279 1464 2310 Metius,
1478 2280 1541 2306 dum
1551 2279 1587 2305 ita
1600 2279 1702 2306 reddit:
1716 2279 1841 2306 Lumina

1053 2315 1174 2350 quantum
1199 2319 1223 2341 cl
1248 2315 1325 2342 duces
1344 2315 1516 2341 sacerdotum.
1542 2313 1598 2350 lmo
1619 2318 1701 2346 certe,
1718 2313 1842 2350 Lumina

1053 2349 1180 2384 ducesque
1194 2358 1356 2381 commorans,
1380 2350 1501 2381 initium,
1519 2349 1644 2376 ordinans
1660 2356 1669 2375 :
1689 2349 1761 2384 quod
1787 2357 1843 2383 per

1054 2385 1241 2412 auctoritatem
1257 2385 1321 2411 facit
1334 2384 1468 2416 Christus,
1487 2385 1543 2419 ipse
1559 2391 1681 2411 summus
1694 2384 1842 2414 sacerdos.

1054 2427 1157 2454 suoque
1179 2420 1329 2447 sacerdotio
1345 2419 1450 2454 (primo
1465 2424 1512 2446 aut
1526 2420 1644 2446 secundo
1656 2418 1774 2453 ordine)
1789 2427 1846 2453 per

1055 2463 1118 2482 suos
1132 2455 1246 2481 vicarius
1261 2455 1412 2489 episcopos,
1428 2460 1475 2481 eus
1489 2454 1536 2489 qui
1556 2454 1705 2483 initiantur.
1727 2461 1777 2489 seu
1793 2462 1847 2489 or-

1054 2490 1192 2522 dinantur,
1224 2488 1390 2524 impartiens.
1415 2488 1584 2516 Bcne’Bud.
1610 2496 1638 2522 p.
1653 2489 1727 2522 _8l7.
1742 2488 1847 2524 Isla-

1056 2525 1180 2560 σιουργδν
1196 2523 1318 2560 δύναμιν
1342 2524 1397 2551 τῶν
1420 2524 1556 2559 ἱεραρχῶν
1587 2523 1714 2560 Dionysio
1733 2523 1845 2560 dictam

1055 2558 1176 2595 exponit,
1195 2559 1250 2586 Vim
1264 2558 1433 2595 initiati-iacet
1443 2558 1470 2595 et
1483 2559 1682 2595 consecraticcm
1693 2566 1702 2584 :
1720 2562 1748 2585 ct
1761 2558 1848 2584 τελε-

1056 2593 1202 2629 σιουργείν,
1226 2595 1257 2620 τὺ
1277 2594 1373 2621 τελεῖν.
1399 2594 1483 2629 Qujus
1510 2593 1567 2620 fere
1583 2601 1664 2620 voces
1684 2597 1848 2629 sequuntur

1056 2627 1220 2657 recentiores
1233 2629 1387 2656 Graecorum
1402 2628 1532 2664 Theologi
1545 2637 1551 2656 :
1565 2636 1616 2656 nec
1631 2629 1660 2656 in
1675 2635 1705 2655 re
1717 2628 1760 2655 sic
1776 2627 1849 2655 trita

1056 2665 1149 2692 debuit
1162 2664 1259 2691 Metius
1271 2664 1413 2698 cespitare.

1092 2699 1130 2735 (5)
1146 2701 1179 2726 Et
1200 2698 1243 2733 μὴ
1269 2697 1438 2735 καλῶςηΑὶ)
1456 2699 1507 2735 hac
1531 2697 1765 2735 expostulatione,
1789 2704 1852 2735 nec

1057 2733 1144 2769 ipsum
1164 2735 1197 2761 ad
1212 2742 1292 2767 quem
1315 2734 1419 2766 scribit,
1444 2733 1552 2761 videtur
1565 2733 1696 2769 eximere.
1711 2737 1761 2759 aut
1779 2734 1851 2769 ejus

1056 2767 1175 2796 mentem
1204 2770 1270 2796 alias
1292 2769 1456 2804 exploratam
1485 2767 1727 2804 liahere._Metius
1757 2768 1851 2804 etiarn

1057 2804 1125 2831 nihil
1145 2804 1234 2831 Pltotii
1248 2802 1336 2835 πάθος
1349 2804 1487 2839 exprimit.
1504 2803 1576 2839 quod
1590 2802 1635 2829 hic
1649 2802 1772 2829 maximo
1786 2803 1852 2829 uli-

1059 2845 1111 2872 tur,
1128 2840 1166 2867 rei
1183 2839 1381 2875 indignitatem,
1395 2843 1424 2866 ut
1437 2839 1490 2867 sibi
1509 2838 1626 2871 videtur,
1644 2844 1823 2872 exaggerans
1842 2845 1850 2863 :
