1940 3087
113 131 163 165 ’1ςῖ

680 137 951 171 EPISTOLARUM
971 142 1090 173 LIBER
1109 142 1135 173 Ι.

1670 138 1724 171 758

113 186 264 220 κυριακαῖς
275 187 377 222 φωναῖς
387 188 605 224 ὲξαρκεσθέντες,
616 190 633 226 ἢ
643 191 696 218 τῶν
708 193 850 228 Πατρικῶν
861 202 886 220 τε

942 195 1023 230 plane
1036 196 1094 223 scio
1111 195 1247 231 quomodo
1264 203 1319 223 non
1333 202 1424 223 amaro
1437 194 1562 228 tristique
1580 193 1671 221 animo
1681 199 1723 220 ui-

114 233 160 260 καὶ
171 233 316 260 συναδικῶν
332 234 403 269 ὅρων
419 235 466 262 καὶ
476 235 619 270 δογμάτων
633 236 742 272 ἔχοντες
758 239 836 273 λόγον
847 239 893 266 οὐ·

113 277 188 310 δένα,
209 277 226 313 ἢ
245 278 294 313 τῆς
309 279 414 306 ἐκεῖθεν
428 280 571 315 ἀκριϐείας
593 281 799 318 ὑπερορῶντες,
815 283 831 319 ἢ
847 285 892 311 τὸν

113 323 173 349 νοῦν
186 324 254 358 πρὸς
266 324 300 351 τά
311 325 423 352 τοιαῦτα
436 325 567 362 φέροντες
582 329 793 364 πεπωρωμένον,
810 329 827 364 ἢ
842 330 892 357 οὐκ

113 367 159 395 οἷδ’
177 369 250 400 ὅπως
271 370 304 397 ἄν
323 380 366 403 τις
382 372 430 398 καὶ
447 372 526 408 φαίη,
551 373 626 407 ὅμως
640 372 699 406 οὖν,
711 374 750 406 ὠς
773 375 829 401 εἴθε
854 376 891 411 μὴ

113 411 223 448 ὤφελεν,
239 412 305 450 ἧκεν
321 416 361 447 εἰς
375 417 511 452 ἡμετέρας
524 418 618 452 άκοὰς,
636 419 674 450 ὥς
685 428 756 450 τινες
771 420 824 447 τῶν
840 421 891 448 ἀνὰ

113 460 161 494 τὴν
178 460 270 494 Λύσιν,
282 461 312 488 τδ
327 462 398 489 θεῖόν
413 472 442 489 τε
453 465 500 491 καὶ
512 465 645 498 πανάγιον
661 465 781 499 Πνεῦμα.
793 467 823 492 οὐ
843 467 891 502 μό-

113 514 155 532 νον
174 506 205 532 ἐκ
223 506 270 533 τοῦ
290 507 357 534 Θεοῦ
373 509 420 535 καὶ
436 510 554 546 Πατρὸς,
571 511 639 538 ἀλλὰ
653 512 701 538 καὶ
714 513 746 539 ὲκ
763 512 809 539 τοῦ
825 512 890 539 Υίοῦ

112 551 307 586 ἐκπορεύεσθαι
318 555 526 589 παρεισάγουσι-
541 557 589 584 καὶ
601 557 702 591 πολλὴν
714 558 891 594 ἐντεῦθεντὴν

113 596 213 631 βλάϐην
234 598 277 626 διὰ
301 600 352 634 τῆς
373 600 501 636 τοιαύτης
523 602 615 637 φωνῆς
639 603 697 634 τοίς
722 603 891 638 πειθομένοις

111 643 320 677 ἀπεργάζονται.
333 645 418 672 Τοῦτο
427 646 455 673 δὲ
470 648 541 675 κατὰ
555 648 668 684 γνώμην
680 650 729 684 μὲν
740 651 796 682 τοῖς
806 650 892 683 οὕτως

112 687 140 720 ἐξ
158 687 255 722 ἀλόγου
271 690 432 725 προλήψεως
450 691 572 727 ἔχουσιν,
587 693 617 720 οὐ
633 695 777 728 τοσαύτην,
803 696 891 723 καίτοι

111 733 221 769 πολλὴν,
236 734 280 761 διὰ
293 735 324 762 τὸ
335 735 386 771 τῆς
404 737 514 771 ἀγνοίας
536 739 724 774 προκάλυμμα
734 760 742 772 ,
757 741 827 776 τάχα
841 742 891 769 οὐκ

110 780 143 807 ἂν
159 781 350 816 προξενήσειεν
360 790 367 797 ·
381 784 494 818 ἐρεύνης
512 784 540 811 δὲ
555 785 748 822 προτεθείσης,
764 787 811 813 καὶ
823 795 891 822 τρα-

111 826 163 858 νῶς
181 827 226 854 διά
244 836 274 854 τε
286 829 336 863 τῆς
351 829 433 864 ἄλλης
448 830 526 865 ἡμῶν
549 830 625 866 ἱερᾶς
638 831 759 867 Γραφῆς,
780 833 827 859 καὶ
842 833 890 860 αὐ-

110 872 159 907 τῆς
175 873 206 908 δὴ
221 874 271 909 τῆς
282 874 423 910 Κυριακῆς
437 876 528 910 φωνῆς
544 877 718 913 ἐλεγχθείσης
733 877 847 913 πλάνης,
864 879 888 904 ει

111 919 148 953 μὴ
160 918 255 946 θᾶττον
270 920 319 954 μὲν
331 920 476 948 ἀποσταῖεν
488 921 526 953 ὡς
535 922 635 958 ὲνησχα
640 923 713 957 μένοι
725 923 775 958 τῆς
787 924 887 950 ἀτόπου

109 964 203 999 δόξης*
224 965 321 992 θᾶττον
345 966 373 992 δὲ
394 968 450 998 τοῖς
471 967 563 1003 ’ὀρθῶς
588 969 816 1005 ἐπιδεδειγμένοις
842 971 888 996 καὶ

110 1009 277 1044 προτεθεῖσιν
308 1012 534 1046 ἑπασμενίσειεν,
563 1013 604 1046 εἰς
630 1015 697 1050 ὅσην
722 1015 748 1041 οἱ
774 1016 888 1043 τοιοῦτοι

109 1056 306 1091 καταφέρονται
321 1058 505 1094 βλασφημίαν
521 1061 587 1096 ὅσης
601 1062 629 1088 δὲ
643 1062 790 1097 καταδίκης
805 1063 888 1090 ὑπευ-

109 1101 204 1133 θύνους
215 1103 327 1134 ἑαυτοὺς
335 1105 524 1139 ἀποφαίνουσι,
536 1107 588 1134 κᾶν
599 1108 692 1143 μηδεὶς
701 1109 888 1146 άνακηρύττῃ,

109 1147 268 1183 κατάδηλον.
290 1150 483 1178 Ἐκπεσοῦνται
501 1153 555 1188 γὰρ
572 1155 641 1188 μετὰ
652 1155 706 1180 τῶν
720 1155 807 1182 ἄλλων
820 1156 888 1190 ἀγα-

108 1194 172 1225 θῶν,
192 1195 238 1222 καὶ
255 1196 303 1222 τοῦ
317 1198 366 1232 τῆς
386 1199 528 1231 εὐσεὸεῐας
546 1201 729 1236 φρονήματος.
745 1202 792 1228 καὶ
806 1202 887 1229 αύτοῦ

107 1240 154 1266 τοῦ
169 1241 240 1267 θείου
254 1242 426 1277 Πνεύματος,
446 1244 484 1275 ὡς
504 1245 696 1278 ταπεινοῦντες
716 1247 747 1273 τὸ
764 1247 886 1282 Πνεῦμα,

107 1283 150 1312 οἷα
163 1286 194 1321 δὴ
209 1287 241 1313 ἐκ
253 1287 299 1314 τοῦ
320 1288 384 1315 Υίοῦ
398 1289 607 1325 δογματίζοντες
620 1291 829 1327 ἐκπορεύεσθαι·
842 1294 889 1320 καὶ

107 1331 219 1367 δευτέρᾳ
237 1333 353 1369 προόδῳ,
366 1335 431 1361 αὐτὸ
444 1335 494 1370 μὲν
504 1336 699 1371 ὲνυὸρίζοντες,
714 1338 889 1373 χλευάζοντες

105 1375 134 1402 δὲ
147 1377 195 1403 καὶ
207 1377 256 1411 τὴν
277 1377 341 1412 μίαν
360 1379 533 1415 ὲκπόρευσιν.
552 1381 614 1413 Πῶς
630 1381 684 1416 γὰρ
703 1382 753 1408 οὐκ
769 1382 868 1408 ἄτοπον
879 1390 886 1397 ·

107 1420 206 1455 μᾶλλον
217 1421 256 1454 δὲ,
270 1422 330 1454 πῶς
345 1423 395 1450 οὐκ
409 1424 527 1459 ὲσχὰτης
541 1425 716 1461 βλασφημίας
729 1427 842 1462 πλῆρες,
858 1429 888 1454 τὺ

106 1467 175 1502 πρὸς
201 1468 286 1499 αὑτὰς
297 1468 348 1499 τὰς
376 1471 546 1502 Δεσποτικάς
568 1472 659 1506 φωνὰς
685 1473 886 1508 ἀπομάχεσθαι·

107 1513 155 1539 καὶ
169 1514 206 1564 τῇ
221 1514 511 1564 πανταχοῦᾴκρατούσῃ
524 1517 578 1543 τῶν
596 1518 721 1553 μεγάλων
735 1520 782 1546 καὶ
796 1520 886 1556 ἀρχιε-
900 1535 921 1564 c

106 1560 339 1595 ρατικῶν,θρόνων
349 1561 385 1597 (6)
399 1563 546 1598 παραδόσει
555 1573 585 1591 τε
598 1565 646 1591 καὶ
654 1565 812 1602 διδασκαλίᾳ
825 1567 886 1593 άντ-

105 1606 301 1634 ιπανίστασοαι
317 1616 325 1641 ς

140 1780 177 1808 Δ’.
192 1782 248 1808 Kal
262 1782 317 1818 γὰρ
329 1783 372 1810 ἵνα
385 1785 448 1815 τοὺς
459 1784 513 1819 πρὸ
527 1785 609 1813 αὑτοῦ
624 1786 706 1817 ὲάσω,
722 1787 769 1813 καὶ
782 1787 857 1814 Λέων
871 1788 885 1814 ὁ

103 1826 156 1860 τῆς
168 1826 278 1863 Ῥώμης
287 1829 441 1864 ἀρχιερεὺς,
458 1830 471 1856 ὃ
479 1839 508 1856 τε
520 1830 643 1862 παλαιὸς,
651 1832 697 1858 καὶ
703 1831 783 1858 πάλιν
792 1832 806 1858 ὁ
817 1832 886 1867 μετὰ

103 1872 199 1899 τοῦτον
213 1873 272 1906 νέος
287 1875 372 1907 Λέων,
392 1875 427 1901 τὰ
442 1876 511 1902 αὐτὰ
525 1876 685 1911 φρονοῦντες
699 1880 731 1912 τῇ
754 1878 884 1913 καθολικῇ

104 1919 153 1945 καὶ
163 1920 326 1956 ἁποστολικῇ
343 1921 501 1957 Ἐκκλησία,
513 1922 559 1949 καὶ
569 1924 625 1953 τοῖς
635 1923 687 1958 πρὸ
698 1923 787 1950 αὐτῶν
797 1924 885 1957 ἁγίοις

103 1965 271 2000 ἀρχιερεῦσι,
290 1967 335 1992 καὶ
352 1968 408 1999 τοῖς
423 1968 612 2000 ἀποστολικοῖς
626 1969 808 2004 θεσπίσμασιν
825 1971 885 1996 ὲπι-

101 2009 264 2039 δείκνυνται.
284 2012 312 2040 '0
325 2013 385 2047 μὲν,
400 2014 433 2050 τῇ
446 2014 562 2050 τετάρτῃ
574 2014 620 2041 καὶ
631 2016 806 2052 οἰκουμενικῇ
817 2017 884 2052 ἁγίᾳ

945 249 1017 268 cam.
1034 241 1117 269 Velut
1133 249 1250 275 namque
1265 240 1412 268 Dominicis
1423 247 1502 267 voces
1512 239 1576 274 ipsa:
1588 246 1642 265 non
1656 238 1726 266 bene

942 286 1084 318 haberent,
1100 291 1146 314 aut
1163 287 1203 315 eis
1217 287 1383 317 sufﬁcerent.
1401 286 1443 313 vel
1463 285 1561 312 nullam
1574 284 1682 311 Patrum
1697 287 1725 311 et

941 332 1115 360 conciliorum
1141 332 1328 360 deﬁnitionum
1351 339 1383 359 ac
1398 331 1569 359 decretorum
1591 330 1724 356 rationem

942 376 1086 409 haberent,
1099 384 1229 404 eorumve
1250 385 1283 404 eo
1301 376 1411 404 nomine
1429 376 1595 411 diligentiam
1610 383 1724 409 sperne-

941 427 1012 454 rent,
1028 427 1074 449 aut
1096 423 1123 449 in
1146 422 1245 450 talibus
1262 430 1334 450 meo
1350 422 1440 450 animo
1452 426 1553 454 essent,
1571 422 1613 448 vel
1632 420 1724 448 nescio

941 467 1077 501 quomodo
1103 467 1165 502 quis
1179 468 1260 495 etiam
1279 467 1364 502 possit
1385 467 1474 502 eloqui
1492 471 1591 501 ;atque
1620 465 1724 492 utinam

940 519 992 539 nec
1002 519 1046 539 res
1059 517 1141 544 esset,
1159 512 1284 547 pervenit
1301 512 1334 539 ad
1347 516 1456 538 nostras
1470 519 1559 543 aures,
1570 510 1642 546 quod
1653 517 1724 537 non-

939 557 1006 584 nulli
1021 557 1243 589 Occidentalium,
1263 558 1384 585 divinum
1396 565 1428 584 ac
1443 556 1642 584 sanctissimum
1666 555 1725 591 Spi-

940 604 1022 630 ritum
1043 610 1098 630 non
1119 603 1206 630 solum
1219 610 1253 630 ex
1271 603 1328 630 Deo
1341 607 1369 630 et
1382 603 1472 635 Patre,
1488 610 1581 629 verum
1593 601 1674 628 etiam
1690 609 1724 629 ex

940 649 1008 676 Filio
1030 649 1177 684 procedere
1193 656 1264 676 novo
1277 649 1403 683 dogmate
1426 648 1623 681 introducunt;
1651 647 1723 675 inul-

940 698 1050 728 tamque
1072 692 1134 720 inde
1152 693 1251 724 labem,
1275 700 1324 727 per
1351 691 1517 727 ejuscemodi
1543 699 1649 723 vocem,
1671 692 1724 719 illis

940 743 1042 772 creant,
1072 739 1118 773 qui
1133 739 1173 766 eis
1186 738 1303 765 credunt
1328 746 1360 765 ac
1379 742 1485 773 parent.
1502 737 1578 770 Quod
1607 745 1672 765 vero
1690 744 1722 764 ex

941 793 1037 812 eorum
1052 790 1144 813 mente
1155 789 1208 816 est,
1219 785 1265 820 qui
1285 785 1326 812 sic
1349 784 1502 812 inconsulte
1519 788 1649 818 occupata
1662 783 1724 818 opi-

940 831 1022 859 nione
1032 831 1128 858 imbuti
1145 836 1218 864 sunt,
1232 831 1281 858 etsi
1294 837 1428 865 magnam,
1442 833 1551 865 propter
1565 829 1724 864 ignorantia:

905 865 925 893 Β
940 882 1029 904 tamen
1057 876 1194 910 obiectum
1219 876 1341 902 velamen
1366 874 1438 902 haud
1461 878 1570 911 tantam_
1587 873 1626 901 eis
1653 873 1724 900 forte

937 930 1034 950 noxam
1057 923 1205 950 attulerint.
1220 921 1358 956 Proposita
1381 928 1444 948 vero
1456 920 1591 956 indagine,
1615 927 1724 947 eorum-

937 977 990 1005 que
1011 977 1104 997 errore
1119 977 1180 996 cum
1195 976 1228 996 ex
1242 968 1303 996 aliis
1331 967 1414 994 sacris
1435 966 1592 1001 Scripturis,
1609 969 1666 992 tum
1688 973 1722 993 ex

937 1015 994 1051 ipsa
1023 1015 1116 1050 utique
1131 1014 1270 1042 Dominica
1294 1020 1360 1041 voce
1381 1013 1479 1040 clarius
1492 1012 1641 1043 confutato,
1669 1011 1721 1038 nisi

939 1062 1139 1096 quamprimum
1159 1061 1193 1087 ab
1212 1059 1365 1095 hujusmodi
1383 1059 1499 1086 absurda
1514 1057 1642 1093 opinione
1656 1057 1723 1084 resi~

938 1107 1054 1142 puerint.
1085 1107 1215 1140 ociusque
1244 1106 1296 1137 bis,
1321 1112 1381 1139 quae
1407 1105 1459 1131 rite
1482 1104 1593 1138 probata
1607 1108 1671 1130 sunt
1690 1110 1723 1131 ac

938 1151 1072 1186 proposita
1091 1159 1145 1178 non
1168 1150 1361 1185 acquieverint,
1378 1150 1410 1176 ad
1428 1157 1507 1184 quam
1527 1148 1722 1189 blasphemiam

940 1197 1093 1224 istiusmodi
1109 1196 1296 1231 prolabuntur,
1310 1204 1341 1222 ac
1352 1200 1458 1230 quantae
1466 1194 1646 1221 damnationis
1662 1201 1722 1221 reos

938 1243 1043 1279 seipsos
1055 1244 1182 1274 efﬁciant,
1194 1243 1244 1270 etsi
1255 1243 1363 1270 nemine
1374 1241 1546 1276 praedicante,
1560 1241 1638 1276 plane
1648 1247 1721 1267 com—

937 1293 1045 1324 pertum
1070 1293 1124 1315 est.
1152 1288 1286 1314 Exeident
1309 1286 1382 1314 enim
1406 1293 1467 1313 cum
1494 1285 1605 1320 reliquis
1631 1284 1720 1315 bonis.

937 1336 1018 1363 etiam
1045 1342 1060 1361 ιι
1076 1334 1183 1369 pictatis
1208 1341 1301 1364 sensu,
1318 1333 1431 1367 ipsoque
1451 1332 1543 1359 divino
1557 1331 1668 1365 Spiritu,
1691 1334 1723 1357 ut

936 1382 981 1416 qui
996 1381 1113 1416 Spiritus
1126 1379 1249 1414 dignitati
1266 1379 1429 1411 detrahant;
1455 1378 1555 1413 quippe
1570 1377 1615 1412 qui
1631 1377 1723 1403 dicant

937 1427 1012 1454 illum
1029 1435 1061 1454 ex
1077 1426 1145 1453 Filio
1161 1425 1320 1461 procedere,
1335 1424 1440 1458 aliaque
1454 1422 1647 1457 processione;
1666 1425 1722 1448 tum

937 1470 973 1497 illi
999 1470 1190 1497 contumeliam
1217 1469 1368 1504 irrogantes
1384 1489 1392 1501 ,
1424 1472 1480 1494 tum
1506 1471 1534 1494 et
1558 1466 1722 1500 singularem

937 1524 1072 1550 unamque
1088 1515 1289 1550 processioneni
1311 1513 1429 1541 ostentui
1447 1513 1588 1539 habentes.
1604 1511 1724 1544 Quomo-

938 1562 973 1589 do
986 1561 1058 1588 enim
1073 1566 1133 1587 non’
1151 1559 1298 1587 absurdum
1315 1567 1322 1591 ;
1340 1558 1382 1585 vel
1403 1558 1503 1592 potius,
1517 1557 1653 1592 quomodo
1668 1564 1722 1584 non

937 1612 1066 1635 extremae
1086 1606 1197 1641 plenum
1215 1604 1388 1640 blasphemiae
1409 1609 1460 1636 est,
1482 1603 1628 1630 Dominicis
1657 1602 1723 1637 ipsis

937 1651 1051 1679 vocibus
1074 1650 1234 1678 adversari?
1256 1649 1393 1677 traditioni
1411 1656 1518 1683 quoque
1542 1652 1570 1676 et
1592 1648 1723 1675 doctrina:

938 1697 1077 1733 refragari,
1093 1705 1154 1732 qua:
1168 1697 1267 1730 ubique
1279 1697 1351 1731 apud
1364 1703 1474 1731 magnas
1489 1695 1621 1730 primique
1634 1702 1723 1721 sacer-

937 1743 1002 1770 dotii
1019 1743 1097 1770 sedes
1111 1742 1203 1777 viget?

973 1788 1018 1815 IV.
1035 1789 1124 1822 Atque
1139 1792 1168 1814 ut
1182 1787 1228 1814 illo
1253 1787 1407 1821 superiores
1422 1788 1556 1820 omittam,
1572 1787 1654 1814 etiam
1668 1786 1723 1813 Leo

935 1834 1073 1862 Romanus
1083 1833 1203 1868 pontifex
1214 1853 1221 1865 ,
1238 1837 1294 1860 tum
1309 1833 1409 1864 senior,
1427 1838 1536 1868 tumque
1556 1841 1660 1865 rursus,
1676 1834 1722 1867 qui

936 1880 1010 1907 illum
1036 1884 1146 1906 secutus
1173 1883 1222 1909 est,
1238 1878 1405 1912 Leojiinior,
1422 1879 1516 1906 eadem
1530 1879 1631 1906 sentire
1659 1887 1722 1906 cum

935 1924 1067 1952 catholica
1090 1928 1117 1951 et
1133 1923 1278 1958 apostolica
1295 1923 1426 1956 Ecclesia,
1450 1929 1478 1951 et
1497 1924 1598 1951 sanctis
1617 1924 1722 1959 episco-

937 1972 988 2006 pis,
1005 1971 1049 2005 qui
1065 1978 1113 1997 eos
1128 1973 1336 2004 praecesserunt,
1362 1978 1413 1998 nec
1428 1979 1481 1997 non
1504 1971 1660 2005 apostolicis
1673 1971 1723 1998 dc-

937 2018 1019 2046 cretis
1028 2017 1163 2050 assentiri,
1173 2022 1332 2046 noscuntur.
1345 2018 1448 2054 Nempe
1461 2018 1544 2053 prior,
1560 2018 1605 2053 qui
1618 2023 1721 2053 quarta:

867 2104 981 2133 NOTAE.

103 2187 166 2222 qua;
187 2180 357 2222 tamenejns
373 2181 463 2222 inepta
482 2184 663 2222 exaggeratio.
691 2189 719 2212 et
732 2192 786 2222 qua
799 2185 884 2212 eonﬁ-
898 2185 924 2215 D
938 2185 1172 2222 testatcifundata,
1184 2191 1212 2213 et
1232 2195 1282 2222 per
1300 2187 1413 2214 aliarum
1435 2187 1561 2222 injuriam
1576 2191 1719 2221 provecta,

101 2216 327 2254 cinturhprtetcr
355 2217 450 2254 primo‘
468 2216 592 2254 traditam
620 2219 699 2246 ﬁdem
727 2216 769 2247 vel
800 2222 885 2249 sacris

103 2249 322 2290 Evaiigcliis,_\_'el
339 2249 419 2290 etiam
435 2251 572 2290 Symbolo,
595 2254 660 2280 nihil
674 2262 722 2288 per
737 2255 883 2283 Ecclesium

102 2285 226 2319 potuisse
244 2284 306 2310 adili
330 2284 518 2320 explicationis
538 2295 629 2319 causa.
647 2284 680 2316 et'
688 2290 720 2316 ad
744 2298 828 2317 novos
844 2299 887 2318 er-

104 2327 181 2346 rores
205 2319 406 2353 convellendbs,
421 2322 473 2348 nisi
494 2329 599 2349 summa
616 2325 768 2351 temeritate
782 2331 809 2352 et
823 2334 888 2353 con—

103 2359 210 2392 temptu
230 2354 384 2392 iliviiiiiriiiii
409 2356 589 2392 eloquioruni,
605 2359 680 2392 quasi
701 2359 745 2386 illa
760 2360 817 2387 sola
831 2369 885 2388 non

103 2389 268 2426 sullieerent.
282 2389 411 2424 Quodque
425 2389 562 2419 Romanus
578 2389 708 2426 pontifex,
719 2395 798 2421 etiam
810 2401 887 2423 extra

101 2423 399 2463 conciliumugenerale
422 2426 533 2463 fecerit,
554 2423 626 2463 nihil
650 2423 759 2459 mirum.
785 2436 887 2458 cumet

102 2459 163 2492 ipse
182 2459 302 2499 conciliis
327 2461 499 2499 generalibus
514 2462 579 2499 quid
602 2464 777 2499 sanciendum
797 2465 885 2499 palam

103 2496 317 2533 praescripserit,
346 2496 519 2533 regulamque
542 2497 665 2533 Patribus
683 2496 843 2531 dederitiiit
858 2501 885 2527 in

101 2531 188 2568 tertio
218 2533 348 2568 sextoque
376 2531 526 2564 przesertim
553 2532 648 2567 liquet,
673 2541 733 2568 quae
761 2534 886 2563 ﬁdelibus

99 2563 232 2589 omnibus
247 2563 445 2592 niaximaersunt
455 2563 633 2595 auctoritatis.

117 2632 124 2637 θ
140 2597 180 2637 (β)
200 2597 255 2624 Καὶ
276 2599 492 2637 ἀρχιερατικῶν
517 2603 641 2635 θρόνων.
660 2603 798 2632 Romanus
814 2605 882 2633 Cod.

100 2632 125 2659 si
149 2632 221 2673 bene
237 2634 353 2673 reddidit
370 2635 475 2666 Metius.
494 2632 710 2673 auspigipxixdiv,
727 2641 798 2673 quod
813 2632 883 2669 forte

101 2667 212 2701 melius,
231 2673 278 2710 aut
290 2669 383 2696 saltem
399 2667 563 2710 expressius.
578 2667 673 2700 E'x'liis
685 2667 758 2710 enim
771 2667 878 2710 potissi:

101 2710 178 2744 inani
192 2703 304 2744 sedibus
317 2709 427 2744 propter
435 2703 583 2744 primatum
598 2709 752 2744 sacerdotii,
767 2703 882 2744 petenda

100 2737 201 2781 regula
216 2738 290 2772 ﬁdei;
311 2737 358 2766 sed
368 2737 520 2781 'prje'cipue
540 2749 572 2781 ac
587 2743 715 2778 singulari
732 2737 881 2781 privilegio,

101 2773 258 2815 {Romana
271 2782 356 2815 ,ncinn
379 2773 607 2815 reliqiiis__s:epius
621 2773 698 2806 ὦτοι·
719 2773 881 2815 όιπορεέἱίιξ

101 2808 254 2850 praiser'tim
267 2808 592 2850 .Constantinopolitanze,
612 2821 673 2848 qua:
695 2823 763 2842 nova
779 2808 881 2850 Roma;

103 2842 252 2870 secundani
265 2844 347 2879 iactat
362 2853 377 2872 a
395 2842 517 2881 seniore;
531 2842 589 2882 ipsa
601 2842 721 2878 simulari
735 2842 882 2887 potiuspo:

938 2229 1018 2255 quam
1032 2221 1131 2248 Christi
1148 2221 1318 2249 institutione
1334 2227 1381 2249 aut
1403 2221 1551 2257 apoStolica
1568 2231 1575 2248 :
1593 2230 1645 2248 non
1666 2222 1722 2248 sic-

938 2261 969 2282 ut
983 2257 1060 2283 seiles
1075 2256 1156 2287 Petri,
1178 2266 1257 2291 quam
1272 2257 1344 2284 fulsit
1367 2256 1457 2284 divina
1470 2257 1624 2291 promissio,
1637 2264 1723 2290 eaque

939 2291 1081 2325 primatum
1096 2296 1179 2324 tenet,
1192 2300 1224 2319 ac
1238 2300 1321 2318 unum
1332 2293 1381 2319 sub
1390 2292 1498 2319 Christo
1508 2297 1588 2326 caput
1599 2291 1721 2318 omnium

939 2326 1131 2358 Ecclesiaruin,
1162 2335 1241 2353 suum
1263 2327 1405 2361 praesulem
1434 2327 1516 2353 habet
1539 2335 1545 2352 :
1572 2326 1722 2360 ineptitquo

937 2361 1062 2391 Plintius.
1082 2363 1128 2395 qui
1145 2369 1208 2393 sua,
1227 2363 1377 2389 aliorumve
1399 2361 1576 2388 Orientalium
1601 2361 1722 2388 auctori-

939 2399 1002 2426 tate,
1026 2397 1049 2422 εἰ
1074 2397 1138 2424 velit
1166 2398 1363 2431 praescribere:
1380 2397 1500 2430 falsoque
1528 2396 1579 2423 sibi
1609 2395 1724 2423 assumit

938 2438 1042 2463 omnes,
1076 2432 1121 2465 qui
1147 2432 1293 2458 verborum
1320 2431 1520 2458 Dominicorum
1549 2431 1723 2465 simplicitate

938 2467 1068 2497 contenti,
1086 2466 1293 2501 explicationem
1314 2471 1407 2500 aperte
1422 2474 1476 2492 non
1495 2466 1644 2500 abjiciant:
1668 2465 1721 2492 mi—

937 2508 1051 2534 rumque
1078 2509 1130 2528 nec
1155 2509 1237 2527 unum
1263 2506 1385 2528 veterum
1403 2501 1500 2528 all‘erre
1517 2501 1655 2535 potuisse.
1679 2501 1722 2528 vel

937 2534 1074 2569 Photiiim,
1103 2537 1145 2563 vel
1170 2537 1236 2563 alios
1254 2541 1392 2570 sequaces,
1411 2536 1456 2570 qui
1470 2534 1594 2570 spiritum
1612 2544 1626 2563 a
1653 2535 1722 2563 Filio

936 2570 1114 2603 inticiaretur,
1138 2575 1184 2598 aut
1203 2579 1234 2598 ex
1249 2572 1307 2598 solo
1320 2571 1398 2598 Patre
1412 2571 1524 2603 diceret,
1539 2571 1592 2598 nisi
1616 2571 1660 2598 ubi
1677 2579 1723 2598 se-

935 2607 988 2642 mel
1006 2607 1095 2641 plagio
1111 2613 1207 2633 manus
1223 2607 1352 2642 sacrilega
1376 2607 1471 2639 saeviit,
1492 2613 1543 2642 nec
1557 2611 1645 2633 tamen
1662 2606 1722 2642 pla-

935 2640 1014 2676 giiim’
1031 2640 1159 2676 obtegere
1183 2641 1287 2675 potuit;
1306 2640 1335 2668 ut
1349 2648 1392 2668 est
1410 2647 1505 2669 auctor
1520 2641 1652 2676 Georgius
1665 2640 1722 2667 Me-

935 2677 1045 2709 tocliita,
1062 2679 1140 2711 cujus
1154 2678 1256 2703 utinam
1273 2684 1371 2704 aureos
1387 2677 1468 2704 libros
1491 2685 1506 2703 a
1527 2684 1570 2703 me
1596 2680 1723 2710 acceptos

933 2712 1086 2746 evulgasset
1113 2713 1168 2738 Leo
1201 2712 1327 2744 Allatius,
1353 2712 1459 2746 illisque
1483 2711 1592 2746 tertium
1618 2715 1720 2738 tomum

933 2745 1044 2773 Griecize
1071 2747 1236 2774 Ortliodoxm
1260 2747 1376 2781 primum
1404 2745 1514 2774 fecisse.
1539 2745 1630 2781 Dolet?
1645 2750 1721 2781 certe

933 2781 1000 2808 tanti
1017 2783 1183 2809 confessoris
1205 2780 1420 2810 lucubrationem
1445 2782 1530 2813 illam,
1548 2780 1649 2807 tuenda
1664 2780 1721 2807 Rn-

933 2824 1012 2879 mapla
1033 2821 1060 2844 et
1075 2817 1224 2853 apostolica
1252 2817 1316 2852 ﬁde,
1339 2825 1391 2845 nec
1407 2817 1500 2844 Roma:
1523 2815 1647 2844 invenire
1672 2815 1718 2851 qui

933 2859 981 2879 ιντο
1003 2857 1071 2879 ucat.

931 2857 1071 2886 producat.

1752 2351 1759 2384 ἦ
