1940 3087
104 134 145 166 801
661 125 930 159 EPISTOLARUM
949 125 987 156 LI
991 126 1066 157 BER
1085 127 1110 157 Ι.
1660 124 1715 156 302

106 191 154 227 ἦτοι
166 188 199 216 τὰ
210 187 342 216 ἀπύλωτσ.
353 187 408 214 τῶν
423 185 616 222 αἱρετιζόντων
631 184 766 219 στόματα,
785 180 874 227 μηδαέ
887 181 900 210 Δ

953 187 1015 214 sque
1038 181 1118 208 inferi
1139 184 1233 216 portas
1250 181 1272 198 "
1288 200 1296 213 ,
1312 187 1360 208 ora
1385 180 1511 208 videlicet
1525 180 1716 209 hatretieorum

106 236 154 272 μῶς
163 235 263 270 ἰσχύειν
270 235 339 269 αὐτῇ
351 232 531 268 διετράνωσεν
542 232 559 266 ἡ
570 229 707 264 ἀλήθεια),
721 227 813 260 πόθεν,
827 226 876 254 καὶ¹

953 227 1012 255 )rtis
1026 227 1157 259 carentia,
1178 227 1233 255 ullo
1248 232 1326 262 pacto
1338 227 1484 263 praevalere
1496 234 1587 261 posse,
1603 227 1718 262 ipsumet

108 283 134 310 ἐκ
145 282 217 308 τίνων
229 282 246 315 ή
259 280 337 315 καινὴ
348 279 418 314 α’ὖτη
433 276 634 313 παραναδύεται
645 275 716 302 κατὰ
729 273 776 301 τοῦ
786 272 877 300 Ilvati-

953 274 1078 301 eclaravit
1099 273 1223 309 veritas),
1242 274 1324 307 unde,
1348 278 1375 300 et
1394 281 1428 300 ex
1444 273 1542 308 quibus
1570 281 1640 300 nova
1661 274 1718 300 haec

110 336 178 363 ματος
193 326 350 362 βλασφημία
360 335 368 358 ;
382 325 438 352 Καὶ
450 324 508 356 πῶς
522 323 572 350 οὐκ
583 322 616 349 ἂν
625 322 668 357 εἴη
679 321 710 347 τὸ
721 318 878 354 συνενεχθὲν

953 321 1040 348 nersit
1053 320 1184 348 adversus
1199 320 1330 355 Spiritum
1340 319 1531 354 blasphemia?
1551 320 1584 346 Et
1600 327 1717 354 querno-

108 373 198 400 πολλῶν
214 374 263 407 μὲν
277 372 352 405 ἄξιον
376 370 554 406 στεναγμῶν·
574 368 679 395 πολλῶν
694 367 724 394 δὲ
739 365 877 401 δακρύων,

953 373 966 393 ο
992 373 1047 393 ιιοιι
1079 366 1172 393 multis
1194 365 1267 393 istud
1296 365 1516 400 prosequendum
1537 365 1663 399 laerymis
1690 372 1722 391 ac

109 420 194 455 πολλῆς
208 420 236 446 δὲ
259 418 377 452 σπουδῆς
395 417 567 452 ἀναχαιτίσαι
586 415 637 449 τὴν
659 414 745 449 νομὴν
762 413 808 439 τοῦ
824 412 880 439 πά-

953 412 1058 447 ispiriis
1073 412 1085 438 ?
1099 412 1238 447 Multaque
1249 419 1318 447 opus
1329 411 1467 446 diligentia
1488 411 1520 437 ad
1536 411 1720 438 cohibendum

109 465 170 498 ϐους,
183 465 230 491 καὶ
246 466 283 499 μὴ
296 464 406 495 πλείους
425 463 492 498 ὁρᾷν
520 460 758 495 καταὸοσκόμενον
772 458 826 486 τῶν
840 459 881 490 εἰς

954 459 1014 494 ujus
1028 459 1091 486 mali
1106 465 1290 493 progressum,
1307 465 1339 485 ac
1359 465 1395 485 ne
1408 457 1499 492 plures
1509 457 1656 492 depascere
1682 457 1724 484 la-

109 511 212 547 ποίμνην
227 510 295 537 Θεοῦ
310 508 560 543 καταλογισθέντων
571 507 603 534 τὸ
617 507 682 542 νόση
688 514 741 542 pa;

953 513 996 533 em
1019 505 1169 537 videamus,
1185 511 1290 538 eorum,
1307 504 1354 539 qui
1369 504 1398 531 in
1413 503 1459 531 Dei
1477 510 1556 538 grege
1581 509 1725 529 numeran-

935 553 989 576 tur.

140 601 170 626 Z'.
185 601 234 626 Διά
244 608 285 626 τοι
293 598 372 625 τοῦτο
382 598 429 625 καλ¹
442 598 460 634 ἡ
473 598 551 633 ἡμῶν
563 597 708 633 μετριότης
717 595 811 631 ὥσπερ
823 594 885 622 τινὰ

970 595 1024 623 Vll.
1045 595 1102 623 Hae
1133 595 1216 631 igitur
1231 595 1265 623 de
1292 603 1383 628 causa,
1400 603 1450 623 nos
1471 603 1579 631 quoque
1598 597 1725 629 humiles,

112 646 185 682 μέγαν
196 645 245 680 τῆς
263 644 426 680 Ἐκκλησίας
440 644 593 679 πρόμαχον,
612 644 659 670 καὶ
673 639 718 669 οἷα
737 642 770 677 δὴ
785 641 886 668 σκοπὸν

955 640 1012 668 elut
1026 648 1155 676 magnum
1168 641 1304 675 quoddam
1317 640 1445 669 Ecclesia:
1461 642 1598 675 columen,
1615 650 1646 670 ac
1661 650 1728 677 quav

108 690 254 726 τεθειμένον
283 690 322 725 τῷ
348 689 415 724 οἴκῳ
447 688 566 725 Ἰσραὴλ,
593 688 644 723 τὴν
677 688 814 724 ὑμετέραν
843 687 886 714 ἐπ’

954 687 1173 723 ispeculatorem
1198 688 1316 723 positum
1334 687 1426 716 domui
1446 688 1539 722 Israel,
1556 694 1728 724 praestantem

111 737 185 772 ἀρετῇ
201 735 359 770 τελειότητα
377 735 599 772 προκαλούμεθα,
619 734 665 761 τὸν
679 735 708 761 ἐν
731 735 765 769 τῇ
788 734 889 770 καρδίᾳ

953 738 1057 762 'estram
1075 741 1255 768 provocamus
1269 734 1410 766 virtutem,
1429 739 1457 762 ut
1473 734 1518 761 Dei
1534 736 1633 767 zelum,
1648 743 1730 771 quem

110 783 183 818 ζῆλον
196 782 286 809 ἔνθεον
305 784 345 813 είς
364 782 445 818 μέσον
458 781 656 817 ὲκπυρσεῦσαι·
672 781 719 807 καὶ
736 778 780 807 οἶα
793 780 826 816 δὴ
838 780 889 815 τὴν

953 788 966 808 n
981 780 1064 808 corde
1078 780 1195 813 habetis,
1215 780 1242 807 in
1256 781 1377 808 medium
1393 780 1501 808 lucente
1522 782 1629 811 ﬂamma
1645 785 1731 812 susci-

110 829 156 864 τῆς
177 828 382 865 ἀρχιερωσύνης
410 828 522 864 λυχνίαν
544 827 716 859 ἁνάπτοντα,
742 827 811 854 πᾶσι
832 827 889 858 τοῖς

953 826 1189 861 etiszsummique
1216 826 1361 854 sacerdotii
1379 827 1453 855 velut
1472 835 1587 857 accensa
1610 830 1731 864 lucerna,

111 855 290 910 πλανωμῖένόις
316 855 374 908 φῶς
402 855 534 909 σωτήριον
565 869 733 907 ὲναυγάσαιο
764 873 811 899 καὶ
838 872 889 908 τῆς

953 872 1097 900 errantibus
1110 872 1239 900 omnibus
1253 872 1372 900 salutare
1385 874 1478 902 lumen
1495 876 1640 908 invehatis,
1652 882 1733 912 atque

113 921 210 956 πλάνης
226 921 275 956 μὲν
291 920 462 956 ἀποστῆσαι,
484 920 691 956 χειραγωγῆσαι
708 919 736 946 δὲ
750 921 819 954 πρὸς
838 919 890 947 ἀνὰ

953 918 974 946 ιι)
982 926 1075 946 errore
1090 923 1227 952 avocatos,
1245 919 1278 946 ad
1300 919 1430 954 pietatem
1445 925 1503 948 toto
1519 926 1652 950 terrarum
1667 923 1733 950 orbe

111 967 194 994 πᾶσαν
207 967 256 1002 τὴν
272 967 436 1002 οἰκουμένην
452 966 651 1002 ἔξηπλωμένην
665 965 817 994 εὐσέϐειαν.

142 1013 181 1041 H'.
199 1013 309 1048 Πρῶτον
333 1013 382 1048 μὲν
400 1013 466 1048 γὰρ,
490 1012 528 1043 ὡς
550 1011 668 1047 εἴρηται,
685 1010 735 1045 τὴν
747 1009 890 1045 Κυριακὴν

110 1059 162 1094 εχει
182 1059 289 1095 φωνὴν,
321 1059 515 1094 λαμπροτέραν
542 1058 633 1093 πάσης
654 1057 828 1092 λαμπηδόνος
847 1056 891 1099 ἐξ·

111 1106 348 1140 αστράπτουσαν,ὴ
365 1107 396 1132 ἐκ
409 1104 457 1131 τοῦ
469 1105 576 1140 Πατρδς
587 1105 633 1131 τοῦ
645 1104 802 1139 Πνεύματος
814 1103 893 1129 ὲκπό-

112 1159 207 1186 ρευσις’
229 1151 296 1186 πρὸς
313 1152 346 1186 ἣν
362 1151 569 1182 ἀναϐλέποντες,
585 1151 637 1177 κᾶν
661 1150 712 1185 ὀψὲ
737 1149 801 1184 γοῦν
818 1150 843 1175 oi.
860 1149 891 1175 ὲκ

110 1197 153 1223 τοῦ
170 1197 233 1223 Υἱοῦ
248 1198 279 1223 τὸ
299 1197 411 1230 Πνεῦμα
425 1196 653 1231 δυσφημήσαντες
674 1194 870 1230 ἐκπορεύεσθαι
882 1213 890 1224 ,

111 1242 309 1269 παυσάσθωσαν
325 1242 375 1277 τῆς
393 1242 423 1268 ὲν
442 1241 531 1277 πλάνῃ
555 1241 603 1268 καὶ
628 1241 717 1275 σκότῳ
739 1240 892 1275 διατριϐῆς,

110 1290 156 1316 καὶ
174 1289 212 1325 τῷ
228 1290 296 1323 φωτὶ
310 1289 359 1324 τῆς
382 1288 522 1319 εὐσεϐείας
537 1287 757 1322 ἐλλαμπόμενοι,
780 1287 821 1318 εἰς
845 1286 894 1317 τὰς

110 1336 203 1363 ἄδυτον
219 1335 332 1370 ἐχούσας
343 1335 461 1370 μάνδραις
477 1336 527 1371 τὴν
546 1333 596 1368 τῆς
611 1333 766 1369 ὀρθοδοξίας
782 1333 893 1369 αἴγλην,

109 1383 164 1413 τοῖς
176 1381 299 1408 εὐσεὸἐσι
312 1382 531 1414 συνεισιέτωσαν,
547 1379 759 1416 καταιδούμενοι
777 1379 895 1414 μάλιστα

111 1428 157 1454 καὶ
171 1428 215 1454 τὸν
232 1427 389 1463 ὲπιστήθιον
405 1427 459 1454 τῶν
475 1428 609 1464 οὐρανίων
631 1427 772 1461 δογμάτων
791 1425 895 1460 μύστην

109 1475 157 1501 καὶ
172 1475 362 1509 μυσταγωγὸν,
375 1475 419 1501 τὸν
430 1474 480 1510 τῆς
495 1474 632 1508 θεολογίας
651 1473 777 1507 Ἰωάννην
790 1471 895 1498 ἐπώνυ-

940 965 1114 1000 explicatam,
1130 973 1214 992 manu
1233 966 1352 994 ducatis.

978 1011 1044 1038 Vill.
1064 1010 1186 1039 Primum
1211 1013 1321 1047 quidem
1343 1013 1392 1048 (uti
1406 1014 1462 1049 jam
1479 1015 1581 1043 dictum
1601 1016 1654 1050 est)
1679 1016 1733 1043 Do-

941 1057 1070 1084 minicam
1090 1057 1197 1084 habetis
1210 1066 1315 1090 vocem,
1331 1059 1427 1094 quavis
1455 1059 1513 1087 face
1528 1060 1656 1093 lucidius,
1673 1061 1734 1096 Spi-

942 1103 1024 1130 ritum
1040 1111 1056 1130 a
1072 1103 1152 1130 Patre
1164 1106 1313 1138 procedere
1327 1106 1488 1139 prodentem
1504 1115 1510 1132 :
1527 1107 1560 1134 ad
1580 1115 1661 1141 quam
1677 1112 1735 1134 tan-

943 1149 1006 1176 dem
1037 1149 1184 1183 aliquando
1198 1149 1319 1176 levantes
1342 1151 1447 1182 oculos,
1474 1151 1520 1185 qni
1538 1159 1586 1186 per
1607 1151 1734 1187 blasphe-

944 1194 1037 1225 miam,
1057 1195 1174 1229 Spiritus
1189 1202 1221 1222 cx
1238 1195 1308 1222 Filio
1318 1197 1526 1230 processiencm
1541 1197 1649 1230 docent,
1665 1198 1734 1225 desi-

944 1246 1011 1268 nant
1033 1242 1061 1268 in
1075 1249 1169 1268 errore
1183 1249 1215 1268 ac
1241 1242 1362 1269 tenebris
1379 1243 1482 1269 versari
1499 1252 1506 1270 :
1533 1243 1649 1278 ﬁdeique
1672 1244 1734 1271 luce

945 1289 1108 1321 collustrati,
1126 1288 1182 1323 pari
1197 1296 1259 1315 cum
1281 1288 1441 1316 orthodoxis
1457 1289 1559 1317 foedere
1579 1290 1670 1317 caulas
1694 1290 1737 1317 in-

945 1335 1111 1371 grediantur,
1124 1335 1292 1362 orthodoxias
1307 1335 1443 1363 radiantes
1454 1336 1560 1371 juhare,
1570 1337 1640 1372 quod
1649 1337 1738 1365 nescit

946 1388 1072 1407 occasum
1086 1389 1093 1413 ;
1119 1388 1181 1407 etim
1197 1381 1348 1415 praesertim
1363 1381 1474 1408 rereriti
1490 1382 1536 1416 qui
1553 1389 1568 1409 e
1596 1382 1737 1409 Dominico

947 1432 1057 1462 pectore
1085 1427 1189 1454 haustis
1214 1427 1374 1462 liquoribus,
1399 1429 1551 1455 caelestium
1578 1429 1736 1464 doginatum

948 1472 1097 1507 discipulus
1112 1480 1143 1499 ac
1159 1473 1264 1506 doctor,
1281 1474 1406 1505 elleetus,
1429 1473 1548 1501 Joannes
1565 1483 1580 1501 a
1592 1474 1737 1510 Theologia

112 1529 171 1556 μοψ
189 1521 235 1548 καὶ
251 1523 290 1553 εἰς
305 1521 452 1556 πρεσϐείαν
472 1521 709 1556 προϐαλλέτωσαν,
729 1519 896 1553 συγγνώμης

953 1526 1049 1545 nomen
1065 1523 1107 1546 est
1123 1524 1305 1546 consecutus:
1323 1527 1355 1547 co
1370 1520 1550 1548 intercessore
1560 1529 1667 1548 veniam
1679 1528 1739 1556 pre-

109 1567 201 1603 τυχεῖν
216 1564 256 1598 οἷς
266 1567 430 1598 ἀπεναντίας
445 1567 528 1594 αὑτοῦ
547 1575 577 1593 τε
593 1567 640 1592 καὶ
656 1565 705 1592 τοῦ
719 1564 880 1592 διδασκάλου
890 1584 898 1596 ,

110 1612 158 1639 καὶ
180 1612 234 1638 τῶν
259 1611 389 1647 μαθητῶν
411 1612 458 1638 τοῦ
485 1611 715 1645 θεολογικωτάτου
740 1610 795 1645 (Η)
816 1609 901 1636 πάλαι

110 1659 176 1685 ποτὲ
187 1659 384 1693 ἐπανέστησαν.
400 1659 462 1689 Τοῖς
477 1658 531 1693 γὰρ
546 1659 577 1684 ἐκ
590 1657 636 1683 τοῦ
658 1656 766 1692 Πατρὺς
790 1656 837 1683 καὶ
852 1655 900 1682 τοῦ

110 1704 178 1732 Υἰοῦ
198 1706 228 1731 τὸ
252 1706 385 1739 πανάγιον
408 1704 520 1739 Πνεῦμα
542 1703 741 1739 ἐκπορεύεσθαι
765 1702 901 1737 δογματί-

110 1751 200 1782 ζουσι,
218 1750 265 1776 δύο
282 1750 390 1781 πάντως
410 1750 483 1776 αἴτια
507 1750 554 1776 καὶ
571 1749 654 1784 ἁρχαὶ
669 1747 900 1782 συνεισέρχονται·

110 1796 160 1823 καὶ
178 1797 195 1831 ὴ
209 1797 236 1822 ὲν
252 1797 284 1831 τῇ
297 1795 391 1830 Τριάδι
405 1794 537 1830 μοναρχία
552 1793 666 1829 φροῦδος
685 1794 836 1828 οἰχήσεται,
851 1792 902 1818 Δύο

110 1843 168 1878 γὰρ
181 1842 308 1877 φανερῶς
325 1842 382 1872 τοῖς
395 1841 465 1867 οὕτω
487 1840 597 1873 λέγουσι
609 1840 644 1865 τὰ
660 1839 734 1866 αἴτια
748 1846 902 1872 συνανακη-

111 1889 255 1925 ρύσσεται,
273 1888 302 1921 ἐξ
324 1884 360 1915 ὧν
372 1887 419 1914 καὶ
431 1888 448 1923 ἡ
469 1887 519 1922 μία
536 1887 576 1918 είς
595 1885 641 1912 δύο
658 1885 745 1920 ἀρχὰς
760 1885 898 1920 (τρέποιτο

110 1937 140 1964 δὲ
153 1938 185 1963 τὺ
204 1936 361 1972 βλάσφημον
377 1937 417 1968 είς
433 1935 483 1967 τὰς
499 1935 553 1962 τῶν
573 1934 667 1962 αἰτίων
688 1933 818 1968 κεφαλὰς)
839 1941 902 1959 συν-

109 1983 292 2018 διασχίζεται.

151 2030 193 2057 Θ’.
209 2030 313 2062 Ἀλλως
333 2039 360 2057 τε
377 2030 414 2062 δὲ,
432 2030 456 2056 εί
472 2029 521 2064 μὲν
539 2029 630 2055 τελεία
648 2030 665 2064 ἡ
684 2029 716 2055 ὲκ
729 2028 776 2055 τοῦ
797 2028 902 2063 Πατρός

110 2075 192 2101 ἐστιν
215 2075 386 2109 ὲκπόρευσις,
408 2073 450 2106 τίς
467 2075 484 2110 ἡ
506 2074 586 2109 χρεία
607 2074 656 2108 τῆς
671 2073 800 2109 δευτέρας
819 2074 902 2100 ἔκπο-

112 2121 249 2155 ρεύσεως,
262 2120 312 2156 ἤδη
324 2121 373 2154 τῆς
386 2120 554 2155 τελειότητος
571 2121 603 2147 ὲκ
618 2121 668 2155 τῆς
682 2120 819 2156 πατρικῆς
834 2110 903 2155 ττρῦ-

111 2167 177 2193 όδου
200 2166 396 2201 καθορωμένης
412 2166 449 2201 τῷ
464 2167 603 2202 Πνεύματι
618 2175 624 2199 ;
641 2167 671 2192 Εἰ
693 2166 715 2192 δ’
728 2166 836 2202 ἀτελὴς,
860 2166 903 2198 τίς

952 1569 1059 1596 eentur,
1073 1565 1144 1600 quod
1162 1566 1198 1592 illi
1215 1574 1246 1593 ac
1262 1566 1663 1601 magistro,discipulorumque
1678 1567 1739 1593 albo

952 1611 1095 1646 tlieologitn
1111 1611 1193 1638 radiis
1209 1612 1417 1644 micantissinio,
1441 1613 1585 1640 contrariis
1602 1613 1739 1647 opinioni-

951 1657 1003 1685 bus
1023 1658 1185 1693 quandoque
1206 1659 1270 1685 olim
1287 1659 1460 1686 obstiterunt.
1491 1659 1568 1692 Quod
1586 1660 1660 1686 enini
1675 1667 1740 1687 san—

952 1703 1090 1730 ctissimus
1118 1703 1235 1738 Spiritus
1254 1712 1268 1730 ιι
1291 1705 1371 1732 Patre
1387 1709 1412 1732 et
1428 1705 1496 1732 Filio
1519 1705 1626 1732 dicatur
1644 1713 1740 1740 proce-

953 1748 1028 1781 dere,
1057 1749 1125 1776 duas
1144 1750 1258 1777 omnino
1283 1758 1380 1777 causas
1395 1758 1427 1777 ae
1443 1750 1573 1784 principia
1592 1754 1634 1776 est
1655 1750 1741 1777 intro-

953 1795 1053 1822 ducere
1066 1805 1073 1822 :
1086 1804 1174 1830 eoque
1188 1796 1213 1822 in
1230 1800 1324 1823 saneta
1344 1796 1478 1823 Trinilale
1495 1796 1679 1823 monarchiam
1694 1804 1741 1832 pe-

954 1841 1027 1867 nitus
1040 1841 1157 1868 abolerc.
1175 1840 1224 1874 Qui
1234 1841 1305 1868 enim
1321 1841 1359 1868 sic
1375 1841 1539 1875 loquuntur,
1552 1841 1618 1868 duas
1631 1841 1743 1876 perinde

954 1895 1050 1914 causas
1074 1887 1283 1922 praedicabunt:
1312 1888 1431 1922 hincque
1449 1887 1516 1914 adeo
1532 1895 1615 1914 unum
1641 1888 1744 1922 pariter

953 1932 1119 1967 principium
1144 1937 1242 1965 (vertat
1258 1933 1328 1960 Deus
1345 1933 1372 1960 iu
1395 1941 1503 1960 reorum
1521 1939 1604 1969 caput
1618 1934 1746 1969 blasphe-

953 1979 1047 2014 Hilarii)
1066 1979 1093 2005 in
1107 1980 1161 2006 duo
1174 1979 1321 2007 dividetur.

994 2025 1039 2052 IX.
1059 2026 1203 2058 Praeterea,
1220 2027 1242 2053 si
1253 2026 1373 2061 perfecta
1390 2031 1431 2053 est
1445 2034 1479 2054 ex
1493 2027 1573 2054 Patre
1587 2028 1742 2062 processio,

953 2073 1018 2107 quid
1037 2079 1106 2107 opus
1124 2076 1165 2100 est
1186 2072 1270 2099 altera
1290 2074 1463 2107 processione
1476 2093 1484 2106 ,
1500 2081 1562 2102 cum
1582 2081 1613 2101 ex
1632 2078 1743 2108 paterna

951 2118 1007 2153 jam
1033 2119 1207 2154 processione
1234 2118 1353 2153 Spiritus
1366 2120 1504 2154 perlectus
1523 2127 1583 2147 esse
1613 2120 1745 2154 intelliga-

957 2165 1020 2192 tur?
1046 2165 1096 2192 Sin
1123 2170 1214 2192 autem
1238 2166 1410 2200 imperfecta,
1431 2166 1499 2200 'quis
1523 2166 1592 2193 feret
1610 2166 1682 2200 quod
1708 2166 1744 2192 ita

112 2211 227 2238 ὑποίσει
241 2211 271 2237 τὸ
286 2200 404 2244 dcto-nov;
425 2200 545 2245 Πρῶτον
557 2211 606 2246 μὲν
621 2211 675 2246 γάρ
690 2211 704 2237 ό
719 2200 809 2237 τοῦτο.
822 2211 900 2246 φάναι

956 2211 1075 2238 absurde
1100 2211 1251 2238 asseritur?
1272 2211 1394 2238 Primum
1415 2211 1488 2238 enim
1507 2211 1553 2246 qui
1572 2211 1623 2238 hoc
1648 2211 1746 2238 audeat

111 2257 268 2292 τολμήσας,
283 2257 316 2292 τῇ
332 2255 482 2291 παντελείῳ
496 2256 589 2291 Τριάδι
604 2256 635 2282 τὸ
654 2256 748 2288 ἀτελὲς
763 2258 907 2293 ἐναπερρι-

111 2303 180 2338 ψεν.
197 2303 313 2329 Ἔπειτα
329 2302 357 2329 δὲ
372 2303 421 2329 καὶ
436 2304 468 2329 ὲκ
481 2302 528 2329 δύο
549 2302 631 2330 πάλιν
646 2303 747 2330 ἀτελῶν
762 2303 791 2330 τὸ
806 2304 907 2331 τελειο-

113 2349 198 2375 ποιὺν
213 2348 327 2383 Πνεῦμα
342 2349 589 2383 συγκατεσκεύασε.
603 2349 658 2375 Ναὶ
674 2349 706 2384 δὴ
721 2349 768 2376 καὶ
780 2349 906 2377 σύνθετον

113 2395 299 2427 ἀπετέλεσεν,
323 2395 360 2427 ὡς
381 2397 413 2421 ὲκ
434 2395 485 2421 δύο
495 2394 576 2421 τινῶν
593 2395 702 2421 αἰτίων·
719 2395 765 2421 καὶ
785 2395 847 2422 τότε
862 2396 871 2432 (
885 2396 908 2423 ὣ

115 2440 250 2475 γλώσσης
269 2440 403 2476 ἀκρατοῦς
420 2441 466 2467 καὶ
481 2440 593 2475 γνώμης
609 2440 792 2475 ἀγνώμονοςι)
806 2441 908 2474 ἀτελῶς

114 2487 150 2520 ἐξ
176 2488 306 2522 ἐκατέρου
328 2487 545 2522 ἐκπορευομένου
569 2486 616 2513 τοῦ
637 2486 805 2522 Πνεύματος.
824 2488 856 2514 Οἱ
880 2488 908 2515 δὲ

113 2533 211 2570 ταύτῃ
231 2535 264 2568 τῇ
285 2533 427 2568 ὃυσφημίᾳ
451 2533 570 2568 κάτοχοι,
591 2533 639 2559 καὶ
657 2534 753 2559 υἱωνὸν
775 2534 861 2562 εἰπεῖν
877 2534 908 2561 τὸ

113 2580 247 2614 Πνεῦμα,
262 2580 312 2606 οὐκ
324 2579 357 2605 ἂν
374 2580 566 2615 άποκνήσαιεν.
581 2579 613 2605 Et
630 2579 659 2605 δὲ
672 2579 722 2615 τὴν
742 2580 834 2616 φωνὴν
858 2589 908 2615 φυ-

155 2640 180 2656 ³²
200 2639 295 2667 Matth.
312 2647 369 2671 xvi,
385 2639 428 2666 18.

957 2257 1059 2290 dicere,
1078 2255 1215 2288 Trinitati,
1231 2264 1291 2291 quae
1304 2257 1392 2284 modis
1409 2257 1536 2284 omnibus
1550 2257 1670 2291 perlecta
1693 2262 1744 2289 est,

957 2303 1190 2338 imper-lectionem
1216 2304 1320 2330 tribuit.
1341 2304 1444 2331 Deinde
1473 2311 1549 2337 vero,
1577 2311 1611 2330 ex
1640 2304 1747 2331 duobus

957 2357 1068 2376 rursum
1093 2349 1270 2384 imperfectis,
1296 2354 1436 2376 auctorem
1465 2349 1554 2376 omnis
1571 2349 1747 2384 perfectionis

959 2394 1092 2430 Spiritum
1107 2395 1250 2423 constituit
1262 2405 1268 2422 :
1281 2396 1348 2430 quiti
1370 2401 1398 2423 et
1413 2396 1607 2430 compositum,
1629 2396 1702 2423 velut
1714 2403 1747 2423 ex

958 2441 1064 2469 duabus
1087 2442 1248 2476 quibusdam
1272 2443 1363 2469 causis
1378 2450 1410 2468 ac
1426 2442 1596 2474 auctoribus,
1612 2442 1693 2469 fecit:
1721 2447 1749 2470 et

958 2485 1048 2522 ita’(o
1069 2488 1188 2523 linguam
1208 2487 1425 2514 incontinentem
1453 2491 1479 2514 et
1501 2489 1643 2522 reprobam
1670 2495 1748 2514 men-

959 2535 1045 2570 tem!)
1075 2542 1108 2562 et
1134 2540 1249 2569 utroque
1278 2534 1437 2568 imperfecte
1464 2533 1582 2568 Spiritus
1610 2534 1747 2568 procedet.

958 2580 1010 2615 Qui
1031 2582 1082 2609 hac
1097 2589 1180 2617 porro
1203 2585 1351 2608 teneantur
1370 2579 1541 2615 blasphemia
1554 2601 1562 2613 ,
1586 2588 1638 2608 nec
1660 2580 1748 2615 Spiri-

910 2696 1027 2725 NOTAE.

157 2755 183 2789 (l
192 2754 216 2788 Ι)
236 2753 301 2781 Τῶν
313 2752 454 2788 μαθητῶν
466 2753 519 2789 τοῦ
533 2752 794 2787 θεολογικωτάτου.
810 2751 906 2780 Metius

111 2788 222 2827 plurali
238 2797 352 2827 numero
367 2789 470 2827 reddit}
488 2788 522 2814 Et
534 2789 600 2827 alios
615 2788 773 2827 discipulos;
789 2795 908 2827 nonnex-

113 2823 224 2861 plicata
239 2825 319 2851 etiam
330 2832 396 2861 voce
412 2824 651 2861 θεολογικωτάτου,
669 2823 739 2861 Velit
752 2823 822 2851 forte
839 2823 908 2861 Pau-

110 2858 194 2893 lum,
218 2867 353 2887 summum
376 2860 445 2888 inter
468 2859 604 2894 apostolos
632 2858 803 2896 theologum,
831 2858 910 2893 cujus

959 2754 1074 2789 perinde
1086 2753 1198 2780 vocibus
1211 2753 1284 2781 abuti
1298 2753 1408 2781 Latinos
1417 2752 1595 2788 sequentibus
1608 2756 1741 2789 causetnr.

961 2788 996 2816 At
1018 2789 1168 2817 straminea
1192 2790 1294 2824 omnia,
1317 2797 1349 2818 ac
1360 2789 1426 2818 satis
1443 2790 1498 2824 jam
1515 2795 1649 2823 superque
1665 2795 1680 2814 a
1697 2788 1751 2815 (ia-6

963 2824 1072 2852 tholicis
1091 2824 1167 2852 elisa.
