1940 3087
191 151 246 184 803

749 139 880 171 ΡΗΟΤΙΙ
900 136 1151 171 PATRIARCIUE
1169 137 1224 168 (ΞΡ.

1753 135 1808 169 ϐω

193 210 253 233 tum
268 206 396 238 nepotem
419 200 511 228 dicere
524 196 722 226 recusaverint.
738 195 796 222 Etsi
810 194 883 221 enim
904 194 974 221 hanc
988 219 990 224 ,

1043 193 1168 238 ἀτῖονται
1184 191 1259 227 φόϐῳ
1273 192 1328 218 τῶν
1340 191 1470 219 εὒσεόῶν·
1493 190 1551 218 ἀλλ’
1566 187 1614 218 οὖν
1625 190 1657 217 τδ
1669 191 1806 226 φρόνημα.

193 257 290 278 vocem
305 249 412 283 piorum
426 249 500 273 metu
514 245 612 275 vitant,
630 247 658 270 at
670 248 780 269 sensum
798 246 897 271 tamen,
913 238 974 274 qui-

194 297 247 323 bus
262 296 297 322 ita
312 294 420 325 docent,
437 290 653 319 subministrant.
665 286 732 314 Nam
746 287 767 314 si
781 286 864 312 Filius
878 292 910 312 ex
924 284 976 311 Pa-

196 348 237 369 tre
264 340 321 368 exit
334 347 383 374 per
402 337 614 373 generationem,
640 333 757 369 Spiritus
774 339 837 359 vero
851 339 884 358 ex
909 330 976 357 Filio

195 394 246 422 per
268 383 470 420 processioucm
484 380 601 411 exsistit,
623 379 703 414 plane
730 378 758 405 in
774 377 880 412 nepotis
902 375 978 403 ordi-

196 439 258 459 nem
274 430 411 457 transibit.
431 429 458 455 Id
474 435 539 455 vero
559 434 611 461 qua
625 425 729 452 ratione
743 423 895 455 ferendum,
917 422 977 457 qui-

196 476 249 503 bus
266 483 338 502 cura;
353 474 388 501 sit
404 477 431 500 ut
450 473 577 508 pietatem
601 471 699 501 colant,
717 473 744 496 et
762 467 978 495 Christianorum

197 528 311 548 numero
321 517 505 546 censeantur?
516 521 562 543 aut
571 514 707 550 quomodo
715 513 816 540 diutius
826 512 979 547 neglectum

197 572 233 592 ne
247 568 386 599 arguatur.
403 570 458 589 non
472 570 519 588 eos
530 561 575 595 qui
589 561 680 592 silent,
697 558 744 585 Dei
760 562 850 585 tamen
867 563 981 583 munere

199 619 282 639 sensu
301 610 405 646 prmditi
421 613 485 636 sunt
498 613 579 642 atque
598 607 692 642 gratiis
709 606 743 633 ad
759 604 937 640 urguendum,
952 603 980 628 in

200 657 350 693 parem,his
365 656 410 690 qui
425 655 624 689 hlasphemant,
646 653 736 680 trahet
750 651 888 678 interitum
901 648 912 674 ?

236 703 269 730 Χ.
291 702 332 729 Tu
347 709 413 729 vero
423 700 500 733 mihi,
517 707 657 726 sacrorum
675 697 814 724 hominum
831 693 982 722 sacratissi-

200 755 255 779 me,
269 746 342 781 quod
356 753 387 773 ex
405 745 511 772 illorum
526 743 643 771 absurda
667 741 794 777 opinione
812 738 925 773 emergit
941 738 983 764 in-

200 792 384 823 commodum,
400 791 438 818 eis
453 791 551 824 objice.
567 789 596 816 Si
611 788 683 815 enim
698 787 779 814 etiam
794 785 910 820 Spiritus
922 791 984 817 pro-

201 839 274 867 cedit
289 838 347 865 Filii
364 837 552 874 generatione,
564 843 595 861 ac
611 833 690 861 simul
699 833 767 860 alter
780 831 889 866 quidem
901 829 985 864 gigni-

201 889 246 914 tur
262 893 269 917 ;
295 885 363 912 alter
384 891 449 910 vero
469 890 502 909 ex
520 890 552 908 eo
571 881 703 916 procedit,
719 879 765 913 qui
781 878 909 913 gignitur,
936 883 983 902 seu

203 930 344 962 nascitur;
362 929 429 956 nihil
447 928 538 955 minus
552 927 633 954 etiam
653 925 780 960 Spiritus,
794 931 874 959 quam
890 922 983 952 Filius,

202 985 235 1005 ex
251 977 329 1004 Patre
346 975 479 1011 gignendo
492 973 628 1009 procedet,
650 971 866 1007 quandoquidem
877 973 986 1005 generat

203 1024 302 1051 Filium
331 1022 429 1054 Pater;
445 1020 563 1055 Spiritus
583 1026 647 1045 vero
664 1025 716 1044 una
729 1024 792 1044 cum
802 1016 870 1043 Filio
894 1022 987 1050 proco-

204 1070 286 1097 dente
299 1076 348 1103 per
364 1066 575 1102 generationem,
594 1063 728 1099 procedit.
743 1062 789 1089 Sin
807 1067 897 1088 autem
915 1059 987 1087 aliud

205 1115 245 1143 eis
272 1121 376 1149 tempus
392 1113 489 1140 Filium
510 1119 542 1138 ex
558 1111 639 1137 Patre
653 1109 788 1145 gignendo
813 1107 987 1142 cogitandum

205 1162 317 1197 ingerit,
332 1159 407 1187 aliud
421 1166 486 1186 vero
501 1157 631 1192 Spiritum
656 1164 689 1183 ex
702 1155 772 1183 Filio
786 1154 933 1189 procedere
947 1153 988 1179 fa-

205 1208 243 1236 cit
260 1206 383 1242 (forsitan
398 1205 471 1232 euim
495 1204 584 1239 ipsum
597 1203 649 1230 hoc
661 1201 746 1237 pressi
759 1200 915 1228 difﬁcultate
931 1198 989 1225 tiu-

207 1254 293 1290 gent),
312 1249 424 1287 prersus
440 1257 550 1278 necesse
567 1249 618 1276 erit
632 1253 662 1275 ut
684 1247 812 1283 Spiritum
824 1246 885 1274 Filii
907 1253 989 1281 gene-

206 1298 313 1326 ratione
329 1296 517 1332 posteriorem,
530 1294 629 1328 illoque
645 1293 781 1327 iuniorem
799 1295 929 1318 statuant.
942 1290 989 1316 Sin

207 1347 299 1371 autem
312 1341 462 1369 manifesta:
480 1340 560 1374 hujus
573 1337 719 1373 impietatis
733 1337 881 1372 periculum
891 1335 990 1363 subve-

208 1395 302 1418 reutes
325 1387 484 1419 resilierint,
502 1385 595 1421 procul
620 1384 703 1412 dubio
715 1384 846 1416 Spiritum
870 1382 990 1418 genitum

208 1444 270 1464 esse
285 1435 362 1462 fateri
381 1438 521 1469 cogentur.

248 1480 293 1507 XI.
312 1479 401 1506 Audio
415 1482 505 1505 autem
524 1477 592 1504 istos
609 1475 738 1503 adversus
758 1473 870 1500 Paulum
881 1472 990 1504 audere,

1025 239 1059 265 δι’
1077 235 1115 265 ὧν
1129 237 1331 273 δογματίζουσι,
1350 237 1508 264 θάλπουσιν.
1528 238 1560 264 El
1572 237 1627 272 γὰρ
1641 238 1656 264 ό
1681 237 1731 272 μὲν
1745 237 1808 268 Υἱὸς

1025 285 1058 310 ἐκ
1073 283 1121 311 τοῦ
1135 284 1241 319 Πατρὸς
1254 284 1297 310 διὰ
1311 285 1462 319 γεννήσεως
1479 283 1597 318 πρόεισι”
1608 283 1640 310 τὸ
1654 282 1767 318 Πνεῦμα
1779 283 1809 310 δὲ

1027 328 1059 353 ὲκ
1071 327 1118 353 τοῦ
1133 327 1198 354 Υίοῦ
1212 327 1245 353 δι’
1260 327 1461 362 ἐκπορεύσεως,
1479 328 1520 358 είς
1534 327 1632 354 υἱωνοῦ
1644 327 1721 360 τάξιν
1732 336 1810 363 περι-

1029 373 1164 408 στήσεται·
1179 373 1295 404 καὶπῶς
1316 373 1349 399 ἂν
1370 373 1414 407 εἴη
1431 372 1510 399 τοῦτο
1529 372 1646 407 φορητὸν
1661 375 1717 404 τοῖς
1733 373 1811 399 εὐσε-

1028 418 1085 445 ϐεῖν
1105 418 1225 453 σπουδὴν
1238 419 1423 453 ποιουμένοις,
1447 418 1495 444 καὶ
1511 418 1550 453 τῷ
1565 418 1620 445 τῶν
1640 418 1811 454 Χριστιανῶν

1029 464 1171 499 καταλόγῳ
1197 464 1440 497 συνεξετάζεσθαι;
1465 465 1482 499 ἢ
1505 464 1564 496 πῶς
1581 465 1627 491 ἐπὶ
1643 464 1711 491 πολὺ
1738 473 1810 500 παρ-

1029 511 1165 546 ορώμενον
1178 510 1372 543 ἀνεξέλεγκτον
1381 510 1410 536 οὐ
1418 509 1586 542 συνελκύσει,
1601 510 1663 541 τοὺς
1679 510 1813 544 σιγῶντας

1031 557 1092 591 μὲν,
1105 556 1150 583 νοῦ
1165 557 1193 582 δὲ
1208 557 1241 582 ἐκ
1253 556 1320 583 Θεοῦ
1337 557 1385 582 καὶ
1399 557 1518 592 χαρίτων
1531 556 1679 592 διελέγχειν
1693 556 1815 583 ἀπολαύ-

1032 609 1140 634 σαντας,
1155 603 1194 633 εἰς
1205 602 1255 637 τὴν
1268 601 1323 629 τῶν
1338 602 1592 637 βλασφημησάντων
1604 602 1759 636 ἀπώλειαν;

1068 691 1095 719 l'.
1118 692 1154 717 Σὺ
1167 691 1195 717 δέ
1208 700 1252 726 μοι
1278 691 1381 726 ἀνδρῶν
1398 691 1478 727 ἱερῶν
1497 691 1639 727 ἱερώτατε,
1660 691 1708 719 καὶ
1733 692 1815 719 τοῦτο

1032 737 1081 772 τῆς
1098 737 1186 764 αὐτῶν
1208 738 1308 764 ἀτόπου
1329 737 1407 773 δόξης
1428 738 1615 772 ἀναφυόμενον
1637 738 1731 769 αὐτοῖς
1751 739 1816 765 ἐπι-

1033 783 1149 810 δείκνυε.
1167 783 1198 809 Εἰ
1220 783 1274 818 γὰρ
1286 785 1321 818 τῇ
1337 784 1383 810 τοῦ
1403 783 1469 810 Υἰοῦ
1492 785 1618 819 γεννήσει
1636 784 1816 819 ἐκπορεύεται

1035 830 1081 855 καὶ
1094 830 1124 856 τὸ
1139 830 1260 865 Πνεῦμα
1277 830 1324 856 καὶ
1340 830 1397 865 ἅμα
1411 831 1425 857 ὁ
1442 830 1502 864 μὲν,
1516 831 1654 864 γεννᾶται·
1670 831 1700 856 τὸ
1713 830 1751 862 δὲ,
1769 831 1816 857 τοῦ
1829 851 1838 856 -

1036 875 1203 909 γεννωμένου
1219 875 1410 909 ἐκπορεύεται,
1422 876 1498 902 οὐδὲν
1508 875 1618 903 ἔλαττον
1631 876 1678 902 τοῦ
1691 876 1756 902 Υἰοῦ
1768 876 1817 902 καὶ

1034 921 1064 946 τὸ
1080 921 1190 955 Πνεῦμα
1212 921 1244 948 ἂν
1263 922 1304 956 εἴη
1321 922 1353 947 ὲκ
1370 921 1416 948 τοῦ
1434 922 1540 957 Πατρὺς
1553 922 1604 956 τὴν
1619 922 1732 957 πρόοδον
1749 922 1815 956 λαμι

1036 967 1115 994 δάνον
1135 967 1179 994 διὰ
1191 968 1358 1002 γεννήσεως”
1381 967 1460 1002 εἴπερ
1475 968 1557 1003 γεννᾷ
1573 969 1621 1002 μὲν
1636 968 1650 993 ό
1665 967 1757 1002 Πατὴρ
1772 967 1818 994 τὸν

1036 1013 1111 1045 Υἱὸν,
1137 1013 1167 1039 τὸ
1184 1013 1296 1048 Πνεῦμα
1307 1013 1336 1039 δὲ
1351 1013 1390 1048 τῷ
1405 1013 1462 1048 Υἱῷ
1475 1013 1520 1040 διὰ
1531 1014 1683 1048 γεννήσεως
1697 1013 1818 1047 προϊόντι

1038 1058 1226 1093 συμπρόεισιν.
1250 1058 1281 1085 Εἰ
1305 1057 1354 1092 μὲν
1369 1058 1422 1092 γὰρ
1439 1057 1519 1088 ἄλλος
1543 1057 1633 1087 αὐτοῖς
1657 1056 1750 1092 καιρὸς
1773 1056 1820 1082 τὸν

1037 1103 1101 1130 Υὶὸν
1113 1105 1146 1129 ὲκ
1159 1103 1206 1130 τοῦ
1219 1103 1324 1139 Πατρδς
1339 1103 1484 1130 ὑποϐάλλει
1499 1104 1533 1138 τῇ
1547 1103 1683 1137 γεννήσει,
1700 1102 1777 1133 ἄλλος
1792 1102 1821 1128 δὲ

1037 1151 1068 1178 τὸ
1087 1150 1200 1186 Πνεῦμα
1221 1151 1253 1177 ἐκ
1274 1150 1322 1177 τοῦ
1345 1149 1410 1177 Υἰοῦ
1429 1151 1502 1176 ποιεῖ
1517 1149 1717 1185 ἐκπορεύεσθαι
1733 1149 1821 1183 (τάχα

1037 1197 1091 1232 γὰρ
1100 1197 1148 1224 καὶ
1154 1196 1233 1223 τοῦτο
1244 1196 1466 1231 συνελαυνόμενοι
1474 1195 1700 1229 ἀναπλάσσουσι,)
1712 1194 1822 1226 πάντως

1038 1245 1068 1270 τὸ
1084 1243 1196 1279 Πνεῦμα
1212 1242 1342 1278 νεώτερον
1358 1243 1408 1276 τῆς
1423 1242 1471 1270 τοῦ
1489 1241 1554 1269 Υιοῦ
1570 1243 1721 1277 γεννήσεως
1735 1241 1821 1274 ἀναγ-

1039 1289 1111 1325 κάσῃ
1131 1288 1346 1323 ὑποστήσασθαι.
1367 1289 1399 1315 Et
1413 1288 1441 1315 δὲ
1458 1287 1558 1324 ταύτης
1583 1288 1633 1322 τῆς
1655 1286 1823 1321 περιφανοῦς

1040 1334 1187 1369 θεομαχίας
1200 1333 1246 1359 τὸν
1260 1332 1381 1359 κίνδυνον
1391 1331 1547 1367 ὑφορῶντες
1558 1331 1766 1365 ἀποστήσονται,
1782 1331 1823 1360 εἰς

1039 1380 1070 1408 τὸ
1088 1379 1216 1415 γεννητὸν
1231 1378 1372 1414 ὁμολογεῖν
1392 1377 1423 1404 τδ
1442 1377 1554 1412 Πνεῦμα
1573 1377 1687 1408 ἑαυτοὺς
1710 1375 1824 1402 συνελά-

1041 1433 1143 1452 σουσιν.

1077 1472 1129 1498 lA'.
1147 1469 1252 1498 Ἀκούω
1268 1470 1297 1497 δὲ
1311 1469 1423 1501 τούτους
1436 1467 1653 1503 Θρασυνομένους
1666 1466 1737 1494 κατὰ
1751 1466 1828 1493 Παύ-
1847 1464 1852 1469 ”

210 1526 386 1559 divinumque
409 1531 471 1551 eum
487 1522 575 1549 virum
591 1526 686 1548 contra
706 1526 879 1547 communem
899 1517 990 1544 Domi-

1043 1517 1089 1544 λου
1103 1517 1150 1543 καὶ
1163 1516 1235 1542 κατὰ
1248 1515 1300 1550 ιτοῦ
1315 1514 1405 1542 κοινοῦ
1426 1514 1561 1541 Δεσπότου
1582 1514 1629 1540 καὶ
1648 1513 1806 1540 διδασκάλου
1817 1532 1826 1544 ,

210 1580 276 1600 num
303 1579 335 1598 ac
347 1570 517 1605 magistrum,
531 1568 642 1596 haeresis
651 1575 707 1594 suae
718 1565 897 1601 patrocinium
918 1564 993 1598 obje-

211 1623 297 1646 ctare.
314 1617 397 1644 Aiunt
407 1616 480 1643 enim
495 1614 606 1647 dixisse,
616 1614 686 1641 Misit
701 1613 769 1639 Deus
781 1611 908 1645 Spin‘tum
928 1609 993 1636 Filii

211 1664 264 1696 sui,
285 1663 444 1690 clamantem
464 1661 492 1687 in
508 1660 628 1687 cordibus
643 1658 749 1691 nostris,
766 1657 849 1689 Abba,
867 1656 948 1684 Pater
960 1656 992 1683 ³³.

214 1710 268 1738 Sed
283 1709 333 1741 illi,
347 1709 392 1744 qui
405 1707 495 1735 verbis
510 1706 569 1734 istis
583 1705 703 1740 Apostoli
722 1712 797 1731 suam
817 1711 846 1731 se
862 1702 994 1730 inscitiam

214 1755 376 1784 continuare
401 1752 568 1783 existimant,
586 1751 650 1778 illud
671 1750 807 1781 noverint,
820 1749 919 1784 quibus
943 1748 994 1775 sibi

213 1801 264 1830 niti
290 1800 417 1828 videntur
431 1797 549 1834 Apostoli
566 1796 718 1828 sententiis,
734 1795 828 1822 iisdem
842 1794 926 1830 magis
952 1801 996 1821 er-

214 1852 276 1872 rare
296 1845 370 1879 ipsos
385 1842 470 1878 argui.
487 1841 547 1870 Non
558 1841 630 1868 enim
644 1848 685 1873 ea,
707 1848 766 1875 qua:
783 1840 882 1866 Paulus
906 1840 995 1869 docet,

215 1899 248 1919 ac
262 1890 400 1926 prmdicat,
417 1889 482 1916 vitio
496 1888 627 1915 vertimus
644 1896 650 1914 :
669 1887 716 1914 sed
730 1894 781 1920 qua
796 1885 902 1913 divinas
925 1885 997 1912 illius

215 1944 297 1965 voces
307 1937 465 1971 depravant,
484 1933 719 1969 reprehendimus.
736 1932 770 1959 Et
785 1931 913 1966 quoniam
937 1938 998 1965 qure

216 1988 268 2009 nec
281 1980 350 2007 dixit
364 1987 480 2014 unquam
497 1978 549 2009 ille.
563 1986 614 2005 nec
631 1982 660 2004 ut
677 1977 781 2004 diceret
796 1975 820 2003 ei
836 1976 864 2002 in
878 1980 996 2009 mentem

216 2026 301 2058 vertit,
326 2026 360 2052 ad
381 2025 439 2059 ejus
452 2023 614 2051 calumniam
640 2021 810 2057 impudenter
834 2021 997 2048 adducunt:

216 2079 305 2106 eaque
329 2070 434 2097 ratione
456 2069 557 2104 justam
578 2068 604 2094 iu
627 2067 730 2102 seipsos
751 2062 1000 2101 deprehenduntur

218 2118 290 2146 ferre
314 2114 496 2144 damnationis
525 2113 697 2145 sententiam.
719 2112 777 2138 Filii
806 2111 888 2147 igitur
914 2111 1000 2145 Spiri-

221 2169 277 2191 tum
296 2162 338 2190 vir
365 2162 408 2188 ille
424 2160 493 2188 caelo
508 2159 644 2192 sublimis,
671 2165 686 2184 a
701 2158 780 2185 Patre
799 2157 913 2183 missum
940 2162 1000 2183 esse

1042 1563 1088 1590 τὸν
1107 1562 1178 1589 θεῖον
1199 1561 1305 1589 Παῦλον
1320 1562 1359 1592 είς
1383 1560 1548 1596 συνηγορίαν
1567 1559 1618 1594 τῆς
1640 1559 1743 1589 οἰκείας
1758 1567 1829 1593 προ-

1044 1608 1225 1643 ϐαλλομένους
1242 1607 1385 1642 αἱρέσεως.
1408 1605 1621 1637 Ἐξαπέστεὶλε
1642 1605 1695 1640 γὰρ
1707 1624 1716 1636 ,
1733 1604 1827 1638 φασὶν,

1044 1653 1138 1687 εἶπεν,
1155 1655 1172 1681 ὁ
1186 1653 1258 1686 Θεὸς
1270 1653 1302 1680 τὸ
1318 1652 1438 1686 Πνεῦμα
1448 1651 1503 1678 τοῦ
1529 1651 1595 1678 Υιοῦ
1611 1650 1704 1678 αὐτοῦ
1720 1649 1830 1683 κράζον-

1045 1700 1080 1727 ὲν
1093 1699 1157 1732 ταῖς
1171 1698 1303 1732 καρδίαις
1317 1695 1503 1732 τυιῶν,“Αϐὀ⁹ᾶ
1519 1697 1535 1723 ό
1550 1695 1651 1729 Πατήρ
1662 1703 1670 1710 ο
1680 1694 1739 1721 ἀλλ’
1753 1694 1781 1720 οἴ
1795 1702 1830 1728 γε

1045 1746 1124 1772 τοῦτο
1141 1745 1170 1771 τὸ
1187 1745 1269 1780 ῥητὸν
1284 1743 1333 1779 τὴν
1351 1743 1455 1769 οἰκείαν
1480 1741 1635 1777 κρατύνειν.
1648 1740 1766 1775 ἀμαθίαν
1783 1748 1831 1766 νο-

1049 1791 1182 1825 μίζοντες,
1198 1791 1285 1816 ἐκεῖνο
1299 1789 1518 1823 γινωσκέτωσαν,
1537 1788 1574 1820 ὡς
1593 1789 1621 1814 ὲν
1640 1785 1690 1819 οἷς,
1708 1787 1765 1818 τοῖς
1780 1786 1830 1813 τοῦ

1048 1837 1155 1864 Παύλου
1172 1837 1264 1872 ῥητοῖς
1284 1834 1520 1870 ὑπολαμϐάνουσιν
1543 1833 1747 1868 ἐπερείδεσοαι,
1765 1833 1831 1860 ἑαυ-

1046 1884 1109 1914 τοὺς
1136 1882 1235 1918 μᾶλλον
1259 1881 1466 1916 ἁμαρτάνοντας
1489 1880 1685 1914 ἐξελέγχουσιν.
1712 1879 1749 1906 Ού
1775 1880 1831 1913 γὰρ

1047 1930 1144 1960 αὐτοὺς
1162 1930 1191 1955 ὲν
1206 1926 1247 1960 οἷς
1269 1926 1401 1963 κηρύσσει
1423 1926 1529 1958 Παῦλος
1555 1926 1735 1961 μεμφόμεθα·
1761 1926 1835 1953 ἀλλα

1048 1974 1082 2001 δι’
1095 1971 1133 2001 ὧν
1147 1973 1196 2005 τὰς
1211 1973 1315 1999 ἐκείνου
1333 1971 1527 2002 θεοπνεύστους
1541 1970 1632 2005 φωνὰς
1648 1972 1834 2006 παραχαράττ-

1050 2028 1141 2048 σουσιν
1154 2018 1315 2053 αἱπιώμεθα·
1329 2018 1375 2044 καὶ
1388 2017 1509 2051 διότιπερ
1523 2016 1541 2043 ἂ
1555 2017 1623 2052 μήτε
1635 2015 1711 2043 εἶπεν
1737 2017 1834 2048 αὐτος,

1051 2068 1121 2102 μήτε
1138 2066 1203 2092 ποτε
1220 2064 1378 2099 ἐνενόησεν,
1396 2064 1436 2094 είς
1462 2063 1628 2100 κατηγορίαν
1651 2063 1733 2089 αὑτοῦ
1755 2065 1836 2090 ἀναι-

1051 2114 1194 2149 σχυντοῦσι
1207 2111 1384 2148 προκομίζειν
1393 2119 1399 2125 ·
1411 2111 1454 2138 διὰ
1466 2110 1544 2137 τοῦτο
1557 2110 1665 2137 δικαίαν
1679 2111 1755 2138 αὐτοὶ
1769 2111 1836 2138 καθ’

1051 2158 1154 2188 ἑαυτῶν
1170 2159 1324 2186 ἁλίσκονται
1339 2157 1387 2192 τὴν
1403 2156 1575 2191 κατάγνωσιν
1591 2157 1777 2193 ἐπιφέροντες.
1796 2159 1838 2185 Τὸ
1857 2176 1864 2180 -

217 2210 296 2238 dixit.
320 2208 407 2235 Dicito
420 2211 448 2234 et
471 2211 499 2233 lu
514 2205 636 2234 eamdem
649 2213 681 2232 ac
701 2203 800 2231 Paulus
816 2211 920 2230 vocem.
953 2203 989 2229 Es

1053 2206 1165 2241 Πνεῦμα
1177 2206 1266 2232 τοίνυν
1278 2204 1325 2231 τοῦ
1338 2203 1405 2231 Υἰοῦ
1415 2204 1429 2230 ὁ
1445 2203 1591 2238 μετάρσιος
1604 2203 1746 2238 ἄνθρωπος
1759 2203 1837 2237 λέγει

218 2255 291 2284 enim
305 2254 363 2282 Filii
376 2254 509 2288 Spiritus;
522 2260 585 2279 nam
602 2259 652 2279 nec
665 2251 779 2284 alienus,
791 2258 841 2278 nec
854 2249 1001 2285 pugnantia

219 2301 349 2337 loquitur,
364 2305 411 2328 aut
422 2300 448 2326 ei
460 2298 594 2326 contraria
606 2297 712 2325 sancire
726 2296 801 2324 visus
814 2300 855 2323 est
865 2302 999 2330 unquam:

219 2348 266 2376 sed
280 2347 342 2382 quia
356 2347 426 2374 sicut
436 2345 557 2380 ejusdem
571 2343 696 2371 essentia:
711 2350 742 2370 ac
758 2341 866 2369 virtutis
880 2346 954 2372 sunt,
964 2341 1001 2368 ita

218 2394 341 2429 ejusdem
365 2399 472 2427 quoque
496 2390 602 2418 consilii
618 2398 650 2417 ac
667 2389 825 2419 voluntatis.
850 2387 1001 2422 eodemque

220 2439 345 2468 similiter
356 2438 436 2466 modo
446 2437 479 2464 ad
492 2444 574 2464 unum
590 2436 746 2463 referuntur
761 2435 824 2469 (qua
845 2434 912 2461 alter
922 2437 1003 2460 natus

221 2490 274 2518 est,
288 2485 356 2512 alter
370 2483 523 2520 processit).
545 2482 604 2510 Filii
620 2482 749 2517 Spiritum
773 2479 949 2514 nuncupavit.
962 2479 1002 2506 lta

222 2531 249 2558 hi
263 2538 371 2566 quoque
384 2531 528 2565 loquantur
545 2538 551 2555 :
575 2528 720 2562 nullusque
742 2526 795 2553 erit
806 2526 851 2560 qui
868 2526 1002 2552 haereseos

223 2577 371 2606 insimulet.
384 2575 442 2602 Non
459 2575 535 2606 dixit,
553 2574 672 2601 Procedit
689 2581 705 2599 a
725 2571 793 2599 Filio
810 2580 819 2598 :
834 2571 906 2607 quod
920 2571 941 2599 si
956 2572 1002 2606 qui

222 2623 324 2655 dicant,
334 2629 394 2648 cum
410 2619 483 2646 Pauli
496 2619 624 2647 doctrinm
642 2617 732 2652 injurii
745 2621 818 2650 sunt,
832 2622 888 2644 tum
900 2625 929 2643 se
943 2616 1003 2652 opi-

221 2668 313 2696 nionis
328 2666 461 2694 hazreticze
471 2673 532 2692 reos
545 2663 724 2692 constituunt.
741 2662 787 2690 Sin
799 2667 888 2690 autem
903 2663 1003 2690 idcirco

221 2710 295 2750 quod
314 2713 412 2741 dicitur
436 2710 549 2746 Spiritus
569 2709 645 2741 Filii,
663 2708 744 2736 etiam
768 2708 915 2743 procedere
940 2715 1003 2735 eum

260 2857 282 2872 "
295 2856 354 2884 Gal.
370 2865 407 2889 tv,
423 2857 449 2884 6.

1053 2252 1220 2281 ἀπεστάλθαι
1235 2251 1311 2287 παρὰ
1329 2250 1376 2278 τοῦ
1391 2249 1507 2284 Πατρός·
1531 2250 1595 2283 λέγε
1611 2250 1659 2276 καὶ
1676 2250 1709 2276 σὺ
1722 2250 1773 2285 τὴν
1786 2251 1838 2276 αῦ-

1052 2299 1102 2334 τὴν
1126 2298 1165 2333 τῷ
1188 2297 1287 2332 Παύλῳ
1311 2296 1413 2331 φωνήν.
1434 2295 1511 2321 Ἐστι
1532 2296 1586 2330 γὰρ
1602 2294 1632 2322 τὸ
1651 2295 1762 2330 Πνεῦμα
1786 2295 1838 2322 τοῦ

1053 2343 1136 2377 Υίοῦ,
1160 2344 1222 2370 ἐπεὶ
1238 2342 1298 2378 μηδ’
1322 2341 1478 2376 ἀλλότριον,
1504 2340 1566 2376 μηδ’
1589 2341 1840 2376 ἁντιφθεγγόμενον

1053 2391 1139 2426 αὐτῷ,
1166 2389 1227 2425 μηδ’
1253 2387 1476 2423 ἀντινομοθετοῦν
1503 2385 1582 2421 ὤφθη
1610 2387 1689 2413 ποτέ·
1711 2387 1770 2414 ἀλλ’
1794 2388 1840 2414 ὅτι

1053 2436 1147 2470 ὥσπερ
1165 2435 1215 2469 τῆς
1233 2433 1317 2467 αὐτῆς
1338 2432 1432 2463 οὐσίας
1449 2431 1495 2458 κοιλ¹
1521 2431 1678 2466 δυνάμεως,
1702 2432 1774 2459 οὕτω
1790 2435 1842 2459 καὶ

1053 2482 1105 2517 τῆς
1129 2482 1214 2515 αὐτῆς
1244 2479 1341 2515 βουλῆς
1368 2478 1415 2505 καὶ
1443 2477 1574 2512 γνώμης,
1604 2478 1652 2504 καὶ
1675 2478 1725 2513 τῆς
1750 2479 1841 2513 αὐτῆς

1054 2527 1153 2563 ὁμοίως
1168 2526 1235 2561 πρὸς
1250 2525 1280 2551 τὺ
1293 2524 1333 2551 ἓν·
1350 2524 1378 2556 ἐξ
1391 2520 1433 2557 οῦ,
1449 2523 1480 2549 τὺ
1494 2524 1553 2559 μὲν,
1566 2524 1737 2558 γεγέννηται·
1752 2525 1783 2551 τὸ
1796 2525 1841 2554 δὲ,

1054 2571 1231 2607 ὲξεπορεύῦη,
1247 2569 1424 2601 συννεύσεως,
1441 2566 1518 2595 εἶπεν
1532 2567 1602 2595 εἶναι
1617 2569 1648 2595 τὺ
1665 2569 1775 2604 Πνεῦμα
1787 2570 1842 2596 τοῦ

1055 2617 1131 2645 Υίοῦ.
1145 2615 1223 2643 Οὕτω
1234 2615 1354 2642 κάκεῖνοι
1367 2614 1532 2648 λεγέτωσαν·
1546 2614 1633 2646 οὐδεὶς
1645 2615 1744 2646 αὐτοὺς
1760 2615 1842 2650 αἱρέ-

1056 2672 1124 2693 eam;
1139 2663 1152 2688 ὁ
1168 2661 1350 2697 γραφόμενος.
1366 2660 1422 2686 υὺκ
1439 2658 1515 2686 εἶπεν
1525 2680 1532 2692 ,
1557 2660 1765 2694 Ἐκπιτρεύεται
1783 2661 1843 2687 τοῦ

1030 2733 1032 2735 ,
1060 2708 1143 2735 Υἱοῦ’
1159 2707 1191 2734 ἂν
1207 2706 1285 2732 τοῦτό
1301 2714 1372 2736 τινες
1394 2705 1510 2739 λέγωσι,
1527 2705 1574 2732 καὶ
1596 2705 1644 2740 τὴν
1668 2705 1776 2732 Παύλου
1798 2707 1844 2731 δε-

223 2759 379 2788 cxistimant
389 2779 397 2791 ,
413 2758 520 2784 Patrem
535 2762 642 2791 quoque
666 2762 699 2782 ex
710 2754 778 2781 Filio
793 2753 940 2788 procedere
954 2753 1002 2780 do-
1019 2779 1033 2784 _

1054 2752 1201 2781 δασκαλίαν
1224 2751 1365 2788 ὑϐρίζουσι
1378 2771 1386 2784 ,
1409 2751 1455 2778 καὶ
1476 2750 1555 2786 δόξης
1575 2750 1715 2786 αίρετικῆς
1737 2751 1845 2785 αὐτοὺς
