  <div class='ocr_page' id='page_1' title='image "/cluster/home/n/w/nwhite01/storage/ocr_20150623/102/njp.32101010943874/424.png"; bbox 0 0 1940 3087; ppageno 0'>
   <div class='ocr_carea' id='block_1_1' title="bbox 125 114 177 146">
    <p class='ocr_par' dir='ltr' id='par_1_1' title="bbox 125 114 177 146">
     <span class='ocr_line' id='line_1_1' title="bbox 125 114 177 146; baseline 0 0"><span class='ocrx_word' id='word_1_1' title='bbox 125 114 177 146; x_wconf 82' lang='grc'><strong>805</strong></span> 
     </span>
    </p>
   </div>
   <div class='ocr_carea' id='block_1_2' title="bbox 692 109 1137 142">
    <p class='ocr_par' dir='ltr' id='par_1_2' title="bbox 692 109 1137 142">
     <span class='ocr_line' id='line_1_2' title="bbox 692 109 1137 142; baseline -0.004 0"><span class='ocrx_word' id='word_1_2' title='bbox 692 109 961 142; x_wconf 84' lang='lat' dir='ltr'><strong>EPISTOLARUM</strong></span> <span class='ocrx_word' id='word_1_3' title='bbox 976 110 1093 141; x_wconf 81' lang='lat' dir='ltr'>LIBER</span> <span class='ocrx_word' id='word_1_4' title='bbox 1110 110 1137 141; x_wconf 90' lang='grc' dir='ltr'><strong>Ῑ.</strong></span> 
     </span>
    </p>
   </div>
   <div class='ocr_carea' id='block_1_3' title="bbox 1679 109 1732 142">
    <p class='ocr_par' dir='ltr' id='par_1_3' title="bbox 1679 109 1732 142">
     <span class='ocr_line' id='line_1_3' title="bbox 1679 109 1732 142; baseline 0 0"><span class='ocrx_word' id='word_1_5' title='bbox 1679 109 1732 142; x_wconf 88' lang='grc'><strong>806</strong></span> 
     </span>
    </p>
   </div>
   <div class='ocr_carea' id='block_1_4' title="bbox 124 164 912 203">
    <p class='ocr_par' dir='ltr' id='par_1_4' title="bbox 124 165 902 203">
     <span class='ocr_line' id='line_1_4' title="bbox 124 165 902 203; baseline -0.003 -9"><span class='ocrx_word' id='word_1_6' title='bbox 124 168 230 203; x_wconf 76' lang='grc' dir='ltr'>ἐνοχους</span> <span class='ocrx_word' id='word_1_7' title='bbox 243 166 421 194; x_wconf 79' lang='grc' dir='ltr'>δεικνύουσιν.</span> <span class='ocrx_word' id='word_1_8' title='bbox 448 166 480 194; x_wconf 83' lang='lat' dir='ltr'><strong>Ei</strong></span> <span class='ocrx_word' id='word_1_9' title='bbox 496 166 520 193; x_wconf 74' lang='grc' dir='ltr'><strong>δ’</strong></span> <span class='ocrx_word' id='word_1_10' title='bbox 535 166 577 193; x_wconf 80' lang='grc' dir='ltr'>ὅτι</span> <span class='ocrx_word' id='word_1_11' title='bbox 599 165 709 200; x_wconf 79' lang='grc' dir='ltr'>λέγεται</span> <span class='ocrx_word' id='word_1_12' title='bbox 723 166 757 192; x_wconf 77' lang='grc' dir='ltr'>τὸ</span> <span class='ocrx_word' id='word_1_13' title='bbox 781 165 902 199; x_wconf 77' lang='grc' dir='ltr'><strong>Πνεῦμα</strong></span> 
     </span>
    </p>
   </div>
   <div class='ocr_carea' id='block_1_5' title="bbox 963 164 1732 203">
    <p class='ocr_par' dir='ltr' id='par_1_5' title="bbox 963 164 1732 200">
     <span class='ocr_line' id='line_1_5' title="bbox 963 164 1732 200; baseline 0.003 -8"><span class='ocrx_word' id='word_1_14' title='bbox 963 165 1062 193; x_wconf 87' lang='lat' dir='ltr'><strong>:ebunt.</strong></span> <span class='ocrx_word' id='word_1_15' title='bbox 1088 165 1194 200; x_wconf 86' lang='lat' dir='ltr'><strong>Ubique</strong></span> <span class='ocrx_word' id='word_1_16' title='bbox 1210 165 1283 193; x_wconf 88' lang='lat' dir='ltr'><strong>enim</strong></span> <span class='ocrx_word' id='word_1_17' title='bbox 1307 165 1385 193; x_wconf 87' lang='lat' dir='ltr'><strong>Pater</strong></span> <span class='ocrx_word' id='word_1_18' title='bbox 1408 164 1469 193; x_wconf 83' lang='lat' dir='ltr'><strong>Filii</strong></span> <span class='ocrx_word' id='word_1_19' title='bbox 1484 165 1732 200; x_wconf 85' lang='lat' dir='ltr'><strong>dieitur;multos-</strong></span> 
     </span>
    </p>
   </div>
   <div class='ocr_carea' id='block_1_6' title="bbox 123 210 904 245">
    <p class='ocr_par' dir='ltr' id='par_1_6' title="bbox 123 210 904 245">
     <span class='ocr_line' id='line_1_6' title="bbox 123 210 904 245; baseline -0.005 -6"><span class='ocrx_word' id='word_1_20' title='bbox 123 212 177 239; x_wconf 88' lang='grc' dir='ltr'>τοῦ</span> <span class='ocrx_word' id='word_1_21' title='bbox 197 211 265 239; x_wconf 83' lang='grc' dir='ltr'><strong>Υιοῦ</strong></span> <span class='ocrx_word' id='word_1_22' title='bbox 274 232 282 244; x_wconf 83' lang='grc'><strong>,</strong></span> <span class='ocrx_word' id='word_1_23' title='bbox 296 211 341 238; x_wconf 81' lang='grc' dir='ltr'><strong>διὰ</strong></span> <span class='ocrx_word' id='word_1_24' title='bbox 358 210 437 237; x_wconf 78' lang='grc' dir='ltr'>τοῦτο</span> <span class='ocrx_word' id='word_1_25' title='bbox 449 210 628 245; x_wconf 72' lang='grc' dir='ltr'><strong>φαντάζονται</strong></span> <span class='ocrx_word' id='word_1_26' title='bbox 648 210 695 236; x_wconf 76' lang='grc' dir='ltr'>καὶ</span> <span class='ocrx_word' id='word_1_27' title='bbox 709 210 739 236; x_wconf 80' lang='grc' dir='ltr'><strong>τὸ</strong></span> <span class='ocrx_word' id='word_1_28' title='bbox 752 210 904 245; x_wconf 83' lang='grc' dir='ltr'>ἐκπορεύε-</span> 
     </span>
    </p>
   </div>
   <div class='ocr_carea' id='block_1_7' title="bbox 125 255 904 291">
    <p class='ocr_par' dir='ltr' id='par_1_7' title="bbox 125 255 904 291">
     <span class='ocr_line' id='line_1_7' title="bbox 125 255 904 291; baseline -0.004 -7"><span class='ocrx_word' id='word_1_29' title='bbox 125 257 205 284; x_wconf 83' lang='grc' dir='ltr'>σθαι·</span> <span class='ocrx_word' id='word_1_30' title='bbox 228 257 274 283; x_wconf 75' lang='grc' dir='ltr'><strong>καὶ</strong></span> <span class='ocrx_word' id='word_1_31' title='bbox 294 257 339 283; x_wconf 79' lang='grc' dir='ltr'><strong>τὸν</strong></span> <span class='ocrx_word' id='word_1_32' title='bbox 353 257 463 291; x_wconf 77' lang='grc' dir='ltr'><strong>Πατέρα</strong></span> <span class='ocrx_word' id='word_1_33' title='bbox 476 256 523 282; x_wconf 78' lang='grc' dir='ltr'>τοῦ</span> <span class='ocrx_word' id='word_1_34' title='bbox 545 256 611 282; x_wconf 83' lang='grc' dir='ltr'><strong>Υἱοῦ</strong></span> <span class='ocrx_word' id='word_1_35' title='bbox 631 255 842 290; x_wconf 80' lang='grc' dir='ltr'>δογματίσουσιν</span> <span class='ocrx_word' id='word_1_36' title='bbox 859 255 904 281; x_wconf 82' lang='grc' dir='ltr'><strong>ὲκ-</strong></span> 
     </span>
    </p>
   </div>
   <div class='ocr_carea' id='block_1_8' title="bbox 125 300 904 338">
    <p class='ocr_par' dir='ltr' id='par_1_8' title="bbox 125 300 904 338">
     <span class='ocr_line' id='line_1_8' title="bbox 125 300 904 338; baseline -0.003 -9"><span class='ocrx_word' id='word_1_37' title='bbox 125 303 299 338; x_wconf 85' lang='grc' dir='ltr'>πορεύεσθαι.</span> <span class='ocrx_word' id='word_1_38' title='bbox 321 303 436 337; x_wconf 79' lang='grc' dir='ltr'><strong>Λέγεται</strong></span> <span class='ocrx_word' id='word_1_39' title='bbox 456 302 510 337; x_wconf 88' lang='grc' dir='ltr'>γὰρ</span> <span class='ocrx_word' id='word_1_40' title='bbox 538 302 552 327; x_wconf 85' lang='grc' dir='ltr'>ὁ</span> <span class='ocrx_word' id='word_1_41' title='bbox 576 302 671 337; x_wconf 83' lang='grc' dir='ltr'>Πατὴρ</span> <span class='ocrx_word' id='word_1_42' title='bbox 695 300 833 336; x_wconf 82' lang='grc' dir='ltr'><strong>πανταχοῦ</strong></span> <span class='ocrx_word' id='word_1_43' title='bbox 857 300 904 327; x_wconf 86' lang='grc' dir='ltr'>τοῦ</span> 
     </span>
    </p>
   </div>
   <div class='ocr_carea' id='block_1_9' title="bbox 125 345 905 381">
    <p class='ocr_par' dir='ltr' id='par_1_9' title="bbox 125 345 905 381">
     <span class='ocr_line' id='line_1_9' title="bbox 125 345 905 381; baseline -0.003 -8"><span class='ocrx_word' id='word_1_44' title='bbox 125 347 202 374; x_wconf 77' lang='grc' dir='ltr'>Υιοῦ.</span> <span class='ocrx_word' id='word_1_45' title='bbox 225 348 280 374; x_wconf 85' lang='grc' dir='ltr'><strong>Καὶ</strong></span> <span class='ocrx_word' id='word_1_46' title='bbox 297 347 412 379; x_wconf 77' lang='grc' dir='ltr'>πολλοὺς</span> <span class='ocrx_word' id='word_1_47' title='bbox 428 347 451 374; x_wconf 81' lang='grc' dir='ltr'><strong>δ’</strong></span> <span class='ocrx_word' id='word_1_48' title='bbox 465 348 500 374; x_wconf 85' lang='grc' dir='ltr'>ἃν</span> <span class='ocrx_word' id='word_1_49' title='bbox 514 347 539 373; x_wconf 78' lang='grc' dir='ltr'><strong>οἱ</strong></span> <span class='ocrx_word' id='word_1_50' title='bbox 556 346 672 373; x_wconf 83' lang='grc' dir='ltr'>τοιοῦτοι</span> <span class='ocrx_word' id='word_1_51' title='bbox 687 345 836 381; x_wconf 79' lang='grc' dir='ltr'>προϐολέας</span> <span class='ocrx_word' id='word_1_52' title='bbox 858 345 905 372; x_wconf 84' lang='grc' dir='ltr'><strong>καὶ</strong></span> 
     </span>
    </p>
   </div>
   <div class='ocr_carea' id='block_1_10' title="bbox 126 391 905 428">
    <p class='ocr_par' dir='ltr' id='par_1_10' title="bbox 126 391 905 428">
     <span class='ocr_line' id='line_1_10' title="bbox 126 391 905 428; baseline -0.003 -9"><span class='ocrx_word' id='word_1_53' title='bbox 126 393 199 420; x_wconf 81' lang='grc' dir='ltr'>αἴτια</span> <span class='ocrx_word' id='word_1_54' title='bbox 212 393 258 420; x_wconf 78' lang='grc' dir='ltr'>τοῦ</span> <span class='ocrx_word' id='word_1_55' title='bbox 273 393 430 427; x_wconf 79' lang='grc' dir='ltr'>Πνεύματος</span> <span class='ocrx_word' id='word_1_56' title='bbox 442 393 648 428; x_wconf 82' lang='grc' dir='ltr'>ὑποστήσονται.</span> <span class='ocrx_word' id='word_1_57' title='bbox 665 392 781 425; x_wconf 80' lang='grc' dir='ltr'><strong>Λέγεται</strong></span> <span class='ocrx_word' id='word_1_58' title='bbox 792 391 846 426; x_wconf 83' lang='grc' dir='ltr'>γὰρ</span> <span class='ocrx_word' id='word_1_59' title='bbox 861 391 905 418; x_wconf 75' lang='lat'><strong>06—</strong></span> 
     </span>
    </p>
   </div>
   <div class='ocr_carea' id='block_1_11' title="bbox 126 436 906 472">
    <p class='ocr_par' dir='ltr' id='par_1_11' title="bbox 126 436 906 472">
     <span class='ocr_line' id='line_1_11' title="bbox 126 436 906 472; baseline -0.001 -9"><span class='ocrx_word' id='word_1_60' title='bbox 126 438 168 464; x_wconf 79' lang='grc' dir='ltr'>δὲν</span> <span class='ocrx_word' id='word_1_61' title='bbox 178 438 303 469; x_wconf 78' lang='grc' dir='ltr'>ἔλαττον,</span> <span class='ocrx_word' id='word_1_62' title='bbox 317 438 365 463; x_wconf 83' lang='lat' dir='ltr'><strong>xui</strong></span> <span class='ocrx_word' id='word_1_63' title='bbox 378 437 473 471; x_wconf 81' lang='grc' dir='ltr'>σοφίας</span> <span class='ocrx_word' id='word_1_64' title='bbox 492 436 612 472; x_wconf 80' lang='grc' dir='ltr'><strong>Πνεῦμα,</strong></span> <span class='ocrx_word' id='word_1_65' title='bbox 629 437 678 463; x_wconf 81' lang='lat' dir='ltr'><strong>xui</strong></span> <span class='ocrx_word' id='word_1_66' title='bbox 698 437 836 470; x_wconf 83' lang='grc' dir='ltr'>γνώσεως,</span> <span class='ocrx_word' id='word_1_67' title='bbox 858 436 906 462; x_wconf 69' lang='grc' dir='ltr'><strong>καὶ</strong></span> 
     </span>
    </p>
   </div>
   <div class='ocr_carea' id='block_1_12' title="bbox 126 480 905 519">
    <p class='ocr_par' dir='ltr' id='par_1_12' title="bbox 126 480 905 519">
     <span class='ocr_line' id='line_1_12' title="bbox 126 480 905 519; baseline -0.001 -9"><span class='ocrx_word' id='word_1_68' title='bbox 126 484 277 518; x_wconf 81' lang='grc' dir='ltr'>δυνάμεως,</span> <span class='ocrx_word' id='word_1_69' title='bbox 300 484 347 510; x_wconf 75' lang='grc' dir='ltr'>καὶ</span> <span class='ocrx_word' id='word_1_70' title='bbox 370 483 500 510; x_wconf 81' lang='grc' dir='ltr'><strong>τοιούτων</strong></span> <span class='ocrx_word' id='word_1_71' title='bbox 519 483 678 519; x_wconf 83' lang='grc' dir='ltr'>θεοπρεπῶν</span> <span class='ocrx_word' id='word_1_72' title='bbox 694 483 791 509; x_wconf 81' lang='grc' dir='ltr'>ἄλλων.</span> <span class='ocrx_word' id='word_1_73' title='bbox 807 483 839 509; x_wconf 75' lang='grc' dir='ltr'><strong>Εἰ</strong></span> <span class='ocrx_word' id='word_1_74' title='bbox 858 480 905 509; x_wconf 82' lang='grc' dir='ltr'>οὖν</span> 
     </span>
    </p>
   </div>
   <div class='ocr_carea' id='block_1_13' title="bbox 126 529 906 564">
    <p class='ocr_par' dir='ltr' id='par_1_13' title="bbox 126 529 906 564">
     <span class='ocr_line' id='line_1_13' title="bbox 126 529 906 564; baseline -0.001 -8"><span class='ocrx_word' id='word_1_75' title='bbox 126 530 190 556; x_wconf 82' lang='grc' dir='ltr'>διότι</span> <span class='ocrx_word' id='word_1_76' title='bbox 213 531 315 556; x_wconf 84' lang='grc' dir='ltr'>τούτων</span> <span class='ocrx_word' id='word_1_77' title='bbox 331 529 360 555; x_wconf 73' lang='grc' dir='ltr'>τὸ</span> <span class='ocrx_word' id='word_1_78' title='bbox 379 529 491 564; x_wconf 81' lang='grc' dir='ltr'>Πνεῦμα</span> <span class='ocrx_word' id='word_1_79' title='bbox 513 530 621 563; x_wconf 79' lang='grc' dir='ltr'>λέγεται</span> <span class='ocrx_word' id='word_1_80' title='bbox 634 548 642 560; x_wconf 86' lang='grc'><strong>,</strong></span> <span class='ocrx_word' id='word_1_81' title='bbox 656 529 700 555; x_wconf 84' lang='grc' dir='ltr'><strong>διὰ</strong></span> <span class='ocrx_word' id='word_1_82' title='bbox 715 529 795 555; x_wconf 81' lang='grc' dir='ltr'>τοῦτο</span> <span class='ocrx_word' id='word_1_83' title='bbox 810 529 856 555; x_wconf 77' lang='grc' dir='ltr'><strong>καὶ</strong></span> <span class='ocrx_word' id='word_1_84' title='bbox 876 529 906 561; x_wconf 78' lang='grc' dir='ltr'><strong>ἐξ</strong></span> 
     </span>
    </p>
   </div>
   <div class='ocr_carea' id='block_1_14' title="bbox 126 574 906 610">
    <p class='ocr_par' dir='ltr' id='par_1_14' title="bbox 126 574 906 610">
     <span class='ocr_line' id='line_1_14' title="bbox 126 574 906 610; baseline -0.003 -8"><span class='ocrx_word' id='word_1_85' title='bbox 126 576 217 603; x_wconf 81' lang='grc' dir='ltr'>αὐτῶν</span> <span class='ocrx_word' id='word_1_86' title='bbox 240 575 402 602; x_wconf 82' lang='grc' dir='ltr'><strong>ἀπαιτοῦσιν</strong></span> <span class='ocrx_word' id='word_1_87' title='bbox 423 575 630 610; x_wconf 77' lang='grc' dir='ltr'><strong>ἐκπορεύεσθαι,</strong></span> <span class='ocrx_word' id='word_1_88' title='bbox 646 575 712 610; x_wconf 83' lang='grc' dir='ltr'>ὁρᾷν</span> <span class='ocrx_word' id='word_1_89' title='bbox 731 575 804 601; x_wconf 75' lang='grc' dir='ltr'>ἐστιν</span> <span class='ocrx_word' id='word_1_90' title='bbox 817 574 906 601; x_wconf 78' lang='grc' dir='ltr'>αὐτῶν</span> 
     </span>
    </p>
   </div>
   <div class='ocr_carea' id='block_1_15' title="bbox 126 619 907 657">
    <p class='ocr_par' dir='ltr' id='par_1_15' title="bbox 126 619 907 657">
     <span class='ocr_line' id='line_1_15' title="bbox 126 619 907 657; baseline -0.001 -9"><span class='ocrx_word' id='word_1_91' title='bbox 126 622 156 649; x_wconf 82' lang='grc' dir='ltr'><strong>τὸ</strong></span> <span class='ocrx_word' id='word_1_92' title='bbox 173 622 254 656; x_wconf 81' lang='grc' dir='ltr'>σοφὸν</span> <span class='ocrx_word' id='word_1_93' title='bbox 266 623 316 657; x_wconf 84' lang='grc' dir='ltr'><strong>τῆς</strong></span> <span class='ocrx_word' id='word_1_94' title='bbox 327 622 457 654; x_wconf 73' lang='grc' dir='ltr'>ἐπινοίας,</span> <span class='ocrx_word' id='word_1_95' title='bbox 470 623 509 652; x_wconf 84' lang='grc' dir='ltr'><strong>εἰς</strong></span> <span class='ocrx_word' id='word_1_96' title='bbox 522 619 577 648; x_wconf 78' lang='grc' dir='ltr'>οἷον</span> <span class='ocrx_word' id='word_1_97' title='bbox 592 621 728 657; x_wconf 79' lang='grc' dir='ltr'>βάραθρον</span> <span class='ocrx_word' id='word_1_98' title='bbox 740 621 844 655; x_wconf 83' lang='grc' dir='ltr'><strong>πλάνης</strong></span> <span class='ocrx_word' id='word_1_99' title='bbox 858 620 907 647; x_wconf 85' lang='grc' dir='ltr'><strong>αὒ-</strong></span> 
     </span>
    </p>
   </div>
   <div class='ocr_carea' id='block_1_16' title="bbox 127 667 649 703">
    <p class='ocr_par' dir='ltr' id='par_1_16' title="bbox 127 667 649 703">
     <span class='ocr_line' id='line_1_16' title="bbox 127 667 649 703; baseline -0.002 -9"><span class='ocrx_word' id='word_1_100' title='bbox 127 668 189 699; x_wconf 60' lang='lat'><strong>100;</strong></span> <span class='ocrx_word' id='word_1_101' title='bbox 204 668 418 703; x_wconf 77' lang='grc' dir='ltr'><strong>κατακρημνίζει</strong></span> <span class='ocrx_word' id='word_1_102' title='bbox 431 667 479 694; x_wconf 83' lang='grc' dir='ltr'>καὶ</span> <span class='ocrx_word' id='word_1_103' title='bbox 494 667 649 702; x_wconf 82' lang='grc' dir='ltr'>ἀποπλανᾷ.</span> 
     </span>
    </p>
   </div>
   <div class='ocr_carea' id='block_1_17' title="bbox 163 710 908 747">
    <p class='ocr_par' dir='ltr' id='par_1_17' title="bbox 163 710 908 747">
     <span class='ocr_line' id='line_1_17' title="bbox 163 710 908 747; baseline -0.003 -9"><span class='ocrx_word' id='word_1_104' title='bbox 163 712 212 740; x_wconf 86' lang='lat' dir='ltr'><strong>lB’.</strong></span> <span class='ocrx_word' id='word_1_105' title='bbox 227 713 329 747; x_wconf 80' lang='grc' dir='ltr'>Ἐτέρῳ</span> <span class='ocrx_word' id='word_1_106' title='bbox 341 712 368 739; x_wconf 80' lang='grc' dir='ltr'>δὲ</span> <span class='ocrx_word' id='word_1_107' title='bbox 381 713 474 747; x_wconf 84' lang='grc' dir='ltr'>τρόπῳ</span> <span class='ocrx_word' id='word_1_108' title='bbox 489 712 570 738; x_wconf 87' lang='grc' dir='ltr'>πάλιν</span> <span class='ocrx_word' id='word_1_109' title='bbox 582 711 675 745; x_wconf 74' lang='grc' dir='ltr'>ἕτερον</span> <span class='ocrx_word' id='word_1_110' title='bbox 689 710 845 745; x_wconf 81' lang='grc' dir='ltr'>βλάσφημον</span> <span class='ocrx_word' id='word_1_111' title='bbox 857 710 908 746; x_wconf 84' lang='grc' dir='ltr'><strong>τῆς</strong></span> 
     </span>
    </p>
   </div>
   <div class='ocr_carea' id='block_1_18' title="bbox 129 757 907 793">
    <p class='ocr_par' dir='ltr' id='par_1_18' title="bbox 129 757 907 793">
     <span class='ocr_line' id='line_1_18' title="bbox 129 757 907 793; baseline -0.003 -9"><span class='ocrx_word' id='word_1_112' title='bbox 129 758 218 784; x_wconf 81' lang='grc' dir='ltr'>αὐτῶν</span> <span class='ocrx_word' id='word_1_113' title='bbox 232 759 328 792; x_wconf 78' lang='grc' dir='ltr'>ὁρᾶται</span> <span class='ocrx_word' id='word_1_114' title='bbox 339 758 417 792; x_wconf 78' lang='grc' dir='ltr'>δόξης</span> <span class='ocrx_word' id='word_1_115' title='bbox 435 758 631 792; x_wconf 77' lang='grc' dir='ltr'>ἀναφυόμενον.</span> <span class='ocrx_word' id='word_1_116' title='bbox 649 758 678 783; x_wconf 81' lang='lat' dir='ltr'><strong>Ei</strong></span> <span class='ocrx_word' id='word_1_117' title='bbox 696 757 748 793; x_wconf 84' lang='grc' dir='ltr'><strong>γὰρ</strong></span> <span class='ocrx_word' id='word_1_118' title='bbox 759 757 907 791; x_wconf 75' lang='grc' dir='ltr'>ἐκπορεύε-</span> 
     </span>
    </p>
   </div>
   <div class='ocr_carea' id='block_1_19' title="bbox 128 802 907 838">
    <p class='ocr_par' dir='ltr' id='par_1_19' title="bbox 128 802 907 838">
     <span class='ocr_line' id='line_1_19' title="bbox 128 802 907 838; baseline -0.003 -9"><span class='ocrx_word' id='word_1_119' title='bbox 128 812 173 829; x_wconf 92' lang='grc' dir='ltr'><strong>ται</strong></span> <span class='ocrx_word' id='word_1_120' title='bbox 194 804 242 838; x_wconf 82' lang='grc' dir='ltr'><strong>μὲν</strong></span> <span class='ocrx_word' id='word_1_121' title='bbox 260 803 290 829; x_wconf 79' lang='grc' dir='ltr'><strong>τὸ</strong></span> <span class='ocrx_word' id='word_1_122' title='bbox 303 803 414 838; x_wconf 78' lang='grc' dir='ltr'>Πνεῦμα</span> <span class='ocrx_word' id='word_1_123' title='bbox 427 804 459 829; x_wconf 86' lang='grc' dir='ltr'><strong>ἐκ</strong></span> <span class='ocrx_word' id='word_1_124' title='bbox 470 803 516 830; x_wconf 85' lang='grc' dir='ltr'>τοῦ</span> <span class='ocrx_word' id='word_1_125' title='bbox 532 803 609 829; x_wconf 80' lang='grc' dir='ltr'><strong>Υἱοῦ·</strong></span> <span class='ocrx_word' id='word_1_126' title='bbox 621 803 670 837; x_wconf 74' lang='grc' dir='ltr'><strong>οὐχ</strong></span> <span class='ocrx_word' id='word_1_127' title='bbox 688 802 800 837; x_wconf 75' lang='grc' dir='ltr'>ὕστερον</span> <span class='ocrx_word' id='word_1_128' title='bbox 819 802 846 828; x_wconf 83' lang='grc' dir='ltr'><strong>δὲ</strong></span> <span class='ocrx_word' id='word_1_129' title='bbox 858 802 907 837; x_wconf 83' lang='grc' dir='ltr'><strong>τῆς</strong></span> 
     </span>
    </p>
   </div>
   <div class='ocr_carea' id='block_1_20' title="bbox 129 848 907 884">
    <p class='ocr_par' dir='ltr' id='par_1_20' title="bbox 129 848 907 884">
     <span class='ocr_line' id='line_1_20' title="bbox 129 848 907 884; baseline -0.001 -9"><span class='ocrx_word' id='word_1_130' title='bbox 129 849 211 875; x_wconf 82' lang='grc' dir='ltr'>αὑτοῦ</span> <span class='ocrx_word' id='word_1_131' title='bbox 236 849 385 883; x_wconf 80' lang='grc' dir='ltr'>γεννήσεως</span> <span class='ocrx_word' id='word_1_132' title='bbox 408 849 469 875; x_wconf 74' lang='grc' dir='ltr'>οὐδὲ</span> <span class='ocrx_word' id='word_1_133' title='bbox 489 849 639 884; x_wconf 82' lang='grc' dir='ltr'>πρότερον·</span> <span class='ocrx_word' id='word_1_134' title='bbox 661 849 689 874; x_wconf 80' lang='grc' dir='ltr'>ὲν</span> <span class='ocrx_word' id='word_1_135' title='bbox 711 848 766 884; x_wconf 86' lang='grc' dir='ltr'>γὰρ</span> <span class='ocrx_word' id='word_1_136' title='bbox 790 849 823 884; x_wconf 83' lang='grc' dir='ltr'>τῇ</span> <span class='ocrx_word' id='word_1_137' title='bbox 839 857 907 874; x_wconf 77' lang='grc' dir='ltr'>παν-</span> 
     </span>
    </p>
   </div>
   <div class='ocr_carea' id='block_1_21' title="bbox 129 892 908 928">
    <p class='ocr_par' dir='ltr' id='par_1_21' title="bbox 129 892 908 928">
     <span class='ocr_line' id='line_1_21' title="bbox 129 892 908 928; baseline -0.003 -8"><span class='ocrx_word' id='word_1_138' title='bbox 129 894 195 928; x_wconf 73' lang='grc' dir='ltr'>αγίᾳ</span> <span class='ocrx_word' id='word_1_139' title='bbox 205 893 299 927; x_wconf 81' lang='grc' dir='ltr'>Τριὰδι</span> <span class='ocrx_word' id='word_1_140' title='bbox 320 894 352 919; x_wconf 81' lang='grc' dir='ltr'>τὰ</span> <span class='ocrx_word' id='word_1_141' title='bbox 371 894 483 928; x_wconf 80' lang='grc' dir='ltr'>χρονικὰ</span> <span class='ocrx_word' id='word_1_142' title='bbox 497 892 583 919; x_wconf 77' lang='grc' dir='ltr'>ταῦτα</span> <span class='ocrx_word' id='word_1_143' title='bbox 608 893 788 928; x_wconf 85' lang='grc' dir='ltr'>προσρήματα</span> <span class='ocrx_word' id='word_1_144' title='bbox 809 901 908 919; x_wconf 87' lang='grc' dir='ltr'>παντε-</span> 
     </span>
    </p>
   </div>
   <div class='ocr_carea' id='block_1_22' title="bbox 129 938 908 974">
    <p class='ocr_par' dir='ltr' id='par_1_22' title="bbox 129 938 908 974">
     <span class='ocr_line' id='line_1_22' title="bbox 129 938 908 974; baseline -0.001 -9"><span class='ocrx_word' id='word_1_145' title='bbox 129 939 182 970; x_wconf 77' lang='grc' dir='ltr'><strong>λῶς</strong></span> <span class='ocrx_word' id='word_1_146' title='bbox 196 939 364 974; x_wconf 77' lang='grc' dir='ltr'>ἀπελήλαται</span> <span class='ocrx_word' id='word_1_147' title='bbox 376 947 383 954; x_wconf 91' lang='grc'><strong>·</strong></span> <span class='ocrx_word' id='word_1_148' title='bbox 398 939 422 965; x_wconf 86' lang='grc' dir='ltr'>εἰ</span> <span class='ocrx_word' id='word_1_149' title='bbox 438 939 526 965; x_wconf 80' lang='grc' dir='ltr'>τοίνυν</span> <span class='ocrx_word' id='word_1_150' title='bbox 535 939 594 972; x_wconf 76' lang='grc' dir='ltr'><strong>ἅμα</strong></span> <span class='ocrx_word' id='word_1_151' title='bbox 607 938 656 972; x_wconf 76' lang='grc' dir='ltr'>μὲν</span> <span class='ocrx_word' id='word_1_152' title='bbox 671 938 851 973; x_wconf 76' lang='grc' dir='ltr'>ἐκπορεύεται</span> <span class='ocrx_word' id='word_1_153' title='bbox 862 938 908 964; x_wconf 79' lang='grc' dir='ltr'>τοῦ</span> 
     </span>
    </p>
   </div>
   <div class='ocr_carea' id='block_1_23' title="bbox 130 984 910 1020">
    <p class='ocr_par' dir='ltr' id='par_1_23' title="bbox 130 984 910 1020">
     <span class='ocr_line' id='line_1_23' title="bbox 130 984 910 1020; baseline -0.001 -7"><span class='ocrx_word' id='word_1_154' title='bbox 130 985 246 1020; x_wconf 85' lang='grc' dir='ltr'>Πατρδς,</span> <span class='ocrx_word' id='word_1_155' title='bbox 260 985 319 1020; x_wconf 75' lang='grc' dir='ltr'><strong>ἅμα</strong></span> <span class='ocrx_word' id='word_1_156' title='bbox 332 985 361 1012; x_wconf 85' lang='grc' dir='ltr'><strong>δὲ</strong></span> <span class='ocrx_word' id='word_1_157' title='bbox 375 985 421 1011; x_wconf 80' lang='grc' dir='ltr'><strong>τοῦ</strong></span> <span class='ocrx_word' id='word_1_158' title='bbox 430 985 507 1018; x_wconf 86' lang='grc' dir='ltr'><strong>Υἱοῦ,</strong></span> <span class='ocrx_word' id='word_1_159' title='bbox 522 984 771 1019; x_wconf 78' lang='grc' dir='ltr'>συνδιαιρεθήσεται</span> <span class='ocrx_word' id='word_1_160' title='bbox 786 986 846 1016; x_wconf 77' lang='grc' dir='ltr'>ταῖς</span> <span class='ocrx_word' id='word_1_161' title='bbox 856 984 910 1012; x_wconf 86' lang='grc' dir='ltr'>τῶν</span> 
     </span>
    </p>
   </div>
   <div class='ocr_carea' id='block_1_24' title="bbox 130 1030 911 1066">
    <p class='ocr_par' dir='ltr' id='par_1_24' title="bbox 130 1030 911 1066">
     <span class='ocr_line' id='line_1_24' title="bbox 130 1030 911 1066; baseline 0 -8"><span class='ocrx_word' id='word_1_162' title='bbox 130 1031 356 1066; x_wconf 78' lang='grc' dir='ltr'>προϐαλλομένων</span> <span class='ocrx_word' id='word_1_163' title='bbox 373 1031 537 1058; x_wconf 83' lang='grc' dir='ltr'>ὑποστάσεσι</span> <span class='ocrx_word' id='word_1_164' title='bbox 561 1030 609 1057; x_wconf 89' lang='lat' dir='ltr'><strong>xui.</strong></span> <span class='ocrx_word' id='word_1_165' title='bbox 627 1031 692 1057; x_wconf 72' lang='grc' dir='ltr'>αὐτὸ</span> <span class='ocrx_word' id='word_1_166' title='bbox 707 1030 736 1057; x_wconf 86' lang='grc' dir='ltr'>τὸ</span> <span class='ocrx_word' id='word_1_167' title='bbox 759 1031 911 1066; x_wconf 78' lang='grc' dir='ltr'>προϐαλλό-</span> 
     </span>
    </p>
   </div>
   <div class='ocr_carea' id='block_1_25' title="bbox 132 1077 912 1113">
    <p class='ocr_par' dir='ltr' id='par_1_25' title="bbox 132 1077 912 1113">
     <span class='ocr_line' id='line_1_25' title="bbox 132 1077 912 1113; baseline -0.003 -9"><span class='ocrx_word' id='word_1_168' title='bbox 132 1085 222 1113; x_wconf 84' lang='grc' dir='ltr'>μενον·</span> <span class='ocrx_word' id='word_1_169' title='bbox 237 1077 339 1104; x_wconf 80' lang='grc' dir='ltr'>καὶδύο</span> <span class='ocrx_word' id='word_1_170' title='bbox 351 1077 409 1103; x_wconf 77' lang='grc' dir='ltr'><strong>ἀνθ’</strong></span> <span class='ocrx_word' id='word_1_171' title='bbox 419 1077 478 1108; x_wconf 80' lang='grc' dir='ltr'>ἑνὸς</span> <span class='ocrx_word' id='word_1_172' title='bbox 493 1077 584 1107; x_wconf 84' lang='grc' dir='ltr'>αὐτοῖς</span> <span class='ocrx_word' id='word_1_173' title='bbox 601 1077 677 1103; x_wconf 73' lang='grc' dir='ltr'>ἔσται</span> <span class='ocrx_word' id='word_1_174' title='bbox 696 1077 726 1102; x_wconf 78' lang='grc' dir='ltr'><strong>τὸ</strong></span> <span class='ocrx_word' id='word_1_175' title='bbox 739 1077 849 1112; x_wconf 79' lang='grc' dir='ltr'>Πνεῦμα</span> <span class='ocrx_word' id='word_1_176' title='bbox 860 1085 867 1092; x_wconf 86' lang='grc'>·</span> <span class='ocrx_word' id='word_1_177' title='bbox 880 1077 912 1103; x_wconf 82' lang='grc' dir='ltr'>τὸ</span> 
     </span>
    </p>
   </div>
   <div class='ocr_carea' id='block_1_26' title="bbox 134 1123 910 1158">
    <p class='ocr_par' dir='ltr' id='par_1_26' title="bbox 134 1123 910 1158">
     <span class='ocr_line' id='line_1_26' title="bbox 134 1123 910 1158; baseline -0.003 -8"><span class='ocrx_word' id='word_1_178' title='bbox 134 1124 194 1158; x_wconf 75' lang='grc' dir='ltr'>μὲν,</span> <span class='ocrx_word' id='word_1_179' title='bbox 208 1123 255 1150; x_wconf 81' lang='grc' dir='ltr'>τοῦ</span> <span class='ocrx_word' id='word_1_180' title='bbox 273 1123 395 1158; x_wconf 79' lang='grc' dir='ltr'><strong>Πατρός·</strong></span> <span class='ocrx_word' id='word_1_181' title='bbox 415 1123 445 1149; x_wconf 79' lang='grc' dir='ltr'>τδ</span> <span class='ocrx_word' id='word_1_182' title='bbox 468 1123 507 1156; x_wconf 79' lang='grc' dir='ltr'><strong>δὲ,</strong></span> <span class='ocrx_word' id='word_1_183' title='bbox 523 1123 569 1149; x_wconf 86' lang='grc' dir='ltr'>τοῦ</span> <span class='ocrx_word' id='word_1_184' title='bbox 594 1123 660 1150; x_wconf 79' lang='grc' dir='ltr'>Υἱοῦ</span> <span class='ocrx_word' id='word_1_185' title='bbox 683 1124 910 1158; x_wconf 81' lang='grc' dir='ltr'>ἐκπορευόμενον.</span> 
     </span>
    </p>
   </div>
   <div class='ocr_carea' id='block_1_27' title="bbox 132 1168 912 1205">
    <p class='ocr_par' dir='ltr' id='par_1_27' title="bbox 132 1168 912 1205">
     <span class='ocr_line' id='line_1_27' title="bbox 132 1168 912 1205; baseline -0.003 -8"><span class='ocrx_word' id='word_1_186' title='bbox 132 1170 188 1197; x_wconf 72' lang='grc' dir='ltr'><strong>Καὶ</strong></span> <span class='ocrx_word' id='word_1_187' title='bbox 203 1170 256 1205; x_wconf 81' lang='grc' dir='ltr'>γὰρ</span> <span class='ocrx_word' id='word_1_188' title='bbox 272 1169 347 1196; x_wconf 80' lang='grc' dir='ltr'>οὐδέν</span> <span class='ocrx_word' id='word_1_189' title='bbox 359 1170 416 1195; x_wconf 78' lang='grc' dir='ltr'>ἐστι</span> <span class='ocrx_word' id='word_1_190' title='bbox 431 1169 552 1195; x_wconf 79' lang='grc' dir='ltr'>τοιοῦτον</span> <span class='ocrx_word' id='word_1_191' title='bbox 564 1169 762 1203; x_wconf 79' lang='grc' dir='ltr'>καινιζόμενον,</span> <span class='ocrx_word' id='word_1_192' title='bbox 786 1168 846 1195; x_wconf 80' lang='grc' dir='ltr'><strong>οὐδὲ</strong></span> <span class='ocrx_word' id='word_1_193' title='bbox 865 1169 912 1195; x_wconf 78' lang='grc' dir='ltr'>ἐπὶ</span> 
     </span>
    </p>
   </div>
   <div class='ocr_carea' id='block_1_28' title="bbox 131 1215 912 1251">
    <p class='ocr_par' dir='ltr' id='par_1_28' title="bbox 131 1215 912 1251">
     <span class='ocr_line' id='line_1_28' title="bbox 131 1215 912 1251; baseline -0.001 -9"><span class='ocrx_word' id='word_1_194' title='bbox 131 1216 186 1242; x_wconf 84' lang='grc' dir='ltr'>τῶν</span> <span class='ocrx_word' id='word_1_195' title='bbox 199 1216 243 1243; x_wconf 78' lang='grc' dir='ltr'><strong>διὰ</strong></span> <span class='ocrx_word' id='word_1_196' title='bbox 262 1216 413 1251; x_wconf 74' lang='grc' dir='ltr'>γεννήσεως</span> <span class='ocrx_word' id='word_1_197' title='bbox 428 1215 564 1241; x_wconf 80' lang='grc' dir='ltr'>λαϐόντων</span> <span class='ocrx_word' id='word_1_198' title='bbox 577 1215 625 1250; x_wconf 85' lang='grc' dir='ltr'>τὴν</span> <span class='ocrx_word' id='word_1_199' title='bbox 640 1215 756 1250; x_wconf 79' lang='grc' dir='ltr'>ὓπαρξιν</span> <span class='ocrx_word' id='word_1_200' title='bbox 767 1222 774 1230; x_wconf 89' lang='grc'><strong>·</strong></span> <span class='ocrx_word' id='word_1_201' title='bbox 796 1215 912 1249; x_wconf 82' lang='grc' dir='ltr'>διαφορὰ</span> 
     </span>
    </p>
   </div>
   <div class='ocr_carea' id='block_1_29' title="bbox 134 1261 912 1297">
    <p class='ocr_par' dir='ltr' id='par_1_29' title="bbox 134 1261 912 1297">
     <span class='ocr_line' id='line_1_29' title="bbox 134 1261 912 1297; baseline -0.001 -10"><span class='ocrx_word' id='word_1_202' title='bbox 134 1261 184 1296; x_wconf 84' lang='grc' dir='ltr'>μὲν</span> <span class='ocrx_word' id='word_1_203' title='bbox 201 1262 255 1297; x_wconf 85' lang='grc' dir='ltr'>γὰρ</span> <span class='ocrx_word' id='word_1_204' title='bbox 271 1262 338 1296; x_wconf 81' lang='grc' dir='ltr'>ὀρᾷν</span> <span class='ocrx_word' id='word_1_205' title='bbox 358 1261 416 1288; x_wconf 75' lang='grc' dir='ltr'>ἔστι</span> <span class='ocrx_word' id='word_1_206' title='bbox 429 1261 490 1287; x_wconf 78' lang='grc' dir='ltr'>καθ’</span> <span class='ocrx_word' id='word_1_207' title='bbox 505 1261 653 1287; x_wconf 82' lang='grc' dir='ltr'>ὑπόστασιν</span> <span class='ocrx_word' id='word_1_208' title='bbox 668 1262 699 1287; x_wconf 83' lang='grc' dir='ltr'>ἐκ</span> <span class='ocrx_word' id='word_1_209' title='bbox 718 1261 782 1294; x_wconf 81' lang='grc' dir='ltr'><strong>μιᾶς</strong></span> <span class='ocrx_word' id='word_1_210' title='bbox 807 1261 912 1295; x_wconf 76' lang='grc' dir='ltr'>καὶτῆς</span> 
     </span>
    </p>
   </div>
   <div class='ocr_carea' id='block_1_30' title="bbox 132 1306 913 1342">
    <p class='ocr_par' dir='ltr' id='par_1_30' title="bbox 132 1306 913 1342">
     <span class='ocr_line' id='line_1_30' title="bbox 132 1306 913 1342; baseline 0 -9"><span class='ocrx_word' id='word_1_211' title='bbox 132 1307 217 1342; x_wconf 83' lang='grc' dir='ltr'>αὐτῆς</span> <span class='ocrx_word' id='word_1_212' title='bbox 233 1307 362 1342; x_wconf 80' lang='grc' dir='ltr'>προϊόντα</span> <span class='ocrx_word' id='word_1_213' title='bbox 379 1307 552 1338; x_wconf 79' lang='grc' dir='ltr'>ὑποστάσεως</span> <span class='ocrx_word' id='word_1_214' title='bbox 564 1316 571 1322; x_wconf 93' lang='grc'><strong>·</strong></span> <span class='ocrx_word' id='word_1_215' title='bbox 583 1307 612 1333; x_wconf 83' lang='grc' dir='ltr'>ἒν</span> <span class='ocrx_word' id='word_1_216' title='bbox 629 1307 657 1334; x_wconf 82' lang='grc' dir='ltr'><strong>δὲ</strong></span> <span class='ocrx_word' id='word_1_217' title='bbox 672 1307 719 1334; x_wconf 78' lang='grc' dir='ltr'>καὶ</span> <span class='ocrx_word' id='word_1_218' title='bbox 730 1308 761 1333; x_wconf 80' lang='grc' dir='ltr'>τὸ</span> <span class='ocrx_word' id='word_1_219' title='bbox 774 1306 839 1333; x_wconf 77' lang='grc' dir='ltr'>αὐτὸ</span> <span class='ocrx_word' id='word_1_220' title='bbox 851 1307 913 1333; x_wconf 81' lang='grc' dir='ltr'>καθ’</span> 
     </span>
    </p>
   </div>
   <div class='ocr_carea' id='block_1_31' title="bbox 133 1353 913 1389">
    <p class='ocr_par' dir='ltr' id='par_1_31' title="bbox 133 1353 913 1389">
     <span class='ocr_line' id='line_1_31' title="bbox 133 1353 913 1389; baseline -0.001 -10"><span class='ocrx_word' id='word_1_221' title='bbox 133 1353 282 1380; x_wconf 79' lang='grc' dir='ltr'>ὑπόστασιν</span> <span class='ocrx_word' id='word_1_222' title='bbox 309 1354 341 1380; x_wconf 82' lang='grc' dir='ltr'>ἐκ</span> <span class='ocrx_word' id='word_1_223' title='bbox 370 1353 505 1388; x_wconf 81' lang='grc' dir='ltr'>διαφόρων</span> <span class='ocrx_word' id='word_1_224' title='bbox 522 1354 656 1388; x_wconf 77' lang='grc' dir='ltr'>προϊέναι,</span> <span class='ocrx_word' id='word_1_225' title='bbox 680 1354 727 1380; x_wconf 89' lang='lat' dir='ltr'><strong>xui.</strong></span> <span class='ocrx_word' id='word_1_226' title='bbox 744 1354 781 1389; x_wconf 80' lang='grc' dir='ltr'><strong>μὴ</strong></span> <span class='ocrx_word' id='word_1_227' title='bbox 795 1353 913 1380; x_wconf 86' lang='grc' dir='ltr'>συνδιαι-</span> 
     </span>
    </p>
   </div>
   <div class='ocr_carea' id='block_1_32' title="bbox 134 1399 912 1435">
    <p class='ocr_par' dir='ltr' id='par_1_32' title="bbox 134 1399 912 1435">
     <span class='ocr_line' id='line_1_32' title="bbox 134 1399 912 1435; baseline 0.001 -11"><span class='ocrx_word' id='word_1_228' title='bbox 134 1399 241 1434; x_wconf 75' lang='grc' dir='ltr'>ρεῖσθαι</span> <span class='ocrx_word' id='word_1_229' title='bbox 267 1400 328 1430; x_wconf 81' lang='grc' dir='ltr'>ταῖς</span> <span class='ocrx_word' id='word_1_230' title='bbox 354 1399 579 1434; x_wconf 78' lang='grc' dir='ltr'>προϐαλλομένων</span> <span class='ocrx_word' id='word_1_231' title='bbox 604 1399 796 1432; x_wconf 81' lang='grc' dir='ltr'>ὑποστάσεσιν,</span> <span class='ocrx_word' id='word_1_232' title='bbox 817 1399 912 1435; x_wconf 77' lang='grc' dir='ltr'>οὕτεή</span> 
     </span>
    </p>
   </div>
   <div class='ocr_carea' id='block_1_33' title="bbox 133 1443 843 1480">
    <p class='ocr_par' dir='ltr' id='par_1_33' title="bbox 133 1443 843 1480">
     <span class='ocr_line' id='line_1_33' title="bbox 133 1443 843 1480; baseline 0.001 -9"><span class='ocrx_word' id='word_1_233' title='bbox 133 1446 240 1480; x_wconf 78' lang='grc' dir='ltr'>γένεσις</span> <span class='ocrx_word' id='word_1_234' title='bbox 248 1443 326 1476; x_wconf 76' lang='grc' dir='ltr'>οἶδεν,</span> <span class='ocrx_word' id='word_1_235' title='bbox 346 1445 406 1472; x_wconf 77' lang='grc' dir='ltr'>οὐδὲ</span> <span class='ocrx_word' id='word_1_236' title='bbox 417 1445 444 1471; x_wconf 80' lang='grc' dir='ltr'>εἴ</span> <span class='ocrx_word' id='word_1_237' title='bbox 458 1453 483 1471; x_wconf 86' lang='grc' dir='ltr'><strong>τι</strong></span> <span class='ocrx_word' id='word_1_238' title='bbox 502 1446 625 1480; x_wconf 83' lang='grc' dir='ltr'>κρεῖττον</span> <span class='ocrx_word' id='word_1_239' title='bbox 637 1445 686 1479; x_wconf 80' lang='grc' dir='ltr'><strong>τῆς</strong></span> <span class='ocrx_word' id='word_1_240' title='bbox 698 1445 843 1479; x_wconf 81' lang='grc' dir='ltr'>γενέσεως.</span> 
     </span>
    </p>
   </div>
   <div class='ocr_carea' id='block_1_34' title="bbox 168 1536 914 1572">
    <p class='ocr_par' dir='ltr' id='par_1_34' title="bbox 168 1536 914 1572">
     <span class='ocr_line' id='line_1_34' title="bbox 168 1536 914 1572; baseline -0.003 -8"><span class='ocrx_word' id='word_1_241' title='bbox 168 1538 218 1564; x_wconf 86' lang='lat' dir='ltr'><strong>II&quot;.</strong></span> <span class='ocrx_word' id='word_1_242' title='bbox 237 1537 292 1564; x_wconf 82' lang='lat' dir='ltr'><strong>Kui</strong></span> <span class='ocrx_word' id='word_1_243' title='bbox 310 1537 364 1572; x_wconf 80' lang='grc' dir='ltr'>γὰρ</span> <span class='ocrx_word' id='word_1_244' title='bbox 377 1537 470 1568; x_wconf 83' lang='grc' dir='ltr'>παῖδες</span> <span class='ocrx_word' id='word_1_245' title='bbox 484 1536 532 1571; x_wconf 81' lang='grc' dir='ltr'><strong>μὲν</strong></span> <span class='ocrx_word' id='word_1_246' title='bbox 548 1536 639 1569; x_wconf 62' lang='grc' dir='ltr'>πολλοὶ</span> <span class='ocrx_word' id='word_1_247' title='bbox 651 1536 791 1569; x_wconf 81' lang='grc' dir='ltr'>πολλάκις,</span> <span class='ocrx_word' id='word_1_248' title='bbox 802 1537 834 1562; x_wconf 81' lang='grc' dir='ltr'>ὲκ</span> <span class='ocrx_word' id='word_1_249' title='bbox 849 1537 914 1571; x_wconf 80' lang='grc' dir='ltr'>μιᾶς</span> 
     </span>
    </p>
   </div>
   <div class='ocr_carea' id='block_1_35' title="bbox 134 1583 914 1618">
    <p class='ocr_par' dir='ltr' id='par_1_35' title="bbox 134 1583 914 1618">
     <span class='ocr_line' id='line_1_35' title="bbox 134 1583 914 1618; baseline 0 -8"><span class='ocrx_word' id='word_1_250' title='bbox 134 1584 183 1610; x_wconf 74' lang='grc' dir='ltr'><strong>καὶ</strong></span> <span class='ocrx_word' id='word_1_251' title='bbox 197 1585 245 1618; x_wconf 73' lang='grc' dir='ltr'><strong>τῆς</strong></span> <span class='ocrx_word' id='word_1_252' title='bbox 263 1584 347 1618; x_wconf 75' lang='grc' dir='ltr'>αὐτῆς</span> <span class='ocrx_word' id='word_1_253' title='bbox 358 1583 462 1617; x_wconf 80' lang='grc' dir='ltr'><strong>νηδύος,</strong></span> <span class='ocrx_word' id='word_1_254' title='bbox 478 1583 526 1609; x_wconf 79' lang='grc' dir='ltr'>καὶ</span> <span class='ocrx_word' id='word_1_255' title='bbox 540 1583 609 1617; x_wconf 81' lang='grc' dir='ltr'>ἃμα,</span> <span class='ocrx_word' id='word_1_256' title='bbox 633 1583 680 1609; x_wconf 78' lang='grc' dir='ltr'><strong>καὶ</strong></span> <span class='ocrx_word' id='word_1_257' title='bbox 696 1584 781 1618; x_wconf 79' lang='grc' dir='ltr'>χωρὶς</span> <span class='ocrx_word' id='word_1_258' title='bbox 797 1583 914 1618; x_wconf 85' lang='grc' dir='ltr'>ὁρῶνται</span> 
     </span>
    </p>
   </div>
   <div class='ocr_carea' id='block_1_36' title="bbox 132 1629 914 1664">
    <p class='ocr_par' dir='ltr' id='par_1_36' title="bbox 132 1629 914 1664">
     <span class='ocr_line' id='line_1_36' title="bbox 132 1629 914 1664; baseline -0.001 -8"><span class='ocrx_word' id='word_1_259' title='bbox 132 1629 395 1664; x_wconf 81' lang='grc' dir='ltr'>τελεσφοροὺμενοι.”</span> <span class='ocrx_word' id='word_1_260' title='bbox 417 1629 464 1655; x_wconf 80' lang='grc' dir='ltr'>καὶ</span> <span class='ocrx_word' id='word_1_261' title='bbox 478 1630 495 1663; x_wconf 85' lang='grc' dir='ltr'>ὴ</span> <span class='ocrx_word' id='word_1_262' title='bbox 510 1629 578 1664; x_wconf 81' lang='grc' dir='ltr'>αὑτὴ</span> <span class='ocrx_word' id='word_1_263' title='bbox 593 1629 653 1664; x_wconf 72' lang='grc' dir='ltr'>χεὶρ</span> <span class='ocrx_word' id='word_1_264' title='bbox 676 1630 723 1655; x_wconf 82' lang='lat' dir='ltr'><strong>xui.</strong></span> <span class='ocrx_word' id='word_1_265' title='bbox 742 1629 850 1660; x_wconf 87' lang='grc' dir='ltr'>τύπτει,</span> <span class='ocrx_word' id='word_1_266' title='bbox 866 1629 914 1655; x_wconf 77' lang='lat' dir='ltr'><strong>xui.</strong></span> 
     </span>
    </p>
   </div>
   <div class='ocr_carea' id='block_1_37' title="bbox 133 1674 913 1710">
    <p class='ocr_par' dir='ltr' id='par_1_37' title="bbox 133 1674 913 1710">
     <span class='ocr_line' id='line_1_37' title="bbox 133 1674 913 1710; baseline -0.003 -8"><span class='ocrx_word' id='word_1_267' title='bbox 133 1675 234 1710; x_wconf 82' lang='grc' dir='ltr'>γράφει</span> <span class='ocrx_word' id='word_1_268' title='bbox 249 1675 295 1701; x_wconf 73' lang='grc' dir='ltr'><strong>καὶ</strong></span> <span class='ocrx_word' id='word_1_269' title='bbox 312 1675 470 1710; x_wconf 83' lang='grc' dir='ltr'>εὐεργετεῖ,</span> <span class='ocrx_word' id='word_1_270' title='bbox 489 1674 536 1700; x_wconf 78' lang='grc' dir='ltr'><strong>καὶ</strong></span> <span class='ocrx_word' id='word_1_271' title='bbox 553 1674 620 1709; x_wconf 76' lang='grc' dir='ltr'>πρὸς</span> <span class='ocrx_word' id='word_1_272' title='bbox 635 1675 666 1700; x_wconf 86' lang='grc' dir='ltr'>τὸ</span> <span class='ocrx_word' id='word_1_273' title='bbox 685 1675 760 1700; x_wconf 84' lang='grc' dir='ltr'>Θείον</span> <span class='ocrx_word' id='word_1_274' title='bbox 774 1675 913 1701; x_wconf 80' lang='grc' dir='ltr'>ἀνατείνε-</span> 
     </span>
    </p>
   </div>
   <div class='ocr_carea' id='block_1_38' title="bbox 133 1719 914 1756">
    <p class='ocr_par' dir='ltr' id='par_1_38' title="bbox 133 1719 914 1756">
     <span class='ocr_line' id='line_1_38' title="bbox 133 1719 914 1756; baseline 0 -10"><span class='ocrx_word' id='word_1_275' title='bbox 133 1728 196 1746; x_wconf 83' lang='grc' dir='ltr'>ται·</span> <span class='ocrx_word' id='word_1_276' title='bbox 212 1720 242 1746; x_wconf 73' lang='grc' dir='ltr'>τὺ</span> <span class='ocrx_word' id='word_1_277' title='bbox 251 1720 366 1755; x_wconf 78' lang='grc' dir='ltr'>γράφειν</span> <span class='ocrx_word' id='word_1_278' title='bbox 380 1721 408 1746; x_wconf 76' lang='grc' dir='ltr'><strong>δὲ</strong></span> <span class='ocrx_word' id='word_1_279' title='bbox 419 1720 509 1754; x_wconf 72' lang='grc' dir='ltr'>χειρὸς</span> <span class='ocrx_word' id='word_1_280' title='bbox 526 1719 604 1755; x_wconf 74' lang='grc' dir='ltr'>ἔργον</span> <span class='ocrx_word' id='word_1_281' title='bbox 618 1720 762 1755; x_wconf 85' lang='grc' dir='ltr'>ὁλόκληρον</span> <span class='ocrx_word' id='word_1_282' title='bbox 778 1720 832 1755; x_wconf 76' lang='grc'><strong>(12)</strong></span> <span class='ocrx_word' id='word_1_283' title='bbox 848 1721 914 1756; x_wconf 81' lang='grc' dir='ltr'>όρᾷν</span> 
     </span>
    </p>
   </div>
   <div class='ocr_carea' id='block_1_39' title="bbox 134 1764 914 1800">
    <p class='ocr_par' dir='ltr' id='par_1_39' title="bbox 134 1764 914 1800">
     <span class='ocr_line' id='line_1_39' title="bbox 134 1764 914 1800; baseline -0.005 -9"><span class='ocrx_word' id='word_1_284' title='bbox 134 1765 182 1791; x_wconf 78' lang='grc' dir='ltr'>καὶ</span> <span class='ocrx_word' id='word_1_285' title='bbox 197 1765 276 1795; x_wconf 78' lang='grc' dir='ltr'>ποδὸς</span> <span class='ocrx_word' id='word_1_286' title='bbox 287 1765 387 1799; x_wconf 84' lang='grc' dir='ltr'>ὁμοίως</span> <span class='ocrx_word' id='word_1_287' title='bbox 398 1773 406 1780; x_wconf 75' lang='grc' dir='ltr'><strong>ο</strong></span> <span class='ocrx_word' id='word_1_288' title='bbox 425 1765 442 1800; x_wconf 76' lang='grc' dir='ltr'><strong>ἢ</strong></span> <span class='ocrx_word' id='word_1_289' title='bbox 456 1765 486 1791; x_wconf 84' lang='grc' dir='ltr'><strong>τὸ</strong></span> <span class='ocrx_word' id='word_1_290' title='bbox 501 1764 618 1799; x_wconf 78' lang='grc' dir='ltr'>βαδίζειν</span> <span class='ocrx_word' id='word_1_291' title='bbox 631 1764 760 1795; x_wconf 74' lang='grc' dir='ltr'>ὡσαύτως</span> <span class='ocrx_word' id='word_1_292' title='bbox 771 1765 824 1790; x_wconf 79' lang='grc' dir='ltr'><strong>τῶν</strong></span> <span class='ocrx_word' id='word_1_293' title='bbox 839 1765 914 1799; x_wconf 88' lang='grc' dir='ltr'>εἰρη.</span> 
     </span>
    </p>
   </div>
   <div class='ocr_carea' id='block_1_40' title="bbox 136 1809 914 1845">
    <p class='ocr_par' dir='ltr' id='par_1_40' title="bbox 136 1809 914 1845">
     <span class='ocr_line' id='line_1_40' title="bbox 136 1809 914 1845; baseline 0 -9"><span class='ocrx_word' id='word_1_294' title='bbox 136 1810 225 1845; x_wconf 81' lang='grc' dir='ltr'>μένων</span> <span class='ocrx_word' id='word_1_295' title='bbox 239 1809 408 1845; x_wconf 81' lang='grc' dir='ltr'>ἐκατέρου,ἢ</span> <span class='ocrx_word' id='word_1_296' title='bbox 428 1809 458 1836; x_wconf 84' lang='grc' dir='ltr'><strong>τὸ</strong></span> <span class='ocrx_word' id='word_1_297' title='bbox 474 1810 581 1844; x_wconf 81' lang='grc' dir='ltr'>βλέπειν</span> <span class='ocrx_word' id='word_1_298' title='bbox 603 1810 724 1844; x_wconf 81' lang='grc' dir='ltr'>ὄμματος</span> <span class='ocrx_word' id='word_1_299' title='bbox 745 1809 790 1836; x_wconf 80' lang='lat' dir='ltr'><strong>xui.</strong></span> <span class='ocrx_word' id='word_1_300' title='bbox 803 1810 882 1841; x_wconf 84' lang='grc' dir='ltr'>ὠτὸς,</span> <span class='ocrx_word' id='word_1_301' title='bbox 896 1810 914 1845; x_wconf 83' lang='grc' dir='ltr'>ἢ</span> 
     </span>
    </p>
   </div>
   <div class='ocr_carea' id='block_1_41' title="bbox 134 1855 915 1890">
    <p class='ocr_par' dir='ltr' id='par_1_41' title="bbox 134 1855 915 1890">
     <span class='ocr_line' id='line_1_41' title="bbox 134 1855 915 1890; baseline -0.001 -8"><span class='ocrx_word' id='word_1_302' title='bbox 134 1858 170 1883; x_wconf 85' lang='grc' dir='ltr'>τὰ</span> <span class='ocrx_word' id='word_1_303' title='bbox 179 1856 300 1887; x_wconf 84' lang='grc' dir='ltr'>τοιαῦτα,</span> <span class='ocrx_word' id='word_1_304' title='bbox 315 1857 364 1882; x_wconf 76' lang='grc' dir='ltr'><strong>οὐκ</strong></span> <span class='ocrx_word' id='word_1_305' title='bbox 379 1857 412 1882; x_wconf 79' lang='grc' dir='ltr'>ἄν</span> <span class='ocrx_word' id='word_1_306' title='bbox 422 1865 463 1887; x_wconf 84' lang='grc' dir='ltr'>τις</span> <span class='ocrx_word' id='word_1_307' title='bbox 473 1855 634 1890; x_wconf 82' lang='grc' dir='ltr'>καθαρεύων</span> <span class='ocrx_word' id='word_1_308' title='bbox 647 1855 823 1890; x_wconf 77' lang='grc' dir='ltr'>ἀναισθησίας</span> <span class='ocrx_word' id='word_1_309' title='bbox 839 1856 915 1890; x_wconf 80' lang='grc' dir='ltr'>νομί-</span> 
     </span>
    </p>
   </div>
   <div class='ocr_carea' id='block_1_42' title="bbox 134 1901 916 1938">
    <p class='ocr_par' dir='ltr' id='par_1_42' title="bbox 134 1901 916 1938">
     <span class='ocr_line' id='line_1_42' title="bbox 134 1901 916 1938; baseline -0.003 -8"><span class='ocrx_word' id='word_1_310' title='bbox 134 1911 208 1930; x_wconf 77' lang='grc' dir='ltr'>σειεν</span> <span class='ocrx_word' id='word_1_311' title='bbox 218 1912 225 1919; x_wconf 89' lang='grc'><strong>·</strong></span> <span class='ocrx_word' id='word_1_312' title='bbox 245 1902 300 1929; x_wconf 77' lang='grc' dir='ltr'>ἀλλ’</span> <span class='ocrx_word' id='word_1_313' title='bbox 313 1902 407 1937; x_wconf 82' lang='grc' dir='ltr'>ὥσπερ</span> <span class='ocrx_word' id='word_1_314' title='bbox 417 1901 539 1937; x_wconf 81' lang='grc' dir='ltr'>ἀλλήλων</span> <span class='ocrx_word' id='word_1_315' title='bbox 553 1902 587 1928; x_wconf 86' lang='grc' dir='ltr'>τὰ</span> <span class='ocrx_word' id='word_1_316' title='bbox 602 1902 672 1938; x_wconf 84' lang='grc' dir='ltr'>μέρη</span> <span class='ocrx_word' id='word_1_317' title='bbox 685 1904 719 1937; x_wconf 85' lang='grc' dir='ltr'>τῇ</span> <span class='ocrx_word' id='word_1_318' title='bbox 731 1902 818 1937; x_wconf 69' lang='grc' dir='ltr'>οἰκείᾳ.</span> <span class='ocrx_word' id='word_1_319' title='bbox 836 1911 916 1938; x_wconf 83' lang='grc' dir='ltr'>περι-</span> 
     </span>
    </p>
   </div>
   <div class='ocr_carea' id='block_1_43' title="bbox 131 1946 916 1985">
    <p class='ocr_par' dir='ltr' id='par_1_43' title="bbox 131 1946 916 1985">
     <span class='ocr_line' id='line_1_43' title="bbox 131 1946 916 1985; baseline -0.004 -10"><span class='ocrx_word' id='word_1_320' title='bbox 131 1949 228 1985; x_wconf 82' lang='grc' dir='ltr'>γραφῇ</span> <span class='ocrx_word' id='word_1_321' title='bbox 245 1948 430 1982; x_wconf 75' lang='grc' dir='ltr'>διεστήκασιν,</span> <span class='ocrx_word' id='word_1_322' title='bbox 460 1946 531 1974; x_wconf 75' lang='grc' dir='ltr'>οὕτω</span> <span class='ocrx_word' id='word_1_323' title='bbox 556 1948 603 1974; x_wconf 75' lang='grc' dir='ltr'>καὶ</span> <span class='ocrx_word' id='word_1_324' title='bbox 629 1948 646 1983; x_wconf 75' lang='grc' dir='ltr'><strong>ἡ</strong></span> <span class='ocrx_word' id='word_1_325' title='bbox 660 1947 775 1974; x_wconf 77' lang='grc' dir='ltr'>ἑκάστου</span> <span class='ocrx_word' id='word_1_326' title='bbox 791 1947 916 1982; x_wconf 74' lang='grc' dir='ltr'>ἐνέργεια</span> 
     </span>
    </p>
   </div>
   <div class='ocr_carea' id='block_1_44' title="bbox 135 1991 915 2029">
    <p class='ocr_par' dir='ltr' id='par_1_44' title="bbox 135 1991 915 2029">
     <span class='ocr_line' id='line_1_44' title="bbox 135 1991 915 2029; baseline -0.004 -9"><span class='ocrx_word' id='word_1_327' title='bbox 135 1995 204 2029; x_wconf 76' lang='grc' dir='ltr'>πρὸς</span> <span class='ocrx_word' id='word_1_328' title='bbox 214 1994 265 2029; x_wconf 81' lang='grc' dir='ltr'>τὴν</span> <span class='ocrx_word' id='word_1_329' title='bbox 275 1993 329 2020; x_wconf 82' lang='grc' dir='ltr'>τῶν</span> <span class='ocrx_word' id='word_1_330' title='bbox 345 1992 527 2029; x_wconf 79' lang='grc' dir='ltr'>ἐνεργούντων</span> <span class='ocrx_word' id='word_1_331' title='bbox 540 1992 620 2028; x_wconf 81' lang='grc' dir='ltr'>φύσιν</span> <span class='ocrx_word' id='word_1_332' title='bbox 637 1992 842 2027; x_wconf 83' lang='grc' dir='ltr'>συνδιαιρείται,</span> <span class='ocrx_word' id='word_1_333' title='bbox 867 1991 915 2018; x_wconf 79' lang='grc' dir='ltr'>καὶ</span> 
     </span>
    </p>
   </div>
   <div class='ocr_carea' id='block_1_45' title="bbox 133 2037 916 2069">
    <p class='ocr_par' dir='ltr' id='par_1_45' title="bbox 133 2037 916 2069">
     <span class='ocr_line' id='line_1_45' title="bbox 133 2037 916 2069; baseline -0.003 -4"><span class='ocrx_word' id='word_1_334' title='bbox 133 2040 191 2066; x_wconf 80' lang='grc' dir='ltr'>τῶν</span> <span class='ocrx_word' id='word_1_335' title='bbox 203 2039 289 2066; x_wconf 73' lang='grc' dir='ltr'>ἄλλων</span> <span class='ocrx_word' id='word_1_336' title='bbox 307 2038 553 2066; x_wconf 80' lang='grc' dir='ltr'>συναποδιίσταται.</span> <span class='ocrx_word' id='word_1_337' title='bbox 569 2038 623 2065; x_wconf 73' lang='grc' dir='ltr'><strong>Καὶ</strong></span> <span class='ocrx_word' id='word_1_338' title='bbox 638 2038 686 2064; x_wconf 74' lang='grc' dir='ltr'><strong>ἐπὶ</strong></span> <span class='ocrx_word' id='word_1_339' title='bbox 705 2037 760 2064; x_wconf 87' lang='grc' dir='ltr'>τῶν</span> <span class='ocrx_word' id='word_1_340' title='bbox 777 2037 916 2069; x_wconf 84' lang='grc' dir='ltr'>παντελῶς</span> 
     </span>
    </p>
   </div>
   <div class='ocr_carea' id='block_1_46' title="bbox 135 2083 916 2119">
    <p class='ocr_par' dir='ltr' id='par_1_46' title="bbox 135 2083 916 2119">
     <span class='ocr_line' id='line_1_46' title="bbox 135 2083 916 2119; baseline -0.001 -8"><span class='ocrx_word' id='word_1_341' title='bbox 135 2085 166 2111; x_wconf 75' lang='grc' dir='ltr'><strong>δὲ</strong></span> <span class='ocrx_word' id='word_1_342' title='bbox 181 2085 388 2119; x_wconf 84' lang='grc' dir='ltr'>κεχωρισμένην</span> <span class='ocrx_word' id='word_1_343' title='bbox 402 2085 538 2119; x_wconf 84' lang='grc' dir='ltr'>λαχόντων</span> <span class='ocrx_word' id='word_1_344' title='bbox 562 2083 611 2119; x_wconf 83' lang='grc' dir='ltr'>τὴν</span> <span class='ocrx_word' id='word_1_345' title='bbox 627 2084 786 2117; x_wconf 86' lang='grc' dir='ltr'>ὑπόστασιν,</span> <span class='ocrx_word' id='word_1_346' title='bbox 801 2083 816 2110; x_wconf 85' lang='grc' dir='ltr'><strong>ὁ</strong></span> <span class='ocrx_word' id='word_1_347' title='bbox 835 2083 916 2115; x_wconf 79' lang='grc' dir='ltr'>αὐτὸς</span> 
     </span>
    </p>
   </div>
   <div class='ocr_carea' id='block_1_47' title="bbox 136 2129 610 2165">
    <p class='ocr_par' dir='ltr' id='par_1_47' title="bbox 136 2129 610 2165">
     <span class='ocr_line' id='line_1_47' title="bbox 136 2129 610 2165; baseline 0.002 -10"><span class='ocrx_word' id='word_1_348' title='bbox 136 2129 232 2165; x_wconf 80' lang='grc' dir='ltr'>εἱρμδς</span> <span class='ocrx_word' id='word_1_349' title='bbox 248 2130 297 2164; x_wconf 84' lang='grc' dir='ltr'><strong>τῆς</strong></span> <span class='ocrx_word' id='word_1_350' title='bbox 308 2129 423 2165; x_wconf 80' lang='grc' dir='ltr'>θεωρίας</span> <span class='ocrx_word' id='word_1_351' title='bbox 438 2129 610 2162; x_wconf 76' lang='grc' dir='ltr'>διασώζεται.</span> 
     </span>
    </p>
   </div>
   <div class='ocr_carea' id='block_1_48' title="bbox 954 210 1733 248">
    <p class='ocr_par' dir='ltr' id='par_1_48' title="bbox 954 210 1733 248">
     <span class='ocr_line' id='line_1_48' title="bbox 954 210 1733 248; baseline 0.004 -11"><span class='ocrx_word' id='word_1_352' title='bbox 954 218 1008 245; x_wconf 89' lang='lat' dir='ltr'><strong>que</strong></span> <span class='ocrx_word' id='word_1_353' title='bbox 1021 210 1048 238; x_wconf 95' lang='lat' dir='ltr'><strong>hi</strong></span> <span class='ocrx_word' id='word_1_354' title='bbox 1064 211 1241 245; x_wconf 83' lang='lat' dir='ltr'><strong>productores</strong></span> <span class='ocrx_word' id='word_1_355' title='bbox 1256 215 1283 238; x_wconf 91' lang='lat' dir='ltr'><strong>et</strong></span> <span class='ocrx_word' id='word_1_356' title='bbox 1296 219 1393 240; x_wconf 80' lang='lat' dir='ltr'><strong>causas</strong></span> <span class='ocrx_word' id='word_1_357' title='bbox 1408 212 1440 245; x_wconf 74' lang='lat'><strong>&quot;,</strong></span> <span class='ocrx_word' id='word_1_358' title='bbox 1459 220 1507 239; x_wconf 87' lang='lat' dir='ltr'><strong>seu</strong></span> <span class='ocrx_word' id='word_1_359' title='bbox 1521 217 1646 240; x_wconf 79' lang='lat' dir='ltr'><strong>alietores</strong></span> <span class='ocrx_word' id='word_1_360' title='bbox 1669 213 1733 248; x_wconf 87' lang='lat' dir='ltr'><strong>Spi—</strong></span> 
     </span>
    </p>
   </div>
   <div class='ocr_carea' id='block_1_49' title="bbox 955 255 1734 294">
    <p class='ocr_par' dir='ltr' id='par_1_49' title="bbox 955 255 1734 294">
     <span class='ocr_line' id='line_1_49' title="bbox 955 255 1734 294; baseline 0.005 -12"><span class='ocrx_word' id='word_1_361' title='bbox 955 257 1024 283; x_wconf 92' lang='lat' dir='ltr'><strong>ritus</strong></span> <span class='ocrx_word' id='word_1_362' title='bbox 1037 256 1216 284; x_wconf 87' lang='lat' dir='ltr'><strong>constituent.</strong></span> <span class='ocrx_word' id='word_1_363' title='bbox 1233 255 1304 283; x_wconf 80' lang='lat' dir='ltr'><strong>Nihil</strong></span> <span class='ocrx_word' id='word_1_364' title='bbox 1321 257 1393 284; x_wconf 88' lang='lat' dir='ltr'><strong>enim</strong></span> <span class='ocrx_word' id='word_1_365' title='bbox 1412 258 1504 285; x_wconf 88' lang='lat' dir='ltr'><strong>minus</strong></span> <span class='ocrx_word' id='word_1_366' title='bbox 1519 258 1601 285; x_wconf 88' lang='lat' dir='ltr'><strong>etiam</strong></span> <span class='ocrx_word' id='word_1_367' title='bbox 1617 259 1734 294; x_wconf 80' lang='lat' dir='ltr'><strong>Spiritus</strong></span> 
     </span>
    </p>
   </div>
   <div class='ocr_carea' id='block_1_50' title="bbox 955 301 1734 338">
    <p class='ocr_par' dir='ltr' id='par_1_50' title="bbox 955 301 1734 338">
     <span class='ocr_line' id='line_1_50' title="bbox 955 301 1734 338; baseline 0.004 -10"><span class='ocrx_word' id='word_1_368' title='bbox 955 301 1095 336; x_wconf 70' lang='lat' dir='ltr'><strong>sapientiae</strong></span> <span class='ocrx_word' id='word_1_369' title='bbox 1115 306 1144 329; x_wconf 86' lang='lat' dir='ltr'><strong>et</strong></span> <span class='ocrx_word' id='word_1_370' title='bbox 1157 302 1288 335; x_wconf 58' lang='lat' dir='ltr'><strong>scientiae,</strong></span> <span class='ocrx_word' id='word_1_371' title='bbox 1303 302 1487 338; x_wconf 66' lang='lat' dir='ltr'><strong>intelligentim</strong></span> <span class='ocrx_word' id='word_1_372' title='bbox 1501 309 1529 331; x_wconf 92' lang='lat' dir='ltr'><strong>et</strong></span> <span class='ocrx_word' id='word_1_373' title='bbox 1557 304 1734 336; x_wconf 78' lang='lat' dir='ltr'><strong>fortitudinis,</strong></span> 
     </span>
    </p>
   </div>
   <div class='ocr_carea' id='block_1_51' title="bbox 955 346 1735 377">
    <p class='ocr_par' dir='ltr' id='par_1_51' title="bbox 955 346 1735 377">
     <span class='ocr_line' id='line_1_51' title="bbox 955 346 1735 377; baseline 0.003 -3"><span class='ocrx_word' id='word_1_374' title='bbox 955 350 983 374; x_wconf 90' lang='lat' dir='ltr'><strong>et</strong></span> <span class='ocrx_word' id='word_1_375' title='bbox 1001 346 1116 374; x_wconf 88' lang='lat' dir='ltr'><strong>aliorum</strong></span> <span class='ocrx_word' id='word_1_376' title='bbox 1129 347 1281 375; x_wconf 84' lang='lat' dir='ltr'><strong>istiusmodi</strong></span> <span class='ocrx_word' id='word_1_377' title='bbox 1304 348 1457 375; x_wconf 90' lang='lat' dir='ltr'><strong>divinorum</strong></span> <span class='ocrx_word' id='word_1_378' title='bbox 1473 349 1604 376; x_wconf 89' lang='lat' dir='ltr'><strong>donorum</strong></span> <span class='ocrx_word' id='word_1_379' title='bbox 1623 349 1735 377; x_wconf 91' lang='lat' dir='ltr'><strong>dicitur.</strong></span> 
     </span>
    </p>
   </div>
   <div class='ocr_carea' id='block_1_52' title="bbox 956 391 1734 428">
    <p class='ocr_par' dir='ltr' id='par_1_52' title="bbox 956 391 1734 428">
     <span class='ocr_line' id='line_1_52' title="bbox 956 391 1734 428; baseline 0.003 -9"><span class='ocrx_word' id='word_1_380' title='bbox 956 391 985 420; x_wconf 91' lang='lat' dir='ltr'><strong>Si</strong></span> <span class='ocrx_word' id='word_1_381' title='bbox 1001 392 1083 428; x_wconf 78' lang='lat' dir='ltr'><strong>igitur</strong></span> <span class='ocrx_word' id='word_1_382' title='bbox 1095 393 1166 428; x_wconf 91' lang='lat' dir='ltr'><strong>quod</strong></span> <span class='ocrx_word' id='word_1_383' title='bbox 1177 393 1273 420; x_wconf 88' lang='lat' dir='ltr'><strong>horum</strong></span> <span class='ocrx_word' id='word_1_384' title='bbox 1288 392 1405 428; x_wconf 87' lang='lat' dir='ltr'><strong>Spiritus</strong></span> <span class='ocrx_word' id='word_1_385' title='bbox 1413 393 1529 427; x_wconf 85' lang='lat' dir='ltr'><strong>dicatur,</strong></span> <span class='ocrx_word' id='word_1_386' title='bbox 1544 395 1644 422; x_wconf 80' lang='lat' dir='ltr'><strong>idcirco</strong></span> <span class='ocrx_word' id='word_1_387' title='bbox 1654 395 1734 421; x_wconf 86' lang='lat' dir='ltr'><strong>etiam</strong></span> 
     </span>
    </p>
   </div>
   <div class='ocr_carea' id='block_1_53' title="bbox 955 437 1736 475">
    <p class='ocr_par' dir='ltr' id='par_1_53' title="bbox 955 437 1736 475">
     <span class='ocr_line' id='line_1_53' title="bbox 955 437 1736 475; baseline 0.003 -11"><span class='ocrx_word' id='word_1_388' title='bbox 955 445 988 465; x_wconf 84' lang='lat' dir='ltr'><strong>ex</strong></span> <span class='ocrx_word' id='word_1_389' title='bbox 1002 437 1054 465; x_wconf 90' lang='lat' dir='ltr'><strong>illis</strong></span> <span class='ocrx_word' id='word_1_390' title='bbox 1067 438 1215 473; x_wconf 82' lang='lat' dir='ltr'><strong>procedere</strong></span> <span class='ocrx_word' id='word_1_391' title='bbox 1233 438 1354 473; x_wconf 81' lang='lat' dir='ltr'><strong>exigunt,</strong></span> <span class='ocrx_word' id='word_1_392' title='bbox 1378 438 1442 466; x_wconf 88' lang='lat' dir='ltr'><strong>licet</strong></span> <span class='ocrx_word' id='word_1_393' title='bbox 1457 439 1607 475; x_wconf 82' lang='lat' dir='ltr'><strong>intelligere</strong></span> <span class='ocrx_word' id='word_1_394' title='bbox 1621 440 1647 466; x_wconf 95' lang='lat' dir='ltr'><strong>in</strong></span> <span class='ocrx_word' id='word_1_395' title='bbox 1664 441 1736 474; x_wconf 88' lang='lat' dir='ltr'><strong>quod</strong></span> 
     </span>
    </p>
   </div>
   <div class='ocr_carea' id='block_1_54' title="bbox 955 484 1736 520">
    <p class='ocr_par' dir='ltr' id='par_1_54' title="bbox 955 484 1736 520">
     <span class='ocr_line' id='line_1_54' title="bbox 955 484 1736 520; baseline 0.003 -10"><span class='ocrx_word' id='word_1_396' title='bbox 955 491 1003 511; x_wconf 90' lang='lat' dir='ltr'><strong>eos</strong></span> <span class='ocrx_word' id='word_1_397' title='bbox 1017 484 1120 511; x_wconf 88' lang='lat' dir='ltr'><strong>erroris</strong></span> <span class='ocrx_word' id='word_1_398' title='bbox 1131 484 1289 511; x_wconf 90' lang='lat' dir='ltr'><strong>barathrum</strong></span> <span class='ocrx_word' id='word_1_399' title='bbox 1303 484 1457 520; x_wconf 66' lang='lat' dir='ltr'><strong>praecipites</strong></span> <span class='ocrx_word' id='word_1_400' title='bbox 1467 490 1538 520; x_wconf 76' lang='lat' dir='ltr'><strong>agat,</strong></span> <span class='ocrx_word' id='word_1_401' title='bbox 1551 493 1644 513; x_wconf 79' lang='lat' dir='ltr'><strong>eorum</strong></span> <span class='ocrx_word' id='word_1_402' title='bbox 1660 493 1736 512; x_wconf 89' lang='lat' dir='ltr'><strong>men-</strong></span> 
     </span>
    </p>
   </div>
   <div class='ocr_carea' id='block_1_55' title="bbox 956 528 1118 558">
    <p class='ocr_par' dir='ltr' id='par_1_55' title="bbox 956 528 1118 558">
     <span class='ocr_line' id='line_1_55' title="bbox 956 528 1118 558; baseline 0.006 -2"><span class='ocrx_word' id='word_1_403' title='bbox 956 528 990 556; x_wconf 91' lang='lat' dir='ltr'><strong>tis</strong></span> <span class='ocrx_word' id='word_1_404' title='bbox 1000 529 1118 558; x_wconf 84' lang='lat' dir='ltr'><strong>solertia.</strong></span> 
     </span>
    </p>
   </div>
   <div class='ocr_carea' id='block_1_56' title="bbox 992 715 1739 750">
    <p class='ocr_par' dir='ltr' id='par_1_56' title="bbox 992 715 1739 750">
     <span class='ocr_line' id='line_1_56' title="bbox 992 715 1739 750; baseline 0.001 -8"><span class='ocrx_word' id='word_1_405' title='bbox 992 715 1051 743; x_wconf 77' lang='lat' dir='ltr'><strong>XII.</strong></span> <span class='ocrx_word' id='word_1_406' title='bbox 1070 715 1131 743; x_wconf 80' lang='lat' dir='ltr'><strong>Alio</strong></span> <span class='ocrx_word' id='word_1_407' title='bbox 1152 719 1282 750; x_wconf 62' lang='lat' dir='ltr'><strong>praeterea</strong></span> <span class='ocrx_word' id='word_1_408' title='bbox 1304 715 1395 748; x_wconf 91' lang='lat' dir='ltr'><strong>modo,</strong></span> <span class='ocrx_word' id='word_1_409' title='bbox 1413 715 1465 743; x_wconf 87' lang='lat' dir='ltr'><strong>alia</strong></span> <span class='ocrx_word' id='word_1_410' title='bbox 1491 715 1589 743; x_wconf 86' lang='lat' dir='ltr'><strong>iterum</strong></span> <span class='ocrx_word' id='word_1_411' title='bbox 1613 716 1739 750; x_wconf 85' lang='lat' dir='ltr'><strong>blasphe-</strong></span> 
     </span>
    </p>
   </div>
   <div class='ocr_carea' id='block_1_57' title="bbox 957 761 1736 798">
    <p class='ocr_par' dir='ltr' id='par_1_57' title="bbox 957 761 1736 798">
     <span class='ocr_line' id='line_1_57' title="bbox 957 761 1736 798; baseline 0.003 -11"><span class='ocrx_word' id='word_1_412' title='bbox 957 761 1022 794; x_wconf 82' lang='lat' dir='ltr'><strong>mia,</strong></span> <span class='ocrx_word' id='word_1_413' title='bbox 1040 768 1073 788; x_wconf 79' lang='lat' dir='ltr'><strong>ex</strong></span> <span class='ocrx_word' id='word_1_414' title='bbox 1088 769 1181 789; x_wconf 88' lang='lat' dir='ltr'><strong>eorum</strong></span> <span class='ocrx_word' id='word_1_415' title='bbox 1193 762 1324 796; x_wconf 88' lang='lat' dir='ltr'><strong>opinione</strong></span> <span class='ocrx_word' id='word_1_416' title='bbox 1338 762 1402 788; x_wconf 89' lang='lat' dir='ltr'><strong>oriri</strong></span> <span class='ocrx_word' id='word_1_417' title='bbox 1415 762 1544 790; x_wconf 88' lang='lat' dir='ltr'><strong>cernitur.</strong></span> <span class='ocrx_word' id='word_1_418' title='bbox 1561 762 1627 789; x_wconf 80' lang='lat' dir='ltr'><strong>Nam</strong></span> <span class='ocrx_word' id='word_1_419' title='bbox 1641 763 1662 789; x_wconf 87' lang='lat' dir='ltr'><strong>si</strong></span> <span class='ocrx_word' id='word_1_420' title='bbox 1678 763 1736 798; x_wconf 81' lang='lat' dir='ltr'><strong>Spi-</strong></span> 
     </span>
    </p>
   </div>
   <div class='ocr_carea' id='block_1_58' title="bbox 959 807 1741 842">
    <p class='ocr_par' dir='ltr' id='par_1_58' title="bbox 959 807 1741 842">
     <span class='ocr_line' id='line_1_58' title="bbox 959 807 1741 842; baseline 0.001 -8"><span class='ocrx_word' id='word_1_421' title='bbox 959 807 1028 835; x_wconf 86' lang='lat' dir='ltr'><strong>ritus</strong></span> <span class='ocrx_word' id='word_1_422' title='bbox 1045 815 1060 834; x_wconf 85' lang='lat' dir='ltr'><strong>a</strong></span> <span class='ocrx_word' id='word_1_423' title='bbox 1076 807 1142 835; x_wconf 84' lang='lat' dir='ltr'><strong>Filio</strong></span> <span class='ocrx_word' id='word_1_424' title='bbox 1155 808 1287 842; x_wconf 82' lang='lat' dir='ltr'><strong>procedit,</strong></span> <span class='ocrx_word' id='word_1_425' title='bbox 1308 815 1361 834; x_wconf 91' lang='lat' dir='ltr'><strong>nou</strong></span> <span class='ocrx_word' id='word_1_426' title='bbox 1377 808 1469 842; x_wconf 90' lang='lat' dir='ltr'><strong>utique</strong></span> <span class='ocrx_word' id='word_1_427' title='bbox 1489 809 1633 842; x_wconf 81' lang='lat' dir='ltr'><strong>posterius.</strong></span> <span class='ocrx_word' id='word_1_428' title='bbox 1652 816 1741 842; x_wconf 88' lang='lat' dir='ltr'><strong>neque</strong></span> 
     </span>
    </p>
   </div>
   <div class='ocr_carea' id='block_1_59' title="bbox 960 853 1741 889">
    <p class='ocr_par' dir='ltr' id='par_1_59' title="bbox 960 853 1741 889">
     <span class='ocr_line' id='line_1_59' title="bbox 960 853 1741 889; baseline 0 -9"><span class='ocrx_word' id='word_1_429' title='bbox 960 854 1035 888; x_wconf 85' lang='lat' dir='ltr'><strong>prius</strong></span> <span class='ocrx_word' id='word_1_430' title='bbox 1051 853 1112 880; x_wconf 85' lang='lat' dir='ltr'><strong>Filii</strong></span> <span class='ocrx_word' id='word_1_431' title='bbox 1127 853 1304 889; x_wconf 76' lang='lat' dir='ltr'><strong>generatione</strong></span> <span class='ocrx_word' id='word_1_432' title='bbox 1319 854 1458 888; x_wconf 86' lang='lat' dir='ltr'><strong>procedet.</strong></span> <span class='ocrx_word' id='word_1_433' title='bbox 1476 854 1590 880; x_wconf 83' lang='lat' dir='ltr'><strong>Prorsus</strong></span> <span class='ocrx_word' id='word_1_434' title='bbox 1603 854 1674 880; x_wconf 84' lang='lat' dir='ltr'><strong>enim</strong></span> <span class='ocrx_word' id='word_1_435' title='bbox 1691 854 1741 880; x_wconf 88' lang='lat' dir='ltr'><strong>cli—</strong></span> 
     </span>
    </p>
   </div>
   <div class='ocr_carea' id='block_1_60' title="bbox 959 899 1742 927">
    <p class='ocr_par' dir='ltr' id='par_1_60' title="bbox 959 899 1742 927">
     <span class='ocr_line' id='line_1_60' title="bbox 959 899 1742 927; baseline 0.001 -2"><span class='ocrx_word' id='word_1_436' title='bbox 959 899 1098 926; x_wconf 90' lang='lat' dir='ltr'><strong>minantur</strong></span> <span class='ocrx_word' id='word_1_437' title='bbox 1109 906 1123 925; x_wconf 93' lang='lat' dir='ltr'><strong>a</strong></span> <span class='ocrx_word' id='word_1_438' title='bbox 1140 899 1311 926; x_wconf 86' lang='lat' dir='ltr'><strong>sanctissima</strong></span> <span class='ocrx_word' id='word_1_439' title='bbox 1324 899 1455 926; x_wconf 85' lang='lat' dir='ltr'><strong>Trinitate</strong></span> <span class='ocrx_word' id='word_1_440' title='bbox 1465 899 1591 926; x_wconf 83' lang='lat' dir='ltr'><strong>adverbia</strong></span> <span class='ocrx_word' id='word_1_441' title='bbox 1607 899 1664 926; x_wconf 74' lang='lat' dir='ltr'><strong>hanc</strong></span> <span class='ocrx_word' id='word_1_442' title='bbox 1676 905 1742 927; x_wconf 85' lang='lat' dir='ltr'><strong>tem—</strong></span> 
     </span>
    </p>
   </div>
   <div class='ocr_carea' id='block_1_61' title="bbox 959 943 1741 979">
    <p class='ocr_par' dir='ltr' id='par_1_61' title="bbox 959 943 1741 979">
     <span class='ocr_line' id='line_1_61' title="bbox 959 943 1741 979; baseline 0.001 -9"><span class='ocrx_word' id='word_1_443' title='bbox 959 944 1042 978; x_wconf 90' lang='lat' dir='ltr'><strong>poris.</strong></span> <span class='ocrx_word' id='word_1_444' title='bbox 1062 943 1089 971; x_wconf 92' lang='lat' dir='ltr'><strong>Si</strong></span> <span class='ocrx_word' id='word_1_445' title='bbox 1106 944 1188 979; x_wconf 79' lang='lat' dir='ltr'><strong>igitur</strong></span> <span class='ocrx_word' id='word_1_446' title='bbox 1211 944 1291 971; x_wconf 90' lang='lat' dir='ltr'><strong>simul</strong></span> <span class='ocrx_word' id='word_1_447' title='bbox 1305 943 1414 978; x_wconf 85' lang='lat' dir='ltr'><strong>quidem</strong></span> <span class='ocrx_word' id='word_1_448' title='bbox 1431 951 1446 970; x_wconf 89' lang='lat' dir='ltr'><strong>a</strong></span> <span class='ocrx_word' id='word_1_449' title='bbox 1462 944 1550 975; x_wconf 82' lang='lat' dir='ltr'><strong>Patre,</strong></span> <span class='ocrx_word' id='word_1_450' title='bbox 1566 945 1699 979; x_wconf 77' lang='lat' dir='ltr'><strong>simulque</strong></span> <span class='ocrx_word' id='word_1_451' title='bbox 1726 953 1741 972; x_wconf 91' lang='lat' dir='ltr'><strong>a</strong></span> 
     </span>
    </p>
   </div>
   <div class='ocr_carea' id='block_1_62' title="bbox 959 989 1742 1024">
    <p class='ocr_par' dir='ltr' id='par_1_62' title="bbox 959 989 1742 1024">
     <span class='ocr_line' id='line_1_62' title="bbox 959 989 1742 1024; baseline 0 -8"><span class='ocrx_word' id='word_1_452' title='bbox 959 989 1028 1017; x_wconf 86' lang='lat' dir='ltr'><strong>Filio</strong></span> <span class='ocrx_word' id='word_1_453' title='bbox 1052 990 1192 1024; x_wconf 86' lang='lat' dir='ltr'><strong>procedit,</strong></span> <span class='ocrx_word' id='word_1_454' title='bbox 1217 990 1251 1017; x_wconf 89' lang='lat' dir='ltr'><strong>ab</strong></span> <span class='ocrx_word' id='word_1_455' title='bbox 1264 990 1384 1024; x_wconf 90' lang='lat' dir='ltr'><strong>utrisque</strong></span> <span class='ocrx_word' id='word_1_456' title='bbox 1412 989 1618 1024; x_wconf 88' lang='lat' dir='ltr'><strong>producentium</strong></span> <span class='ocrx_word' id='word_1_457' title='bbox 1643 991 1742 1024; x_wconf 77' lang='lat' dir='ltr'><strong>pariter</strong></span> 
     </span>
    </p>
   </div>
   <div class='ocr_carea' id='block_1_63' title="bbox 960 1035 1743 1070">
    <p class='ocr_par' dir='ltr' id='par_1_63' title="bbox 960 1035 1743 1070">
     <span class='ocr_line' id='line_1_63' title="bbox 960 1035 1743 1070; baseline 0.001 -8"><span class='ocrx_word' id='word_1_458' title='bbox 960 1035 1107 1063; x_wconf 87' lang='lat' dir='ltr'><strong>distinctus</strong></span> <span class='ocrx_word' id='word_1_459' title='bbox 1133 1036 1256 1070; x_wconf 76' lang='lat' dir='ltr'><strong>personis</strong></span> <span class='ocrx_word' id='word_1_460' title='bbox 1276 1036 1330 1062; x_wconf 92' lang='lat' dir='ltr'><strong>erit</strong></span> <span class='ocrx_word' id='word_1_461' title='bbox 1345 1045 1352 1062; x_wconf 88' lang='lat'>:</span> <span class='ocrx_word' id='word_1_462' title='bbox 1369 1042 1401 1061; x_wconf 88' lang='lat' dir='ltr'><strong>ac</strong></span> <span class='ocrx_word' id='word_1_463' title='bbox 1419 1043 1468 1069; x_wconf 91' lang='lat' dir='ltr'><strong>pro</strong></span> <span class='ocrx_word' id='word_1_464' title='bbox 1484 1043 1548 1067; x_wconf 92' lang='lat' dir='ltr'><strong>uno,</strong></span> <span class='ocrx_word' id='word_1_465' title='bbox 1565 1035 1663 1069; x_wconf 76' lang='lat' dir='ltr'><strong>duplex</strong></span> <span class='ocrx_word' id='word_1_466' title='bbox 1691 1035 1743 1063; x_wconf 83' lang='lat' dir='ltr'><strong>illis</strong></span> 
     </span>
    </p>
   </div>
   <div class='ocr_carea' id='block_1_64' title="bbox 960 1081 1743 1115">
    <p class='ocr_par' dir='ltr' id='par_1_64' title="bbox 960 1081 1743 1115">
     <span class='ocr_line' id='line_1_64' title="bbox 960 1081 1743 1115; baseline 0 -7"><span class='ocrx_word' id='word_1_467' title='bbox 960 1081 1013 1108; x_wconf 87' lang='lat' dir='ltr'><strong>erit</strong></span> <span class='ocrx_word' id='word_1_468' title='bbox 1041 1081 1168 1115; x_wconf 87' lang='lat' dir='ltr'><strong>Spiritus,</strong></span> <span class='ocrx_word' id='word_1_469' title='bbox 1186 1081 1255 1108; x_wconf 85' lang='lat' dir='ltr'><strong>alter</strong></span> <span class='ocrx_word' id='word_1_470' title='bbox 1273 1081 1320 1115; x_wconf 90' lang='lat' dir='ltr'><strong>qui</strong></span> <span class='ocrx_word' id='word_1_471' title='bbox 1345 1088 1359 1107; x_wconf 89' lang='lat' dir='ltr'><strong>a</strong></span> <span class='ocrx_word' id='word_1_472' title='bbox 1375 1081 1463 1112; x_wconf 84' lang='lat' dir='ltr'><strong>I’atre,</strong></span> <span class='ocrx_word' id='word_1_473' title='bbox 1487 1081 1555 1108; x_wconf 87' lang='lat' dir='ltr'><strong>alter</strong></span> <span class='ocrx_word' id='word_1_474' title='bbox 1572 1082 1617 1115; x_wconf 89' lang='lat' dir='ltr'><strong>qui</strong></span> <span class='ocrx_word' id='word_1_475' title='bbox 1636 1089 1651 1107; x_wconf 87' lang='lat' dir='ltr'><strong>a</strong></span> <span class='ocrx_word' id='word_1_476' title='bbox 1676 1082 1743 1108; x_wconf 82' lang='lat' dir='ltr'><strong>Filio</strong></span> 
     </span>
    </p>
   </div>
   <div class='ocr_carea' id='block_1_65' title="bbox 961 1126 1741 1161">
    <p class='ocr_par' dir='ltr' id='par_1_65' title="bbox 961 1126 1741 1161">
     <span class='ocr_line' id='line_1_65' title="bbox 961 1126 1741 1161; baseline 0 -8"><span class='ocrx_word' id='word_1_477' title='bbox 961 1127 1092 1161; x_wconf 87' lang='lat' dir='ltr'><strong>procedit.</strong></span> <span class='ocrx_word' id='word_1_478' title='bbox 1123 1126 1193 1154; x_wconf 89' lang='lat' dir='ltr'><strong>Sane</strong></span> <span class='ocrx_word' id='word_1_479' title='bbox 1204 1127 1277 1154; x_wconf 88' lang='lat' dir='ltr'><strong>enim</strong></span> <span class='ocrx_word' id='word_1_480' title='bbox 1298 1126 1366 1153; x_wconf 86' lang='lat' dir='ltr'><strong>nihil</strong></span> <span class='ocrx_word' id='word_1_481' title='bbox 1389 1127 1449 1161; x_wconf 87' lang='lat' dir='ltr'><strong>ejus</strong></span> <span class='ocrx_word' id='word_1_482' title='bbox 1465 1128 1592 1154; x_wconf 74' lang='lat' dir='ltr'><strong>novitatis</strong></span> <span class='ocrx_word' id='word_1_483' title='bbox 1613 1127 1741 1159; x_wconf 88' lang='lat' dir='ltr'><strong>occurrit,</strong></span> 
     </span>
    </p>
   </div>
   <div class='ocr_carea' id='block_1_66' title="bbox 962 1172 1743 1207">
    <p class='ocr_par' dir='ltr' id='par_1_66' title="bbox 962 1172 1743 1207">
     <span class='ocr_line' id='line_1_66' title="bbox 962 1172 1743 1207; baseline 0 -7"><span class='ocrx_word' id='word_1_484' title='bbox 962 1181 1013 1200; x_wconf 93' lang='lat' dir='ltr'><strong>nec</strong></span> <span class='ocrx_word' id='word_1_485' title='bbox 1025 1173 1052 1200; x_wconf 92' lang='lat' dir='ltr'><strong>in</strong></span> <span class='ocrx_word' id='word_1_486' title='bbox 1065 1172 1108 1200; x_wconf 88' lang='lat' dir='ltr'><strong>his</strong></span> <span class='ocrx_word' id='word_1_487' title='bbox 1129 1173 1228 1207; x_wconf 87' lang='lat' dir='ltr'><strong>quibus</strong></span> <span class='ocrx_word' id='word_1_488' title='bbox 1245 1180 1294 1206; x_wconf 89' lang='lat' dir='ltr'><strong>per</strong></span> <span class='ocrx_word' id='word_1_489' title='bbox 1309 1173 1510 1207; x_wconf 80' lang='lat' dir='ltr'><strong>generationem</strong></span> <span class='ocrx_word' id='word_1_490' title='bbox 1527 1177 1557 1200; x_wconf 91' lang='lat' dir='ltr'><strong>ut</strong></span> <span class='ocrx_word' id='word_1_491' title='bbox 1576 1173 1631 1200; x_wconf 88' lang='lat' dir='ltr'><strong>sint</strong></span> <span class='ocrx_word' id='word_1_492' title='bbox 1647 1173 1674 1200; x_wconf 93' lang='lat' dir='ltr'><strong>in</strong></span> <span class='ocrx_word' id='word_1_493' title='bbox 1702 1181 1743 1200; x_wconf 87' lang='lat' dir='ltr'><strong>re-</strong></span> 
     </span>
    </p>
   </div>
   <div class='ocr_carea' id='block_1_67' title="bbox 962 1218 1743 1254">
    <p class='ocr_par' dir='ltr' id='par_1_67' title="bbox 962 1218 1743 1254">
     <span class='ocr_line' id='line_1_67' title="bbox 962 1218 1743 1254; baseline 0 -8"><span class='ocrx_word' id='word_1_494' title='bbox 962 1227 1021 1247; x_wconf 84' lang='lat' dir='ltr'><strong>rum</strong></span> <span class='ocrx_word' id='word_1_495' title='bbox 1038 1224 1134 1246; x_wconf 85' lang='lat' dir='ltr'><strong>natura</strong></span> <span class='ocrx_word' id='word_1_496' title='bbox 1148 1218 1291 1254; x_wconf 78' lang='lat' dir='ltr'><strong>contingit.</strong></span> <span class='ocrx_word' id='word_1_497' title='bbox 1308 1218 1418 1245; x_wconf 82' lang='lat' dir='ltr'><strong>Diversa</strong></span> <span class='ocrx_word' id='word_1_498' title='bbox 1431 1218 1503 1245; x_wconf 91' lang='lat' dir='ltr'><strong>enim</strong></span> <span class='ocrx_word' id='word_1_499' title='bbox 1516 1218 1664 1245; x_wconf 89' lang='lat' dir='ltr'><strong>secundum</strong></span> <span class='ocrx_word' id='word_1_500' title='bbox 1678 1219 1743 1246; x_wconf 89' lang='lat' dir='ltr'><strong>sub-</strong></span> 
     </span>
    </p>
   </div>
   <div class='ocr_carea' id='block_1_68' title="bbox 962 1263 1743 1298">
    <p class='ocr_par' dir='ltr' id='par_1_68' title="bbox 962 1263 1743 1298">
     <span class='ocr_line' id='line_1_68' title="bbox 962 1263 1743 1298; baseline -0.001 -7"><span class='ocrx_word' id='word_1_501' title='bbox 962 1264 1087 1291; x_wconf 81' lang='lat' dir='ltr'><strong>stantiam</strong></span> <span class='ocrx_word' id='word_1_502' title='bbox 1115 1264 1207 1291; x_wconf 80' lang='lat' dir='ltr'><strong>videre</strong></span> <span class='ocrx_word' id='word_1_503' title='bbox 1221 1263 1294 1296; x_wconf 88' lang='lat' dir='ltr'><strong>licet,</strong></span> <span class='ocrx_word' id='word_1_504' title='bbox 1310 1271 1370 1298; x_wconf 68' lang='lat' dir='ltr'><strong>qua:</strong></span> <span class='ocrx_word' id='word_1_505' title='bbox 1383 1271 1416 1290; x_wconf 79' lang='lat' dir='ltr'><strong>ex</strong></span> <span class='ocrx_word' id='word_1_506' title='bbox 1432 1271 1485 1290; x_wconf 91' lang='lat' dir='ltr'><strong>una</strong></span> <span class='ocrx_word' id='word_1_507' title='bbox 1506 1263 1654 1298; x_wconf 79' lang='lat' dir='ltr'><strong>cadentque</strong></span> <span class='ocrx_word' id='word_1_508' title='bbox 1677 1264 1743 1290; x_wconf 78' lang='lat' dir='ltr'><strong>sub—</strong></span> 
     </span>
    </p>
   </div>
   <div class='ocr_carea' id='block_1_69' title="bbox 963 1309 1743 1346">
    <p class='ocr_par' dir='ltr' id='par_1_69' title="bbox 963 1309 1743 1346">
     <span class='ocr_line' id='line_1_69' title="bbox 963 1309 1743 1346; baseline -0.004 -7"><span class='ocrx_word' id='word_1_509' title='bbox 963 1311 1061 1339; x_wconf 88' lang='lat' dir='ltr'><strong>stantia</strong></span> <span class='ocrx_word' id='word_1_510' title='bbox 1071 1311 1129 1346; x_wconf 87' lang='lat' dir='ltr'><strong>(seu</strong></span> <span class='ocrx_word' id='word_1_511' title='bbox 1144 1310 1290 1345; x_wconf 86' lang='lat' dir='ltr'><strong>hypostasi)</strong></span> <span class='ocrx_word' id='word_1_512' title='bbox 1307 1310 1467 1344; x_wconf 88' lang='lat' dir='ltr'><strong>procedunt.</strong></span> <span class='ocrx_word' id='word_1_513' title='bbox 1488 1309 1565 1342; x_wconf 82' lang='lat' dir='ltr'><strong>Quod</strong></span> <span class='ocrx_word' id='word_1_514' title='bbox 1584 1317 1647 1337; x_wconf 89' lang='lat' dir='ltr'><strong>vero</strong></span> <span class='ocrx_word' id='word_1_515' title='bbox 1659 1318 1743 1336; x_wconf 92' lang='lat' dir='ltr'><strong>unum</strong></span> 
     </span>
    </p>
   </div>
   <div class='ocr_carea' id='block_1_70' title="bbox 963 1355 1743 1389">
    <p class='ocr_par' dir='ltr' id='par_1_70' title="bbox 963 1355 1743 1389">
     <span class='ocr_line' id='line_1_70' title="bbox 963 1355 1743 1389; baseline -0.003 -6"><span class='ocrx_word' id='word_1_516' title='bbox 963 1361 990 1384; x_wconf 92' lang='lat' dir='ltr'><strong>et</strong></span> <span class='ocrx_word' id='word_1_517' title='bbox 1001 1356 1072 1383; x_wconf 88' lang='lat' dir='ltr'><strong>idem</strong></span> <span class='ocrx_word' id='word_1_518' title='bbox 1094 1355 1244 1383; x_wconf 90' lang='lat' dir='ltr'><strong>secundum</strong></span> <span class='ocrx_word' id='word_1_519' title='bbox 1262 1355 1441 1382; x_wconf 84' lang='lat' dir='ltr'><strong>substantiam</strong></span> <span class='ocrx_word' id='word_1_520' title='bbox 1459 1363 1491 1381; x_wconf 80' lang='lat' dir='ltr'><strong>ex</strong></span> <span class='ocrx_word' id='word_1_521' title='bbox 1507 1355 1621 1382; x_wconf 83' lang='lat' dir='ltr'><strong>diversis</strong></span> <span class='ocrx_word' id='word_1_522' title='bbox 1648 1363 1743 1389; x_wconf 83' lang='lat' dir='ltr'><strong>proce—</strong></span> 
     </span>
    </p>
   </div>
   <div class='ocr_carea' id='block_1_71' title="bbox 963 1400 1743 1436">
    <p class='ocr_par' dir='ltr' id='par_1_71' title="bbox 963 1400 1743 1436">
     <span class='ocr_line' id='line_1_71' title="bbox 963 1400 1743 1436; baseline -0.005 -6"><span class='ocrx_word' id='word_1_523' title='bbox 963 1403 1019 1434; x_wconf 80' lang='lat' dir='ltr'><strong>dat,</strong></span> <span class='ocrx_word' id='word_1_524' title='bbox 1035 1409 1085 1429; x_wconf 91' lang='lat' dir='ltr'><strong>nec</strong></span> <span class='ocrx_word' id='word_1_525' title='bbox 1093 1402 1149 1436; x_wconf 85' lang='lat' dir='ltr'><strong>pari</strong></span> <span class='ocrx_word' id='word_1_526' title='bbox 1165 1409 1196 1428; x_wconf 85' lang='lat' dir='ltr'><strong>ac</strong></span> <span class='ocrx_word' id='word_1_527' title='bbox 1212 1401 1392 1435; x_wconf 88' lang='lat' dir='ltr'><strong>producentes</strong></span> <span class='ocrx_word' id='word_1_528' title='bbox 1402 1400 1561 1427; x_wconf 73' lang='lat' dir='ltr'><strong>substantia:</strong></span> <span class='ocrx_word' id='word_1_529' title='bbox 1575 1400 1743 1427; x_wconf 84' lang='lat' dir='ltr'><strong>disliuctioui</strong></span> 
     </span>
    </p>
   </div>
   <div class='ocr_carea' id='block_1_72' title="bbox 964 1446 1745 1482">
    <p class='ocr_par' dir='ltr' id='par_1_72' title="bbox 964 1446 1745 1482">
     <span class='ocr_line' id='line_1_72' title="bbox 964 1446 1745 1482; baseline -0.004 -7"><span class='ocrx_word' id='word_1_530' title='bbox 964 1448 1113 1482; x_wconf 73' lang='lat' dir='ltr'><strong>subiaceat,</strong></span> <span class='ocrx_word' id='word_1_531' title='bbox 1138 1455 1226 1481; x_wconf 91' lang='lat' dir='ltr'><strong>neque</strong></span> <span class='ocrx_word' id='word_1_532' title='bbox 1241 1447 1379 1482; x_wconf 81' lang='lat' dir='ltr'><strong>generatio</strong></span> <span class='ocrx_word' id='word_1_533' title='bbox 1398 1451 1528 1480; x_wconf 79' lang='lat' dir='ltr'><strong>ortusque</strong></span> <span class='ocrx_word' id='word_1_534' title='bbox 1558 1446 1745 1481; x_wconf 84' lang='lat' dir='ltr'><strong>productionis</strong></span> 
     </span>
    </p>
   </div>
   <div class='ocr_carea' id='block_1_73' title="bbox 965 1490 1742 1526">
    <p class='ocr_par' dir='ltr' id='par_1_73' title="bbox 965 1490 1742 1526">
     <span class='ocr_line' id='line_1_73' title="bbox 965 1490 1742 1526; baseline -0.001 -7"><span class='ocrx_word' id='word_1_535' title='bbox 965 1499 1055 1519; x_wconf 87' lang='lat' dir='ltr'><strong>rerum</strong></span> <span class='ocrx_word' id='word_1_536' title='bbox 1071 1490 1203 1526; x_wconf 81' lang='lat' dir='ltr'><strong>agnoscit,</strong></span> <span class='ocrx_word' id='word_1_537' title='bbox 1215 1498 1265 1517; x_wconf 89' lang='lat' dir='ltr'><strong>nec</strong></span> <span class='ocrx_word' id='word_1_538' title='bbox 1278 1490 1299 1517; x_wconf 88' lang='lat' dir='ltr'><strong>si</strong></span> <span class='ocrx_word' id='word_1_539' title='bbox 1312 1491 1375 1524; x_wconf 91' lang='lat' dir='ltr'><strong>quid</strong></span> <span class='ocrx_word' id='word_1_540' title='bbox 1388 1491 1432 1517; x_wconf 90' lang='lat' dir='ltr'><strong>illo</strong></span> <span class='ocrx_word' id='word_1_541' title='bbox 1444 1491 1616 1525; x_wconf 57' lang='lat' dir='ltr'><strong>praestantius</strong></span> <span class='ocrx_word' id='word_1_542' title='bbox 1628 1490 1742 1518; x_wconf 78' lang='lat' dir='ltr'><strong>exsistit.</strong></span> 
     </span>
    </p>
   </div>
   <div class='ocr_carea' id='block_1_74' title="bbox 999 1537 1744 1570">
    <p class='ocr_par' dir='ltr' id='par_1_74' title="bbox 999 1537 1744 1570">
     <span class='ocr_line' id='line_1_74' title="bbox 999 1537 1744 1570; baseline -0.003 -5"><span class='ocrx_word' id='word_1_543' title='bbox 999 1538 1069 1565; x_wconf 79' lang='lat' dir='ltr'><strong>XIII.</strong></span> <span class='ocrx_word' id='word_1_544' title='bbox 1090 1538 1196 1565; x_wconf 88' lang='lat' dir='ltr'><strong>Etenim</strong></span> <span class='ocrx_word' id='word_1_545' title='bbox 1216 1537 1263 1564; x_wconf 83' lang='lat' dir='ltr'><strong>tilii</strong></span> <span class='ocrx_word' id='word_1_546' title='bbox 1277 1537 1354 1564; x_wconf 87' lang='lat' dir='ltr'><strong>multi</strong></span> <span class='ocrx_word' id='word_1_547' title='bbox 1375 1544 1561 1570; x_wconf 74' lang='lat' dir='ltr'><strong>smpenumero</strong></span> <span class='ocrx_word' id='word_1_548' title='bbox 1574 1545 1607 1563; x_wconf 77' lang='lat' dir='ltr'><strong>ex</strong></span> <span class='ocrx_word' id='word_1_549' title='bbox 1625 1544 1678 1563; x_wconf 91' lang='lat' dir='ltr'><strong>uno</strong></span> <span class='ocrx_word' id='word_1_550' title='bbox 1695 1543 1744 1563; x_wconf 91' lang='lat' dir='ltr'><strong>eo-</strong></span> 
     </span>
    </p>
   </div>
   <div class='ocr_carea' id='block_1_75' title="bbox 963 1581 1741 1617">
    <p class='ocr_par' dir='ltr' id='par_1_75' title="bbox 963 1581 1741 1617">
     <span class='ocr_line' id='line_1_75' title="bbox 963 1581 1741 1617; baseline -0.001 -8"><span class='ocrx_word' id='word_1_551' title='bbox 963 1583 1078 1617; x_wconf 88' lang='lat' dir='ltr'><strong>demque</strong></span> <span class='ocrx_word' id='word_1_552' title='bbox 1093 1585 1181 1613; x_wconf 88' lang='lat' dir='ltr'><strong>utero,</strong></span> <span class='ocrx_word' id='word_1_553' title='bbox 1202 1585 1229 1609; x_wconf 90' lang='lat' dir='ltr'><strong>et</strong></span> <span class='ocrx_word' id='word_1_554' title='bbox 1245 1581 1336 1613; x_wconf 88' lang='lat' dir='ltr'><strong>simul,</strong></span> <span class='ocrx_word' id='word_1_555' title='bbox 1353 1585 1380 1607; x_wconf 92' lang='lat' dir='ltr'><strong>et</strong></span> <span class='ocrx_word' id='word_1_556' title='bbox 1405 1582 1517 1608; x_wconf 86' lang='lat' dir='ltr'><strong>seorsim</strong></span> <span class='ocrx_word' id='word_1_557' title='bbox 1542 1586 1691 1609; x_wconf 89' lang='lat' dir='ltr'><strong>cernuntur</strong></span> <span class='ocrx_word' id='word_1_558' title='bbox 1714 1582 1741 1608; x_wconf 95' lang='lat' dir='ltr'><strong>in</strong></span> 
     </span>
    </p>
   </div>
   <div class='ocr_carea' id='block_1_76' title="bbox 963 1626 1745 1661">
    <p class='ocr_par' dir='ltr' id='par_1_76' title="bbox 963 1626 1745 1661">
     <span class='ocr_line' id='line_1_76' title="bbox 963 1626 1745 1661; baseline 0 -7"><span class='ocrx_word' id='word_1_559' title='bbox 963 1626 1050 1654; x_wconf 88' lang='lat' dir='ltr'><strong>lucem</strong></span> <span class='ocrx_word' id='word_1_560' title='bbox 1068 1627 1110 1654; x_wconf 86' lang='lat' dir='ltr'><strong>edi</strong></span> <span class='ocrx_word' id='word_1_561' title='bbox 1123 1635 1131 1660; x_wconf 88' lang='lat'><strong>;</strong></span> <span class='ocrx_word' id='word_1_562' title='bbox 1152 1626 1299 1661; x_wconf 85' lang='lat' dir='ltr'><strong>eademque</strong></span> <span class='ocrx_word' id='word_1_563' title='bbox 1314 1634 1409 1653; x_wconf 87' lang='lat' dir='ltr'><strong>manus</strong></span> <span class='ocrx_word' id='word_1_564' title='bbox 1421 1631 1448 1653; x_wconf 89' lang='lat' dir='ltr'><strong>et</strong></span> <span class='ocrx_word' id='word_1_565' title='bbox 1463 1627 1541 1653; x_wconf 60' lang='lat' dir='ltr'><strong>cadit</strong></span> <span class='ocrx_word' id='word_1_566' title='bbox 1554 1631 1582 1653; x_wconf 90' lang='lat' dir='ltr'><strong>et</strong></span> <span class='ocrx_word' id='word_1_567' title='bbox 1596 1627 1699 1659; x_wconf 80' lang='lat' dir='ltr'><strong>scribit,</strong></span> <span class='ocrx_word' id='word_1_568' title='bbox 1717 1632 1745 1654; x_wconf 88' lang='lat' dir='ltr'><strong>et</strong></span> 
     </span>
    </p>
   </div>
   <div class='ocr_carea' id='block_1_77' title="bbox 964 1671 1745 1707">
    <p class='ocr_par' dir='ltr' id='par_1_77' title="bbox 964 1671 1745 1707">
     <span class='ocr_line' id='line_1_77' title="bbox 964 1671 1745 1707; baseline 0 -8"><span class='ocrx_word' id='word_1_569' title='bbox 964 1673 1094 1700; x_wconf 83' lang='lat' dir='ltr'><strong>beneﬁcia</strong></span> <span class='ocrx_word' id='word_1_570' title='bbox 1121 1676 1239 1707; x_wconf 66' lang='lat' dir='ltr'><strong>prmstat,</strong></span> <span class='ocrx_word' id='word_1_571' title='bbox 1256 1676 1283 1699; x_wconf 91' lang='lat' dir='ltr'><strong>et</strong></span> <span class='ocrx_word' id='word_1_572' title='bbox 1303 1672 1335 1699; x_wconf 87' lang='lat' dir='ltr'><strong>ad</strong></span> <span class='ocrx_word' id='word_1_573' title='bbox 1352 1671 1436 1699; x_wconf 88' lang='lat' dir='ltr'><strong>Deum</strong></span> <span class='ocrx_word' id='word_1_574' title='bbox 1462 1672 1602 1699; x_wconf 87' lang='lat' dir='ltr'><strong>tenditur:</strong></span> <span class='ocrx_word' id='word_1_575' title='bbox 1626 1673 1745 1700; x_wconf 85' lang='lat' dir='ltr'><strong>scribere</strong></span> 
     </span>
    </p>
   </div>
   <div class='ocr_carea' id='block_1_78' title="bbox 964 1718 1745 1752">
    <p class='ocr_par' dir='ltr' id='par_1_78' title="bbox 964 1718 1745 1752">
     <span class='ocr_line' id='line_1_78' title="bbox 964 1718 1745 1752; baseline 0 -7"><span class='ocrx_word' id='word_1_576' title='bbox 964 1723 1055 1745; x_wconf 91' lang='lat' dir='ltr'><strong>autem</strong></span> <span class='ocrx_word' id='word_1_577' title='bbox 1069 1726 1131 1745; x_wconf 90' lang='lat' dir='ltr'><strong>cum</strong></span> <span class='ocrx_word' id='word_1_578' title='bbox 1145 1725 1242 1745; x_wconf 91' lang='lat' dir='ltr'><strong>manus</strong></span> <span class='ocrx_word' id='word_1_579' title='bbox 1255 1718 1388 1752; x_wconf 86' lang='lat' dir='ltr'><strong>integrum</strong></span> <span class='ocrx_word' id='word_1_580' title='bbox 1400 1725 1468 1752; x_wconf 88' lang='lat' dir='ltr'><strong>opus</strong></span> <span class='ocrx_word' id='word_1_581' title='bbox 1483 1718 1583 1750; x_wconf 74' lang='lat' dir='ltr'><strong>videre,</strong></span> <span class='ocrx_word' id='word_1_582' title='bbox 1601 1723 1657 1745; x_wconf 90' lang='lat' dir='ltr'><strong>tum</strong></span> <span class='ocrx_word' id='word_1_583' title='bbox 1669 1719 1745 1745; x_wconf 85' lang='lat' dir='ltr'><strong>simi—</strong></span> 
     </span>
    </p>
   </div>
   <div class='ocr_carea' id='block_1_79' title="bbox 964 1763 1745 1798">
    <p class='ocr_par' dir='ltr' id='par_1_79' title="bbox 964 1763 1745 1798">
     <span class='ocr_line' id='line_1_79' title="bbox 964 1763 1745 1798; baseline 0 -8"><span class='ocrx_word' id='word_1_584' title='bbox 964 1764 1026 1791; x_wconf 87' lang='lat' dir='ltr'><strong>liter</strong></span> <span class='ocrx_word' id='word_1_585' title='bbox 1040 1764 1133 1798; x_wconf 87' lang='lat' dir='ltr'><strong>pcdis:</strong></span> <span class='ocrx_word' id='word_1_586' title='bbox 1150 1768 1196 1790; x_wconf 88' lang='lat' dir='ltr'><strong>aut</strong></span> <span class='ocrx_word' id='word_1_587' title='bbox 1219 1763 1358 1790; x_wconf 84' lang='lat' dir='ltr'><strong>ambulare</strong></span> <span class='ocrx_word' id='word_1_588' title='bbox 1372 1763 1486 1797; x_wconf 87' lang='lat' dir='ltr'><strong>perinde</strong></span> <span class='ocrx_word' id='word_1_589' title='bbox 1502 1763 1640 1798; x_wconf 88' lang='lat' dir='ltr'><strong>utriusque</strong></span> <span class='ocrx_word' id='word_1_590' title='bbox 1658 1764 1745 1790; x_wconf 90' lang='lat' dir='ltr'><strong>dicto-</strong></span> 
     </span>
    </p>
   </div>
   <div class='ocr_carea' id='block_1_80' title="bbox 964 1808 1745 1843">
    <p class='ocr_par' dir='ltr' id='par_1_80' title="bbox 964 1808 1745 1843">
     <span class='ocr_line' id='line_1_80' title="bbox 964 1808 1745 1843; baseline 0 -7"><span class='ocrx_word' id='word_1_591' title='bbox 964 1817 1024 1837; x_wconf 88' lang='lat' dir='ltr'><strong>rum</strong></span> <span class='ocrx_word' id='word_1_592' title='bbox 1042 1816 1140 1836; x_wconf 91' lang='lat' dir='ltr'><strong>munus</strong></span> <span class='ocrx_word' id='word_1_593' title='bbox 1154 1816 1229 1841; x_wconf 86' lang='lat' dir='ltr'><strong>esse,</strong></span> <span class='ocrx_word' id='word_1_594' title='bbox 1244 1809 1363 1842; x_wconf 89' lang='lat' dir='ltr'><strong>itemque</strong></span> <span class='ocrx_word' id='word_1_595' title='bbox 1379 1808 1516 1835; x_wconf 87' lang='lat' dir='ltr'><strong>oculorum</strong></span> <span class='ocrx_word' id='word_1_596' title='bbox 1527 1808 1687 1843; x_wconf 87' lang='lat' dir='ltr'><strong>auriumque</strong></span> <span class='ocrx_word' id='word_1_597' title='bbox 1702 1809 1745 1836; x_wconf 83' lang='lat' dir='ltr'><strong>vi-</strong></span> 
     </span>
    </p>
   </div>
   <div class='ocr_carea' id='block_1_81' title="bbox 965 1853 1747 1889">
    <p class='ocr_par' dir='ltr' id='par_1_81' title="bbox 965 1853 1747 1889">
     <span class='ocr_line' id='line_1_81' title="bbox 965 1853 1747 1889; baseline 0.001 -7"><span class='ocrx_word' id='word_1_598' title='bbox 965 1855 1038 1888; x_wconf 88' lang='lat' dir='ltr'><strong>dere,</strong></span> <span class='ocrx_word' id='word_1_599' title='bbox 1048 1859 1094 1882; x_wconf 90' lang='lat' dir='ltr'><strong>aut</strong></span> <span class='ocrx_word' id='word_1_600' title='bbox 1106 1855 1128 1881; x_wconf 90' lang='lat' dir='ltr'><strong>si</strong></span> <span class='ocrx_word' id='word_1_601' title='bbox 1147 1862 1200 1889; x_wconf 87' lang='lat' dir='ltr'><strong>qua</strong></span> <span class='ocrx_word' id='word_1_602' title='bbox 1219 1853 1352 1888; x_wconf 86' lang='lat' dir='ltr'><strong>ejusmodi</strong></span> <span class='ocrx_word' id='word_1_603' title='bbox 1380 1858 1454 1886; x_wconf 87' lang='lat' dir='ltr'><strong>sunt,</strong></span> <span class='ocrx_word' id='word_1_604' title='bbox 1467 1862 1548 1881; x_wconf 83' lang='lat' dir='ltr'><strong>neruo</strong></span> <span class='ocrx_word' id='word_1_605' title='bbox 1563 1862 1635 1881; x_wconf 76' lang='lat' dir='ltr'><strong>same</strong></span> <span class='ocrx_word' id='word_1_606' title='bbox 1647 1856 1747 1883; x_wconf 91' lang='lat' dir='ltr'><strong>mentis</strong></span> 
     </span>
    </p>
   </div>
   <div class='ocr_carea' id='block_1_82' title="bbox 964 1898 1746 1935">
    <p class='ocr_par' dir='ltr' id='par_1_82' title="bbox 964 1898 1746 1935">
     <span class='ocr_line' id='line_1_82' title="bbox 964 1898 1746 1935; baseline 0.003 -9"><span class='ocrx_word' id='word_1_607' title='bbox 964 1899 1124 1935; x_wconf 78' lang='lat' dir='ltr'><strong>putaverit:</strong></span> <span class='ocrx_word' id='word_1_608' title='bbox 1151 1899 1199 1926; x_wconf 74' lang='lat' dir='ltr'><strong>sed</strong></span> <span class='ocrx_word' id='word_1_609' title='bbox 1227 1898 1456 1933; x_wconf 83' lang='lat' dir='ltr'><strong>quemadmodum</strong></span> <span class='ocrx_word' id='word_1_610' title='bbox 1481 1899 1601 1926; x_wconf 83' lang='lat' dir='ltr'><strong>membra</strong></span> <span class='ocrx_word' id='word_1_611' title='bbox 1622 1908 1669 1927; x_wconf 88' lang='lat' dir='ltr'><strong>sua</strong></span> <span class='ocrx_word' id='word_1_612' title='bbox 1692 1901 1746 1928; x_wconf 91' lang='lat' dir='ltr'><strong>cir-</strong></span> 
     </span>
    </p>
   </div>
   <div class='ocr_carea' id='block_1_83' title="bbox 964 1943 1747 1979">
    <p class='ocr_par' dir='ltr' id='par_1_83' title="bbox 964 1943 1747 1979">
     <span class='ocr_line' id='line_1_83' title="bbox 964 1943 1747 1979; baseline 0.001 -6"><span class='ocrx_word' id='word_1_613' title='bbox 964 1944 1177 1979; x_wconf 90' lang='lat' dir='ltr'><strong>cumscriptione</strong></span> <span class='ocrx_word' id='word_1_614' title='bbox 1202 1944 1254 1971; x_wconf 87' lang='lat' dir='ltr'><strong>alia</strong></span> <span class='ocrx_word' id='word_1_615' title='bbox 1272 1943 1306 1971; x_wconf 82' lang='lat' dir='ltr'><strong>ab</strong></span> <span class='ocrx_word' id='word_1_616' title='bbox 1327 1943 1388 1971; x_wconf 83' lang='lat' dir='ltr'><strong>aliis</strong></span> <span class='ocrx_word' id='word_1_617' title='bbox 1410 1944 1536 1972; x_wconf 79' lang='lat' dir='ltr'><strong>distincta</strong></span> <span class='ocrx_word' id='word_1_618' title='bbox 1558 1950 1632 1978; x_wconf 85' lang='lat' dir='ltr'><strong>sunt,</strong></span> <span class='ocrx_word' id='word_1_619' title='bbox 1657 1946 1698 1974; x_wconf 88' lang='lat' dir='ltr'><strong>sic</strong></span> <span class='ocrx_word' id='word_1_620' title='bbox 1718 1951 1747 1974; x_wconf 89' lang='lat' dir='ltr'><strong>et</strong></span> 
     </span>
    </p>
   </div>
   <div class='ocr_carea' id='block_1_84' title="bbox 965 1989 1747 2025">
    <p class='ocr_par' dir='ltr' id='par_1_84' title="bbox 965 1989 1747 2025">
     <span class='ocr_line' id='line_1_84' title="bbox 965 1989 1747 2025; baseline 0.003 -7"><span class='ocrx_word' id='word_1_621' title='bbox 965 1990 1096 2025; x_wconf 88' lang='lat' dir='ltr'><strong>cujusque</strong></span> <span class='ocrx_word' id='word_1_622' title='bbox 1105 1989 1144 2016; x_wconf 81' lang='lat' dir='ltr'><strong>vis</strong></span> <span class='ocrx_word' id='word_1_623' title='bbox 1160 1996 1191 2016; x_wconf 79' lang='lat' dir='ltr'><strong>ex</strong></span> <span class='ocrx_word' id='word_1_624' title='bbox 1200 1989 1371 2024; x_wconf 85' lang='lat' dir='ltr'><strong>operantium</strong></span> <span class='ocrx_word' id='word_1_625' title='bbox 1384 1989 1474 2017; x_wconf 90' lang='lat' dir='ltr'><strong>indole</strong></span> <span class='ocrx_word' id='word_1_626' title='bbox 1485 1991 1677 2023; x_wconf 80' lang='lat' dir='ltr'><strong>condividitur,</strong></span> <span class='ocrx_word' id='word_1_627' title='bbox 1689 1997 1716 2020; x_wconf 84' lang='lat' dir='ltr'><strong>et</strong></span> <span class='ocrx_word' id='word_1_628' title='bbox 1730 2000 1747 2019; x_wconf 84' lang='lat' dir='ltr'><strong>a</strong></span> 
     </span>
    </p>
   </div>
   <div class='ocr_carea' id='block_1_85' title="bbox 965 2035 1748 2074">
    <p class='ocr_par' dir='ltr' id='par_1_85' title="bbox 965 2035 1748 2074">
     <span class='ocr_line' id='line_1_85' title="bbox 965 2035 1748 2074; baseline 0.004 -11"><span class='ocrx_word' id='word_1_629' title='bbox 965 2036 1078 2071; x_wconf 87' lang='lat' dir='ltr'><strong>reliquis</strong></span> <span class='ocrx_word' id='word_1_630' title='bbox 1085 2035 1322 2070; x_wconf 79' lang='lat' dir='ltr'><strong>condistinguitur.</strong></span> <span class='ocrx_word' id='word_1_631' title='bbox 1336 2035 1424 2070; x_wconf 83' lang='lat' dir='ltr'><strong>Atque</strong></span> <span class='ocrx_word' id='word_1_632' title='bbox 1434 2036 1502 2063; x_wconf 87' lang='lat' dir='ltr'><strong>adeo</strong></span> <span class='ocrx_word' id='word_1_633' title='bbox 1513 2037 1540 2064; x_wconf 93' lang='lat' dir='ltr'><strong>in</strong></span> <span class='ocrx_word' id='word_1_634' title='bbox 1549 2037 1583 2065; x_wconf 90' lang='lat' dir='ltr'><strong>iis</strong></span> <span class='ocrx_word' id='word_1_635' title='bbox 1593 2038 1673 2066; x_wconf 84' lang='lat' dir='ltr'><strong>etiam</strong></span> <span class='ocrx_word' id='word_1_636' title='bbox 1687 2047 1748 2074; x_wconf 63' lang='lat' dir='ltr'><strong>quae</strong></span> 
     </span>
    </p>
   </div>
   <div class='ocr_carea' id='block_1_86' title="bbox 965 2082 1746 2118">
    <p class='ocr_par' dir='ltr' id='par_1_86' title="bbox 965 2082 1746 2118">
     <span class='ocr_line' id='line_1_86' title="bbox 965 2082 1746 2118; baseline 0.005 -9"><span class='ocrx_word' id='word_1_637' title='bbox 965 2082 1073 2117; x_wconf 89' lang='lat' dir='ltr'><strong>penitus</strong></span> <span class='ocrx_word' id='word_1_638' title='bbox 1103 2082 1248 2109; x_wconf 85' lang='lat' dir='ltr'><strong>discretam</strong></span> <span class='ocrx_word' id='word_1_639' title='bbox 1267 2086 1348 2109; x_wconf 86' lang='lat' dir='ltr'><strong>nacta</strong></span> <span class='ocrx_word' id='word_1_640' title='bbox 1368 2085 1432 2109; x_wconf 90' lang='lat' dir='ltr'><strong>sunt</strong></span> <span class='ocrx_word' id='word_1_641' title='bbox 1451 2083 1645 2118; x_wconf 80' lang='lat' dir='ltr'><strong>substantiam,</strong></span> <span class='ocrx_word' id='word_1_642' title='bbox 1675 2086 1746 2113; x_wconf 90' lang='lat' dir='ltr'><strong>idem</strong></span> 
     </span>
    </p>
   </div>
   <div class='ocr_carea' id='block_1_87' title="bbox 966 2127 1433 2163">
    <p class='ocr_par' dir='ltr' id='par_1_87' title="bbox 966 2127 1433 2163">
     <span class='ocr_line' id='line_1_87' title="bbox 966 2127 1433 2163; baseline 0 -8"><span class='ocrx_word' id='word_1_643' title='bbox 966 2127 1202 2163; x_wconf 85' lang='lat' dir='ltr'><strong>contemplationis</strong></span> <span class='ocrx_word' id='word_1_644' title='bbox 1216 2127 1283 2155; x_wconf 88' lang='lat' dir='ltr'><strong>ordo</strong></span> <span class='ocrx_word' id='word_1_645' title='bbox 1299 2134 1433 2155; x_wconf 85' lang='lat' dir='ltr'><strong>servatur.</strong></span> 
     </span>
    </p>
   </div>
   <div class='ocr_carea' id='block_1_88' title="bbox 174 2168 912 2211">
    <p class='ocr_par' dir='ltr' id='par_1_88' title="bbox 174 2175 912 2211">
     <span class='ocr_line' id='line_1_88' title="bbox 174 2175 912 2211; baseline -0.001 -8"><span class='ocrx_word' id='word_1_646' title='bbox 174 2175 221 2203; x_wconf 80' lang='lat' dir='ltr'><strong>l.\’.</strong></span> <span class='ocrx_word' id='word_1_647' title='bbox 235 2176 282 2207; x_wconf 81' lang='grc' dir='ltr'><strong>Τίς</strong></span> <span class='ocrx_word' id='word_1_648' title='bbox 299 2176 345 2202; x_wconf 79' lang='grc' dir='ltr'><strong>οὖν</strong></span> <span class='ocrx_word' id='word_1_649' title='bbox 358 2177 438 2210; x_wconf 79' lang='grc' dir='ltr'>ἑτέρα</span> <span class='ocrx_word' id='word_1_650' title='bbox 450 2176 588 2211; x_wconf 80' lang='grc' dir='ltr'>πρόφασις</span> <span class='ocrx_word' id='word_1_651' title='bbox 602 2177 659 2207; x_wconf 87' lang='grc' dir='ltr'>τοῖς</span> <span class='ocrx_word' id='word_1_652' title='bbox 685 2175 855 2211; x_wconf 80' lang='grc' dir='ltr'>βλασφημεῖν</span> <span class='ocrx_word' id='word_1_653' title='bbox 874 2175 912 2202; x_wconf 80' lang='grc' dir='ltr'><strong>αἰ-</strong></span> 
     </span>
    </p>
   </div>
   <div class='ocr_carea' id='block_1_89' title="bbox 963 2168 1747 2211">
    <p class='ocr_par' dir='ltr' id='par_1_89' title="bbox 1001 2173 1747 2210">
     <span class='ocr_line' id='line_1_89' title="bbox 1001 2173 1747 2210; baseline 0.005 -9"><span class='ocrx_word' id='word_1_654' title='bbox 1001 2173 1072 2202; x_wconf 71' lang='grc' dir='ltr'>Χιν.</span> <span class='ocrx_word' id='word_1_655' title='bbox 1093 2174 1160 2207; x_wconf 75' lang='lat' dir='ltr'><strong>Qua:</strong></span> <span class='ocrx_word' id='word_1_656' title='bbox 1174 2173 1256 2210; x_wconf 77' lang='lat' dir='ltr'><strong>igitur</strong></span> <span class='ocrx_word' id='word_1_657' title='bbox 1268 2174 1320 2201; x_wconf 89' lang='lat' dir='ltr'><strong>alia</strong></span> <span class='ocrx_word' id='word_1_658' title='bbox 1332 2174 1488 2202; x_wconf 86' lang='lat' dir='ltr'><strong>volentibus</strong></span> <span class='ocrx_word' id='word_1_659' title='bbox 1503 2175 1687 2210; x_wconf 84' lang='lat' dir='ltr'><strong>blasphemare</strong></span> <span class='ocrx_word' id='word_1_660' title='bbox 1703 2185 1747 2205; x_wconf 88' lang='lat' dir='ltr'><strong>rc-</strong></span> 
     </span>
    </p>
   </div>
   <div class='ocr_carea' id='block_1_90' title="bbox 135 2221 915 2260">
    <p class='ocr_par' dir='ltr' id='par_1_90' title="bbox 135 2221 915 2260">
     <span class='ocr_line' id='line_1_90' title="bbox 135 2221 915 2260; baseline -0.001 -11"><span class='ocrx_word' id='word_1_661' title='bbox 135 2222 279 2260; x_wconf 75' lang='grc' dir='ltr'>ρουμένοις</span> <span class='ocrx_word' id='word_1_662' title='bbox 298 2221 474 2248; x_wconf 86' lang='grc' dir='ltr'>ὑπολείπεται</span> <span class='ocrx_word' id='word_1_663' title='bbox 488 2230 496 2255; x_wconf 84' lang='grc'>;</span> <span class='ocrx_word' id='word_1_664' title='bbox 515 2221 674 2257; x_wconf 82' lang='grc' dir='ltr'>Εὐμήχανον</span> <span class='ocrx_word' id='word_1_665' title='bbox 689 2221 744 2257; x_wconf 78' lang='grc' dir='ltr'>γὰρ</span> <span class='ocrx_word' id='word_1_666' title='bbox 770 2222 784 2248; x_wconf 83' lang='grc' dir='ltr'>ὁ</span> <span class='ocrx_word' id='word_1_667' title='bbox 797 2221 915 2256; x_wconf 76' lang='grc' dir='ltr'>πονηρὸς</span> 
     </span>
    </p>
   </div>
   <div class='ocr_carea' id='block_1_91' title="bbox 138 2266 916 2303">
    <p class='ocr_par' dir='ltr' id='par_1_91' title="bbox 138 2266 916 2303">
     <span class='ocr_line' id='line_1_91' title="bbox 138 2266 916 2303; baseline -0.005 -7"><span class='ocrx_word' id='word_1_668' title='bbox 138 2269 179 2301; x_wconf 76' lang='grc' dir='ltr'><strong>εἰς</strong></span> <span class='ocrx_word' id='word_1_669' title='bbox 194 2268 301 2303; x_wconf 81' lang='grc' dir='ltr'>ἀπάτην</span> <span class='ocrx_word' id='word_1_670' title='bbox 311 2276 318 2283; x_wconf 91' lang='grc'>·</span> <span class='ocrx_word' id='word_1_671' title='bbox 347 2267 397 2295; x_wconf 80' lang='grc' dir='ltr'>κᾶν</span> <span class='ocrx_word' id='word_1_672' title='bbox 413 2268 429 2302; x_wconf 84' lang='grc' dir='ltr'><strong>ἡ</strong></span> <span class='ocrx_word' id='word_1_673' title='bbox 444 2266 491 2295; x_wconf 82' lang='grc' dir='ltr'>τοῦ</span> <span class='ocrx_word' id='word_1_674' title='bbox 518 2267 715 2302; x_wconf 84' lang='grc' dir='ltr'>ἀκρογωνιαίου</span> <span class='ocrx_word' id='word_1_675' title='bbox 745 2266 819 2293; x_wconf 80' lang='grc' dir='ltr'>λίθου</span> <span class='ocrx_word' id='word_1_676' title='bbox 835 2266 916 2301; x_wconf 79' lang='grc' dir='ltr'>σοφία</span> 
     </span>
    </p>
   </div>
   <div class='ocr_carea' id='block_1_92' title="bbox 137 2311 918 2349">
    <p class='ocr_par' dir='ltr' id='par_1_92' title="bbox 137 2311 918 2349">
     <span class='ocr_line' id='line_1_92' title="bbox 137 2311 918 2349; baseline -0.005 -8"><span class='ocrx_word' id='word_1_677' title='bbox 137 2315 186 2342; x_wconf 80' lang='lat' dir='ltr'><strong>xui</strong></span> <span class='ocrx_word' id='word_1_678' title='bbox 198 2313 322 2349; x_wconf 85' lang='grc' dir='ltr'>δύναμις,</span> <span class='ocrx_word' id='word_1_679' title='bbox 347 2312 392 2340; x_wconf 80' lang='grc' dir='ltr'><strong>διὰ</strong></span> <span class='ocrx_word' id='word_1_680' title='bbox 404 2312 459 2339; x_wconf 85' lang='grc' dir='ltr'><strong>τῶν</strong></span> <span class='ocrx_word' id='word_1_681' title='bbox 471 2311 553 2339; x_wconf 77' lang='grc' dir='ltr'>αὐτοῦ</span> <span class='ocrx_word' id='word_1_682' title='bbox 566 2311 740 2348; x_wconf 84' lang='grc' dir='ltr'>θεραπόντων</span> <span class='ocrx_word' id='word_1_683' title='bbox 752 2311 851 2347; x_wconf 75' lang='grc' dir='ltr'><strong>ῥᾳδίως</strong></span> <span class='ocrx_word' id='word_1_684' title='bbox 868 2311 918 2337; x_wconf 82' lang='grc' dir='ltr'><strong>αὺ-</strong></span> 
     </span>
    </p>
   </div>
   <div class='ocr_carea' id='block_1_93' title="bbox 135 2358 921 2396">
    <p class='ocr_par' dir='ltr' id='par_1_93' title="bbox 135 2358 921 2396">
     <span class='ocr_line' id='line_1_93' title="bbox 135 2358 921 2396; baseline -0.003 -9"><span class='ocrx_word' id='word_1_685' title='bbox 135 2361 185 2387; x_wconf 83' lang='grc' dir='ltr'>τοῦ</span> <span class='ocrx_word' id='word_1_686' title='bbox 206 2359 384 2396; x_wconf 79' lang='grc' dir='ltr'>καταθραύση</span> <span class='ocrx_word' id='word_1_687' title='bbox 404 2359 438 2387; x_wconf 83' lang='grc' dir='ltr'>τὰ</span> <span class='ocrx_word' id='word_1_688' title='bbox 461 2360 655 2396; x_wconf 81' lang='grc' dir='ltr'>μηχανήματα.</span> <span class='ocrx_word' id='word_1_689' title='bbox 675 2359 756 2387; x_wconf 79' lang='grc' dir='ltr'>Ἀλλὰ</span> <span class='ocrx_word' id='word_1_690' title='bbox 774 2358 802 2386; x_wconf 87' lang='grc' dir='ltr'><strong>τί</strong></span> <span class='ocrx_word' id='word_1_691' title='bbox 815 2359 921 2390; x_wconf 77' lang='grc' dir='ltr'>τούτοις</span> 
     </span>
    </p>
   </div>
   <div class='ocr_carea' id='block_1_94' title="bbox 173 2449 360 2484">
    <p class='ocr_par' dir='ltr' id='par_1_94' title="bbox 173 2449 360 2484">
     <span class='ocr_line' id='line_1_94' title="bbox 173 2449 360 2484; baseline 0 -6"><span class='ocrx_word' id='word_1_692' title='bbox 173 2449 196 2465; x_wconf 72' lang='grc'><strong>³³</strong></span> <span class='ocrx_word' id='word_1_693' title='bbox 215 2451 266 2479; x_wconf 86' lang='lat' dir='ltr'><strong>lsa.</strong></span> <span class='ocrx_word' id='word_1_694' title='bbox 282 2459 320 2484; x_wconf 69' lang='grc' dir='ltr'>ιι,</span> <span class='ocrx_word' id='word_1_695' title='bbox 335 2452 360 2480; x_wconf 83' lang='grc'><strong>1.</strong></span> 
     </span>
    </p>
   </div>
   <div class='ocr_carea' id='block_1_95' title="bbox 967 2219 1747 2256">
    <p class='ocr_par' dir='ltr' id='par_1_95' title="bbox 967 2219 1747 2256">
     <span class='ocr_line' id='line_1_95' title="bbox 967 2219 1747 2256; baseline 0.004 -9"><span class='ocrx_word' id='word_1_696' title='bbox 967 2220 1040 2255; x_wconf 88' lang='lat' dir='ltr'><strong>liqua</strong></span> <span class='ocrx_word' id='word_1_697' title='bbox 1059 2219 1165 2248; x_wconf 88' lang='lat' dir='ltr'><strong>occasio</strong></span> <span class='ocrx_word' id='word_1_698' title='bbox 1177 2220 1189 2247; x_wconf 86' lang='lat'><strong>?</strong></span> <span class='ocrx_word' id='word_1_699' title='bbox 1202 2219 1291 2247; x_wconf 89' lang='lat' dir='ltr'><strong>Facile</strong></span> <span class='ocrx_word' id='word_1_700' title='bbox 1304 2220 1378 2247; x_wconf 90' lang='lat' dir='ltr'><strong>enim</strong></span> <span class='ocrx_word' id='word_1_701' title='bbox 1391 2220 1437 2255; x_wconf 91' lang='lat' dir='ltr'><strong>qui</strong></span> <span class='ocrx_word' id='word_1_702' title='bbox 1461 2228 1542 2256; x_wconf 80' lang='lat' dir='ltr'><strong>prava</strong></span> <span class='ocrx_word' id='word_1_703' title='bbox 1557 2227 1598 2249; x_wconf 89' lang='lat' dir='ltr'><strong>est</strong></span> <span class='ocrx_word' id='word_1_704' title='bbox 1611 2227 1701 2250; x_wconf 90' lang='lat' dir='ltr'><strong>mente</strong></span> <span class='ocrx_word' id='word_1_705' title='bbox 1720 2224 1747 2250; x_wconf 93' lang='lat' dir='ltr'><strong>in</strong></span> 
     </span>
    </p>
   </div>
   <div class='ocr_carea' id='block_1_96' title="bbox 968 2265 1747 2303">
    <p class='ocr_par' dir='ltr' id='par_1_96' title="bbox 968 2265 1747 2303">
     <span class='ocr_line' id='line_1_96' title="bbox 968 2265 1747 2303; baseline 0.004 -10"><span class='ocrx_word' id='word_1_706' title='bbox 968 2273 1088 2294; x_wconf 88' lang='lat' dir='ltr'><strong>errorem</strong></span> <span class='ocrx_word' id='word_1_707' title='bbox 1105 2265 1222 2299; x_wconf 88' lang='lat' dir='ltr'><strong>labitur;</strong></span> <span class='ocrx_word' id='word_1_708' title='bbox 1238 2266 1343 2295; x_wconf 86' lang='lat' dir='ltr'><strong>tametsi</strong></span> <span class='ocrx_word' id='word_1_709' title='bbox 1357 2266 1493 2300; x_wconf 75' lang='lat' dir='ltr'><strong>angularis</strong></span> <span class='ocrx_word' id='word_1_710' title='bbox 1507 2266 1603 2301; x_wconf 83' lang='lat' dir='ltr'><strong>lapidis</strong></span> <span class='ocrx_word' id='word_1_711' title='bbox 1616 2269 1747 2303; x_wconf 83' lang='lat' dir='ltr'><strong>sapientia</strong></span> 
     </span>
    </p>
   </div>
   <div class='ocr_carea' id='block_1_97' title="bbox 964 2312 1747 2348">
    <p class='ocr_par' dir='ltr' id='par_1_97' title="bbox 964 2312 1747 2348">
     <span class='ocr_line' id='line_1_97' title="bbox 964 2312 1747 2348; baseline 0.003 -8"><span class='ocrx_word' id='word_1_712' title='bbox 964 2320 998 2340; x_wconf 91' lang='lat' dir='ltr'><strong>ac</strong></span> <span class='ocrx_word' id='word_1_713' title='bbox 1007 2312 1104 2346; x_wconf 82' lang='lat' dir='ltr'><strong>virtus,</strong></span> <span class='ocrx_word' id='word_1_714' title='bbox 1116 2320 1165 2348; x_wconf 88' lang='lat' dir='ltr'><strong>per</strong></span> <span class='ocrx_word' id='word_1_715' title='bbox 1179 2319 1272 2341; x_wconf 83' lang='lat' dir='ltr'><strong>servos</strong></span> <span class='ocrx_word' id='word_1_716' title='bbox 1284 2320 1358 2345; x_wconf 86' lang='lat' dir='ltr'><strong>suos,</strong></span> <span class='ocrx_word' id='word_1_717' title='bbox 1374 2320 1468 2340; x_wconf 89' lang='lat' dir='ltr'><strong>eorum</strong></span> <span class='ocrx_word' id='word_1_718' title='bbox 1492 2312 1569 2340; x_wconf 79' lang='lat' dir='ltr'><strong>facile</strong></span> <span class='ocrx_word' id='word_1_719' title='bbox 1581 2314 1663 2342; x_wconf 82' lang='lat' dir='ltr'><strong>elidat</strong></span> <span class='ocrx_word' id='word_1_720' title='bbox 1680 2323 1747 2342; x_wconf 88' lang='lat' dir='ltr'><strong>con-</strong></span> 
     </span>
    </p>
   </div>
   <div class='ocr_carea' id='block_1_98' title="bbox 965 2357 1747 2394">
    <p class='ocr_par' dir='ltr' id='par_1_98' title="bbox 965 2357 1747 2394">
     <span class='ocr_line' id='line_1_98' title="bbox 965 2357 1747 2394; baseline 0.001 -8"><span class='ocrx_word' id='word_1_721' title='bbox 965 2359 1038 2387; x_wconf 89' lang='lat' dir='ltr'><strong>silia.</strong></span> <span class='ocrx_word' id='word_1_722' title='bbox 1052 2359 1097 2392; x_wconf 81' lang='lat' dir='ltr'><strong>At,</strong></span> <span class='ocrx_word' id='word_1_723' title='bbox 1114 2358 1179 2394; x_wconf 91' lang='lat' dir='ltr'><strong>quid</strong></span> <span class='ocrx_word' id='word_1_724' title='bbox 1193 2358 1247 2386; x_wconf 87' lang='lat' dir='ltr'><strong>illis</strong></span> <span class='ocrx_word' id='word_1_725' title='bbox 1260 2359 1293 2387; x_wconf 92' lang='lat' dir='ltr'><strong>ad</strong></span> <span class='ocrx_word' id='word_1_726' title='bbox 1310 2357 1504 2394; x_wconf 88' lang='lat' dir='ltr'><strong>blasphemiam</strong></span> <span class='ocrx_word' id='word_1_727' title='bbox 1520 2359 1677 2394; x_wconf 86' lang='lat' dir='ltr'><strong>reliquum?</strong></span> <span class='ocrx_word' id='word_1_728' title='bbox 1694 2360 1747 2388; x_wconf 80' lang='lat' dir='ltr'><strong>Do-</strong></span> 
     </span>
    </p>
   </div>
   <div class='ocr_carea' id='block_1_99' title="bbox 878 2526 995 2556">
    <p class='ocr_par' dir='ltr' id='par_1_99' title="bbox 878 2526 995 2556">
     <span class='ocr_line' id='line_1_99' title="bbox 878 2526 995 2556; baseline 0.017 -2"><span class='ocrx_word' id='word_1_729' title='bbox 878 2526 995 2556; x_wconf 78' lang='grc' dir='ltr'><strong>ΝΟΤᾹΞ.</strong></span> 
     </span>
    </p>
   </div>
   <div class='ocr_carea' id='block_1_100' title="bbox 175 2607 920 2646">
    <p class='ocr_par' dir='ltr' id='par_1_100' title="bbox 175 2607 920 2646">
     <span class='ocr_line' id='line_1_100' title="bbox 175 2607 920 2646; baseline -0.004 -9"><span class='ocrx_word' id='word_1_730' title='bbox 175 2611 231 2646; x_wconf 73' lang='grc'><strong>(1⁸2)</strong></span> <span class='ocrx_word' id='word_1_731' title='bbox 266 2612 375 2644; x_wconf 67' lang='grc' dir='ltr'>Ἔργον</span> <span class='ocrx_word' id='word_1_732' title='bbox 390 2611 567 2644; x_wconf 72' lang='grc' dir='ltr'>ὁλόκληρον.</span> <span class='ocrx_word' id='word_1_733' title='bbox 588 2609 685 2636; x_wconf 86' lang='lat' dir='ltr'><strong>Metius</strong></span> <span class='ocrx_word' id='word_1_734' title='bbox 698 2608 804 2646; x_wconf 79' lang='lat' dir='ltr'><strong>videtur</strong></span> <span class='ocrx_word' id='word_1_735' title='bbox 823 2607 920 2646; x_wconf 74' lang='lat' dir='ltr'><strong>legisse</strong></span> 
     </span>
    </p>
   </div>
   <div class='ocr_carea' id='block_1_101' title="bbox 139 2643 919 2679">
    <p class='ocr_par' dir='ltr' id='par_1_101' title="bbox 139 2643 919 2679">
     <span class='ocr_line' id='line_1_101' title="bbox 139 2643 919 2679; baseline -0.004 -6"><span class='ocrx_word' id='word_1_736' title='bbox 139 2643 329 2679; x_wconf 51' lang='grc' dir='ltr'>κατάλληλον-⁷</span> <span class='ocrx_word' id='word_1_737' title='bbox 349 2646 433 2679; x_wconf 79' lang='lat' dir='ltr'><strong>magis</strong></span> <span class='ocrx_word' id='word_1_738' title='bbox 457 2643 597 2679; x_wconf 60' lang='lat' dir='ltr'><strong>couyruum</strong></span> <span class='ocrx_word' id='word_1_739' title='bbox 623 2651 707 2678; x_wconf 78' lang='lat' dir='ltr'><strong>opus:</strong></span> <span class='ocrx_word' id='word_1_740' title='bbox 732 2643 779 2670; x_wconf 89' lang='lat' dir='ltr'><strong>sed</strong></span> <span class='ocrx_word' id='word_1_741' title='bbox 803 2643 870 2679; x_wconf 89' lang='lat' dir='ltr'><strong>nihil</strong></span> <span class='ocrx_word' id='word_1_742' title='bbox 885 2643 919 2670; x_wconf 84' lang='lat' dir='ltr'><strong>ad</strong></span> 
     </span>
    </p>
   </div>
   <div class='ocr_carea' id='block_1_102' title="bbox 137 2678 919 2713">
    <p class='ocr_par' dir='ltr' id='par_1_102' title="bbox 137 2678 919 2713">
     <span class='ocr_line' id='line_1_102' title="bbox 137 2678 919 2713; baseline -0.006 -4"><span class='ocrx_word' id='word_1_743' title='bbox 137 2689 197 2709; x_wconf 77' lang='lat' dir='ltr'><strong>rem</strong></span> <span class='ocrx_word' id='word_1_744' title='bbox 215 2678 313 2708; x_wconf 87' lang='lat' dir='ltr'><strong>reddit.</strong></span> <span class='ocrx_word' id='word_1_745' title='bbox 335 2678 439 2706; x_wconf 31' lang='lat' dir='ltr'><strong>Insu’lso</strong></span> <span class='ocrx_word' id='word_1_746' title='bbox 453 2678 566 2706; x_wconf 77' lang='lat' dir='ltr'><strong>Phdtius</strong></span> <span class='ocrx_word' id='word_1_747' title='bbox 586 2682 755 2713; x_wconf 76' lang='lat' dir='ltr'><strong>argumento,</strong></span> <span class='ocrx_word' id='word_1_748' title='bbox 772 2678 842 2711; x_wconf 90' lang='lat' dir='ltr'><strong>quod</strong></span> <span class='ocrx_word' id='word_1_749' title='bbox 856 2685 919 2705; x_wconf 87' lang='lat' dir='ltr'><strong>sen-</strong></span> 
     </span>
    </p>
   </div>
   <div class='ocr_carea' id='block_1_103' title="bbox 140 2713 919 2748">
    <p class='ocr_par' dir='ltr' id='par_1_103' title="bbox 140 2713 919 2748">
     <span class='ocr_line' id='line_1_103' title="bbox 140 2713 919 2748; baseline -0.005 -5"><span class='ocrx_word' id='word_1_750' title='bbox 140 2723 218 2743; x_wconf 87' lang='lat' dir='ltr'><strong>suum</strong></span> <span class='ocrx_word' id='word_1_751' title='bbox 245 2716 340 2743; x_wconf 89' lang='lat' dir='ltr'><strong>vitales</strong></span> <span class='ocrx_word' id='word_1_752' title='bbox 359 2715 529 2748; x_wconf 76' lang='lat' dir='ltr'><strong>operationes</strong></span> <span class='ocrx_word' id='word_1_753' title='bbox 544 2714 677 2741; x_wconf 62' lang='lat' dir='ltr'><strong>distinctae</strong></span> <span class='ocrx_word' id='word_1_754' title='bbox 688 2733 695 2744; x_wconf 85' lang='lat'><strong>,</strong></span> <span class='ocrx_word' id='word_1_755' title='bbox 710 2717 738 2740; x_wconf 83' lang='lat' dir='ltr'><strong>et</strong></span> <span class='ocrx_word' id='word_1_756' title='bbox 752 2721 800 2739; x_wconf 91' lang='lat' dir='ltr'><strong>sua</strong></span> <span class='ocrx_word' id='word_1_757' title='bbox 819 2713 919 2747; x_wconf 90' lang='lat' dir='ltr'><strong>cuique</strong></span> 
     </span>
    </p>
   </div>
   <div class='ocr_carea' id='block_1_104' title="bbox 141 2748 917 2785">
    <p class='ocr_par' dir='ltr' id='par_1_104' title="bbox 141 2748 917 2785">
     <span class='ocr_line' id='line_1_104' title="bbox 141 2748 917 2785; baseline -0.003 -9"><span class='ocrx_word' id='word_1_758' title='bbox 141 2750 260 2785; x_wconf 77' lang='lat' dir='ltr'><strong>propria,</strong></span> <span class='ocrx_word' id='word_1_759' title='bbox 274 2757 324 2777; x_wconf 89' lang='lat' dir='ltr'><strong>nec</strong></span> <span class='ocrx_word' id='word_1_760' title='bbox 337 2757 397 2777; x_wconf 71' lang='lat' dir='ltr'><strong>ouna</strong></span> <span class='ocrx_word' id='word_1_761' title='bbox 414 2749 515 2783; x_wconf 74' lang='lat' dir='ltr'><strong>integra</strong></span> <span class='ocrx_word' id='word_1_762' title='bbox 535 2757 567 2776; x_wconf 81' lang='lat' dir='ltr'><strong>ex</strong></span> <span class='ocrx_word' id='word_1_763' title='bbox 580 2749 687 2785; x_wconf 80' lang='lat' dir='ltr'><strong>duobus</strong></span> <span class='ocrx_word' id='word_1_764' title='bbox 701 2748 775 2774; x_wconf 79' lang='lat' dir='ltr'><strong>exire</strong></span> <span class='ocrx_word' id='word_1_765' title='bbox 789 2749 882 2785; x_wconf 63' lang='lat' dir='ltr'><strong>possit,</strong></span> <span class='ocrx_word' id='word_1_766' title='bbox 895 2756 917 2785; x_wconf 87' lang='lat' dir='ltr'><strong>_a</strong></span> 
     </span>
    </p>
   </div>
   <div class='ocr_carea' id='block_1_105' title="bbox 141 2782 918 2818">
    <p class='ocr_par' dir='ltr' id='par_1_105' title="bbox 141 2782 918 2818">
     <span class='ocr_line' id='line_1_105' title="bbox 141 2782 918 2818; baseline -0.004 -6"><span class='ocrx_word' id='word_1_767' title='bbox 141 2782 224 2812; x_wconf 80' lang='lat' dir='ltr'><strong>inanu</strong></span> <span class='ocrx_word' id='word_1_768' title='bbox 245 2786 391 2815; x_wconf 82' lang='lat' dir='ltr'><strong>ambulare.</strong></span> <span class='ocrx_word' id='word_1_769' title='bbox 408 2793 422 2811; x_wconf 88' lang='lat' dir='ltr'><strong>a</strong></span> <span class='ocrx_word' id='word_1_770' title='bbox 447 2782 513 2818; x_wconf 86' lang='lat' dir='ltr'><strong>pede</strong></span> <span class='ocrx_word' id='word_1_771' title='bbox 534 2784 662 2815; x_wconf 82' lang='lat' dir='ltr'><strong>scribere,</strong></span> <span class='ocrx_word' id='word_1_772' title='bbox 677 2788 741 2815; x_wconf 83' lang='lat' dir='ltr'><strong>ete.,</strong></span> <span class='ocrx_word' id='word_1_773' title='bbox 755 2783 829 2818; x_wconf 81' lang='lat' dir='ltr'><strong>quod</strong></span> <span class='ocrx_word' id='word_1_774' title='bbox 855 2782 918 2817; x_wconf 84' lang='lat' dir='ltr'><strong>Spi-</strong></span> 
     </span>
    </p>
   </div>
   <div class='ocr_carea' id='block_1_106' title="bbox 143 2817 918 2855">
    <p class='ocr_par' dir='ltr' id='par_1_106' title="bbox 143 2817 918 2855">
     <span class='ocr_line' id='line_1_106' title="bbox 143 2817 918 2855; baseline -0.003 -8"><span class='ocrx_word' id='word_1_775' title='bbox 143 2820 214 2847; x_wconf 80' lang='lat' dir='ltr'><strong>ritus</strong></span> <span class='ocrx_word' id='word_1_776' title='bbox 225 2828 239 2846; x_wconf 85' lang='lat' dir='ltr'><strong>a</strong></span> <span class='ocrx_word' id='word_1_777' title='bbox 260 2819 337 2848; x_wconf 85' lang='lat' dir='ltr'><strong>l’alre</strong></span> <span class='ocrx_word' id='word_1_778' title='bbox 351 2817 487 2855; x_wconf 79' lang='lat' dir='ltr'><strong>procedat,</strong></span> <span class='ocrx_word' id='word_1_779' title='bbox 503 2827 557 2846; x_wconf 93' lang='lat' dir='ltr'><strong>non</strong></span> <span class='ocrx_word' id='word_1_780' title='bbox 574 2826 653 2854; x_wconf 73' lang='lat' dir='ltr'><strong>posse</strong></span> <span class='ocrx_word' id='word_1_781' title='bbox 667 2823 695 2846; x_wconf 86' lang='lat' dir='ltr'><strong>et</strong></span> <span class='ocrx_word' id='word_1_782' title='bbox 712 2826 726 2844; x_wconf 86' lang='lat' dir='ltr'><strong>a</strong></span> <span class='ocrx_word' id='word_1_783' title='bbox 741 2817 807 2845; x_wconf 78' lang='lat' dir='ltr'><strong>Filio</strong></span> <span class='ocrx_word' id='word_1_784' title='bbox 823 2826 918 2853; x_wconf 84' lang='lat' dir='ltr'><strong>proce-</strong></span> 
     </span>
    </p>
   </div>
   <div class='ocr_carea' id='block_1_107' title="bbox 968 2608 1747 2643">
    <p class='ocr_par' dir='ltr' id='par_1_107' title="bbox 968 2608 1747 2643">
     <span class='ocr_line' id='line_1_107' title="bbox 968 2608 1747 2643; baseline -0.001 -7"><span class='ocrx_word' id='word_1_785' title='bbox 968 2609 1043 2638; x_wconf 74' lang='lat' dir='ltr'><strong>dere.</strong></span> <span class='ocrx_word' id='word_1_786' title='bbox 1068 2609 1144 2642; x_wconf 86' lang='lat' dir='ltr'><strong>quasi</strong></span> <span class='ocrx_word' id='word_1_787' title='bbox 1171 2608 1206 2635; x_wconf 90' lang='lat' dir='ltr'><strong>sit</strong></span> <span class='ocrx_word' id='word_1_788' title='bbox 1228 2608 1335 2635; x_wconf 89' lang='lat' dir='ltr'><strong>illorum</strong></span> <span class='ocrx_word' id='word_1_789' title='bbox 1360 2608 1495 2643; x_wconf 80' lang='lat' dir='ltr'><strong>disparata</strong></span> <span class='ocrx_word' id='word_1_790' title='bbox 1511 2609 1594 2636; x_wconf 78' lang='lat' dir='ltr'><strong>virtus</strong></span> <span class='ocrx_word' id='word_1_791' title='bbox 1618 2617 1670 2635; x_wconf 88' lang='lat' dir='ltr'><strong>non</strong></span> <span class='ocrx_word' id='word_1_792' title='bbox 1696 2617 1747 2635; x_wconf 86' lang='lat' dir='ltr'><strong>una</strong></span> 
     </span>
    </p>
   </div>
   <div class='ocr_carea' id='block_1_108' title="bbox 967 2644 1749 2678">
    <p class='ocr_par' dir='ltr' id='par_1_108' title="bbox 967 2644 1749 2678">
     <span class='ocr_line' id='line_1_108' title="bbox 967 2644 1749 2678; baseline 0 -8"><span class='ocrx_word' id='word_1_793' title='bbox 967 2644 1182 2678; x_wconf 85' lang='lat' dir='ltr'><strong>simplicissima,</strong></span> <span class='ocrx_word' id='word_1_794' title='bbox 1203 2651 1256 2677; x_wconf 89' lang='lat' dir='ltr'><strong>qua</strong></span> <span class='ocrx_word' id='word_1_795' title='bbox 1283 2648 1346 2670; x_wconf 90' lang='lat' dir='ltr'><strong>sunt</strong></span> <span class='ocrx_word' id='word_1_796' title='bbox 1369 2651 1453 2670; x_wconf 89' lang='lat' dir='ltr'><strong>unum</strong></span> <span class='ocrx_word' id='word_1_797' title='bbox 1480 2644 1652 2678; x_wconf 80' lang='lat' dir='ltr'><strong>principium,</strong></span> <span class='ocrx_word' id='word_1_798' title='bbox 1680 2651 1749 2670; x_wconf 86' lang='lat' dir='ltr'><strong>unus</strong></span> 
     </span>
    </p>
   </div>
   <div class='ocr_carea' id='block_1_109' title="bbox 967 2677 1748 2712">
    <p class='ocr_par' dir='ltr' id='par_1_109' title="bbox 967 2677 1748 2712">
     <span class='ocr_line' id='line_1_109' title="bbox 967 2677 1748 2712; baseline -0.001 -7"><span class='ocrx_word' id='word_1_799' title='bbox 967 2677 1072 2710; x_wconf 76' lang='lat' dir='ltr'><strong>auctor.</strong></span> <span class='ocrx_word' id='word_1_800' title='bbox 1090 2686 1142 2705; x_wconf 90' lang='lat' dir='ltr'><strong>una</strong></span> <span class='ocrx_word' id='word_1_801' title='bbox 1159 2685 1240 2705; x_wconf 88' lang='lat' dir='ltr'><strong>causa</strong></span> <span class='ocrx_word' id='word_1_802' title='bbox 1262 2677 1389 2712; x_wconf 84' lang='lat' dir='ltr'><strong>Spiritus,</strong></span> <span class='ocrx_word' id='word_1_803' title='bbox 1414 2677 1636 2705; x_wconf 26' lang='lat' dir='ltr'><strong>vere’dormilans</strong></span> <span class='ocrx_word' id='word_1_804' title='bbox 1650 2683 1677 2704; x_wconf 81' lang='lat' dir='ltr'><strong>et</strong></span> <span class='ocrx_word' id='word_1_805' title='bbox 1691 2678 1748 2705; x_wconf 85' lang='lat' dir='ltr'><strong>ine—</strong></span> 
     </span>
    </p>
   </div>
   <div class='ocr_carea' id='block_1_110' title="bbox 966 2713 1748 2749">
    <p class='ocr_par' dir='ltr' id='par_1_110' title="bbox 966 2713 1748 2749">
     <span class='ocr_line' id='line_1_110' title="bbox 966 2713 1748 2749; baseline 0 -9"><span class='ocrx_word' id='word_1_806' title='bbox 966 2713 1205 2749; x_wconf 17' lang='lat' dir='ltr'><strong>pliensrsomniat.</strong></span> <span class='ocrx_word' id='word_1_807' title='bbox 1230 2713 1342 2749; x_wconf 81' lang='lat' dir='ltr'><strong>Aliaque</strong></span> <span class='ocrx_word' id='word_1_808' title='bbox 1362 2713 1406 2740; x_wconf 88' lang='lat' dir='ltr'><strong>hic</strong></span> <span class='ocrx_word' id='word_1_809' title='bbox 1420 2713 1522 2740; x_wconf 86' lang='lat' dir='ltr'><strong>insulsa</strong></span> <span class='ocrx_word' id='word_1_810' title='bbox 1539 2713 1698 2745; x_wconf 81' lang='lat' dir='ltr'><strong>deblaterat,</strong></span> <span class='ocrx_word' id='word_1_811' title='bbox 1713 2720 1748 2740; x_wconf 89' lang='lat' dir='ltr'><strong>ne</strong></span> 
     </span>
    </p>
   </div>
   <div class='ocr_carea' id='block_1_111' title="bbox 967 2748 1748 2811">
    <p class='ocr_par' dir='ltr' id='par_1_111' title="bbox 967 2748 1748 2811">
     <span class='ocr_line' id='line_1_111' title="bbox 967 2748 1748 2811; baseline 0.001 -37"><span class='ocrx_word' id='word_1_812' title='bbox 967 2748 1089 2811; x_wconf 69' lang='lat' dir='ltr'><strong>vebrilatis</strong></span> <span class='ocrx_word' id='word_1_813' title='bbox 1120 2748 1229 2783; x_wconf 83' lang='lat' dir='ltr'><strong>quidem</strong></span> <span class='ocrx_word' id='word_1_814' title='bbox 1260 2748 1314 2775; x_wconf 81' lang='lat' dir='ltr'><strong>ulla</strong></span> <span class='ocrx_word' id='word_1_815' title='bbox 1341 2749 1447 2783; x_wconf 85' lang='lat' dir='ltr'><strong>specie,</strong></span> <span class='ocrx_word' id='word_1_816' title='bbox 1485 2753 1514 2775; x_wconf 89' lang='lat' dir='ltr'><strong>ut</strong></span> <span class='ocrx_word' id='word_1_817' title='bbox 1542 2756 1636 2783; x_wconf 85' lang='lat' dir='ltr'><strong>parum</strong></span> <span class='ocrx_word' id='word_1_818' title='bbox 1661 2748 1748 2776; x_wconf 84' lang='lat' dir='ltr'><strong>cautis</strong></span> 
     </span>
     <span class='ocr_line' id='line_1_112' title="bbox 968 2788 1092 2811; baseline -0.008 0"><span class='ocrx_word' id='word_1_819' title='bbox 968 2792 984 2811; x_wconf 91' lang='grc' dir='ltr'><strong>ο</strong></span> <span class='ocrx_word' id='word_1_820' title='bbox 1005 2788 1092 2811; x_wconf 83' lang='lat' dir='ltr'><strong>renat.</strong></span> 
     </span>
    </p>
   </div>
   <div class='ocr_carea' id='block_1_112' title="bbox 968 2788 1092 2818">
    <p class='ocr_par' dir='ltr' id='par_1_112' title="bbox 968 2788 1092 2818">
     <span class='ocr_line' id='line_1_113' title="bbox 968 2788 1092 2818; baseline -0.008 -7"><span class='ocrx_word' id='word_1_821' title='bbox 968 2788 1092 2818; x_wconf 80' lang='lat' dir='ltr'><strong>obrepat.</strong></span> 
     </span>
    </p>
   </div>
  </div>
