1940 3087
175 146 226 178 807

749 141 880 172 ΡΗΟἹἹΙ
897 139 1147 171 ΡΑΤΒΙΑΒΕΗᾸΞ
1165 140 1219 171 CP.

1736 135 1790 167 808

177 203 244 231 mini
258 202 343 238 lpsam
362 201 414 230 sibi
430 207 525 229 vocem
539 203 682 234 usurpant,
702 198 778 234 quasi
802 197 893 225 minus
907 195 957 223 ha-
971 221 973 226 ,

1025 195 1077 231 τρδς
1092 195 1268 232 βλασφημίαν
1282 196 1443 228 {malm-trav;
1467 195 1523 230 Τὴν
1537 193 1679 230 Κυριακὴν
1700 193 1792 228 φωνὴν

177 248 270 279 beant.
284 247 355 283 quod
373 247 424 282 ipsi
446 253 461 273 a
480 253 510 274 se
526 245 671 273 Dominum
693 243 892 278 hlasphemant,
907 242 960 270 nisi

178 294 255 329 prius
272 301 333 320 cum
357 292 403 327 qui
417 292 632 326 blasphematur,
659 290 719 325 ejus
732 289 817 324 ipsius
833 288 962 323 blasphe-

181 341 243 367 mize
261 339 452 374 chislatorem
464 342 546 372 atque
561 342 698 364 auctorem
719 339 878 363 arcessant:
895 335 963 362 dixit

181 387 266 416 enim,
283 385 370 415 aiunt,
390 385 522 415 Salvator,
539 383 587 411 Ille
607 387 638 410 de
651 390 706 409 meo
719 382 839 417 accipiet,
859 386 884 409 et
909 390 961 408 an-

180 431 309 458 nuntiubit
325 430 393 457 vobis
405 431 437 456 ³⁵.
454 430 497 461 At,
511 430 532 456 si
543 429 650 464 quidem
664 428 735 455 istud
745 436 760 454 a
774 428 853 455 nobis
865 428 963 454 adver-

180 485 226 504 sus
240 476 300 503 illos
319 475 459 506 aflcratur,
478 480 507 502 ut
533 475 678 510 probemus
693 474 822 508 Spiritum
838 481 869 500 ex
884 473 963 500 Patre

180 522 314 556 accipere,
328 526 409 556 atque
417 529 450 548 ex
461 521 516 552 illo,
532 528 586 547 non
597 527 660 547 vero
675 528 709 547 ex
723 519 790 546 Filio
805 519 961 554 procedere,

180 567 316 601 quodnam
345 566 417 592 aliud
442 565 572 600 ell'ugium
596 572 630 591 ne
653 568 833 599 coarguantur
859 564 964 599 possint

181 610 363 637 adinvenire?
380 610 431 641 Qui
458 610 541 644 igitur
557 617 588 636 ea
613 617 673 644 quae
693 609 835 636 manifeste
858 609 963 636 illorum

182 656 294 684 haeresis
312 656 449 683 convincit
467 656 608 687 insaniam,
622 656 680 683 haec
691 655 813 682 eamdem
830 655 889 689 ejus
899 663 964 682 con-

181 702 321 729 ﬁrmanda:
332 709 413 728 causa
436 701 583 736 proferant,
600 701 736 736 quomodo
751 708 807 727 non
820 701 964 736 deploratae

181 747 282 774 mentis
295 755 375 774 sensu
390 747 479 774 miseri
496 746 612 774 habendi
627 747 691 779 sint,
704 747 965 781 miserabilioresque

183 793 284 820 mentis
303 793 438 819 sententia
459 797 487 819 ct
502 792 659 819 voluntate?
672 792 741 825 Quid
767 793 839 820 enim
867 792 965 819 clarius

183 837 323 864 Dominica
350 837 401 864 hac
413 844 490 869 voce,
505 837 539 864 ad
561 844 655 863 eorum
678 837 726 871 qui
742 836 814 863 illam
837 836 963 868 all'erunt,

183 883 335 910 elidendam
348 881 566 916 impudentiam?
581 881 649 914 Quid
667 883 786 916 apertius
803 881 836 909 ad
848 881 965 916 proban-

184 930 248 956 dum
277 929 348 962 quod
364 936 420 955 non
451 936 484 955 ex
504 927 581 960 Filio,
606 927 654 955 sed
673 935 706 955 ex
733 928 813 955 Patre
839 927 967 962 procedat

185 975 302 1010 Spiritus
316 975 327 1000 ?

220 1019 278 1047 XV.
298 1019 406 1047 Etenim
432 1019 503 1054 quod
519 1019 579 1045 aliis
595 1019 660 1046 locis
675 1019 742 1046 dixit
762 1019 894 1050 Salvator,
906 1018 966 1053 Spi-

186 1065 268 1092 ritum
285 1074 318 1092 ex
335 1064 415 1092 Patre
431 1065 588 1099 procedere,
607 1065 658 1092 hoc
675 1065 761 1099 ipsum
779 1065 891 1091 nuncin
904 1072 967 1100 pro-

185 1111 273 1146 posita
290 1111 370 1137 duret
397 1110 568 1141 auctoritate,
582 1111 708 1143 dicendo,
729 1109 841 1145 Spiritus
853 1110 884 1137 de
911 1117 968 1136 meo

186 1156 306 1190 accipiet.
323 1155 383 1182 Non
399 1156 471 1183 enim
483 1157 561 1189 dixit,
579 1165 612 1183 ex
627 1164 679 1190 me,
698 1157 754 1186 sed.
770 1157 801 1183 de
813 1164 878 1188 meo,
895 1155 968 1182 vide-

187 1200 250 1228 licet
272 1200 371 1233 Patre;
400 1201 452 1228 nisi
471 1201 539 1229 forte
558 1202 651 1235 velint,
681 1202 754 1228 aliud
776 1201 840 1235 quid
862 1206 969 1236 praeter-

187 1254 268 1281 quam
284 1247 391 1274 Patrem
405 1252 431 1274 et
451 1248 581 1283 Spiritum
596 1256 654 1275 esse
674 1248 773 1282 pariter
789 1254 820 1274 ac
831 1247 882 1274 dici
898 1247 968 1274 Filii.

187 1291 216 1318 Si
237 1291 317 1326 igitur
343 1292 378 1319 ita
394 1297 488 1327 aperta
501 1297 595 1319 contra
619 1299 678 1318 sese
691 1295 850 1325 argumenta
865 1299 914 1325 pro
940 1298 970 1318 se

187 1341 259 1364 stare
275 1341 379 1372 putant,
397 1338 531 1364 undeuam
546 1345 624 1372 opem
639 1337 717 1363 aliam
731 1337 854 1363 conferre
868 1336 971 1371 possint

189 1387 219 1409 ut
238 1390 346 1417 pravam
361 1388 479 1409 mentem
495 1391 570 1410 suam
586 1390 617 1409 ac
631 1382 792 1409 sententiam
813 1382 971 1409 stabiliant?

190 1427 245 1456 Sed
265 1434 293 1455 ut
308 1429 423 1461 videtur,
437 1429 481 1455 isti
498 1437 547 1456 nec
572 1429 677 1455 cunctis
693 1433 770 1455 notas
782 1436 861 1455 voces
874 1429 972 1455 intelli-

191 1480 297 1510 gentes,
312 1483 363 1502 nec
378 1476 419 1502 vel
439 1475 570 1502 trivialem
586 1483 676 1502 rerum
694 1475 816 1502 notitiam
831 1475 971 1507 habentes,

1011 242 1102 273 αὐτοῖς
1117 242 1320 274 ὑποϐάλλονται,
1349 242 1399 269 οὐκ
1422 241 1563 276 ἀγαπητὸν
1591 240 1738 275 ἡγούμενοι
1757 239 1792 265 δι’

1012 288 1117 316 ἑαυτῶν
1132 289 1176 315 τὸν
1190 289 1328 324 Δεσπότην
1339 289 1498 323 δυσφημεῖν,
1517 288 1541 313 εἰ
1554 287 1591 322 μὴ
1611 287 1658 312 καὶ
1672 286 1719 312 τὸν
1728 286 1792 312 6nd-

1013 335 1198 370 φημοὺμενον,
1221 335 1368 370 νομοθέτην
1391 335 1440 368 τῆς
1462 334 1616 368 δυσφημίας
1630 332 1677 359 καὶ
1692 332 1794 367 προλα-

1012 381 1105 412 ϐόντες
1120 382 1363 415 κατηγορήσουσιν.
1375 378 1444 406 Elite
1460 380 1523 414 γὰρ,
1536 380 1629 414 φησιν,
1652 379 1666 405 ὁ
1686 378 1791 413 Σωτὴρ,

1019 427 1147 459 Ἐκεῖνος
1173 427 1208 453 ἐκ
1235 426 1288 453 τοῦ
1314 426 1386 461 ἐμοῦ
1401 425 1539 460 λήψεται,
1567 425 1617 451 καὶ
1637 423 1796 459 ἀναγγελεῖ

1012 473 1093 508 ὑμῖν.
1114 473 1185 499 Ἀλλ’
1199 473 1277 508 εῐπερ
1289 473 1355 507 ἡμῖν
1370 472 1449 499 τοῦτο
1470 472 1530 498 κατ’
1550 471 1637 498 αὐτῶν
1652 471 1794 506 ἐκομίζετο

1013 519 1082 554 πρὸς
1110 518 1256 552 ἀπόδειξιν,
1282 519 1322 545 ὃτι
1346 518 1378 544 ἑκ
1396 517 1448 554 ,τοῦ
1479 517 1585 552 Πατρὺς
1607 516 1742 551 λαμϐάνει
1765 516 1795 543 τὸ

1014 564 1136 600 Πνεῦμα,
1154 564 1201 591 καὶ
1220 564 1249 597 ἐξ
1266 563 1359 596 αὑτοῦ,
1375 563 1433 589 ἀλλ’
1447 563 1497 589 οὐκ
1522 563 1553 589 ὲκ
1573 561 1621 588 τοῦ
1634 561 1699 588 Υίοῦ
1717 563 1797 588 ἐκπο-

1015 611 1121 647 ρεύεται
1130 631 1137 643 ,
1146 612 1205 638 τίνα
1218 611 1250 638 ἂν
1263 609 1405 645 ἀποφυγὴν
1416 609 1468 636 τῶν
1478 608 1596 644 ἐλέγχων
1610 608 1717 639 ἑαυτοῖς
1731 608 1793 634 ὲπι-

1015 659 1156 694 νοήσαιντο
1172 666 1179 689 ς
1198 659 1231 684 ’Δ
1245 658 1333 684 τοίνυν
1349 656 1438 684 αὐτῶν
1454 655 1611 691 περιφανῶς
1628 655 1733 689 ἐλέγχει
1745 655 1797 690 τὴν

1015 705 1107 731 ἄνοιαν
1121 705 1169 739 τῆς
1181 704 1323 740 αἱρέσεως,
1334 703 1422 729 ταῦτα
1436 702 1504 736 πρὸς
1518 701 1568 736 τὴν
1581 702 1665 736 αὐτῆς
1681 701 1798 736 βεϐαίω-

1016 759 1058 776 σιν
1072 749 1293 785 προϐαλλόμενοι,
1324 748 1383 781 πῶς
1409 749 1459 775 οὐκ
1476 747 1509 774 ἂν
1533 747 1628 782 εἴησαν
1644 747 1730 774 ἄθλιοι
1746 746 1798 782 μὲν

1015 796 1060 823 τδν
1076 795 1147 828 νοῦν,
1161 795 1318 830 ἀθλιώτεροι
1331 795 1359 821 δὲ
1375 794 1425 829 τὴν
1439 794 1617 830 προαίρεσιν;
1639 793 1671 820 Τί
1691 793 1746 829 γὰρ
1763 793 1798 820 ἂν

1015 840 1057 875 είη
1072 841 1174 874 ταύτης
1190 841 1239 875 τῆς
1254 840 1421 875 Δεσποτικῆς
1444 841 1536 875 φωνῆς
1549 838 1720 874 τρανότερον,
1742 839 1798 865 τῶν

1018 886 1239 922 προκομιζόντων
1247 886 1331 921 αὐτὴν
1339 885 1502 912 καταϐαλεῖν
1509 885 1558 920 τὴν
1569 884 1705 911 ἀναίδειαν
1713 893 1721 918 ;
1730 884 1762 911 Τί
1770 884 1799 910 δὲ

1015 932 1189 967 παραστῆσαι
1205 931 1395 968 φανερώτερον
1408 931 1445 963 ὡς
1456 932 1506 958 οὐκ
1520 932 1551 957 ἐκ
1575 930 1620 957 τοῦ
1636 929 1712 959 Υίοῦ.
1740 929 1798 957 ἀλλ’

1016 980 1048 1005 ἐκ
1059 978 1107 1005 τοῦ
1122 978 1228 1014 Πατρὺς
1238 978 1269 1005 τὸ
1280 977 1388 1012 Πνεῦμα
1405 977 1600 1012 ἐκπορεύεται;

1037 1024 1103 1050 “ΙΕ¹.
1122 1024 1177 1050 Καὶ
1191 1023 1245 1059 γὰρ
1272 1024 1340 1059 ὅπερ
1357 1024 1386 1049 ἐν
1410 1023 1500 1054 ἄλλοις
1525 1020 1600 1048 εἶπεν
1618 1022 1631 1047 6
1648 1021 1752 1056 Σωτὴρ,
1768 1022 1799 1047 τὺ

1017 1070 1129 1105 Πνεῦμα
1144 1070 1175 1096 ὲκ
1191 1070 1237 1096 τοῦ
1259 1069 1366 1104 Πατρὺς
1383 1068 1574 1104 ἐκπορεύεται,
1597 1067 1675 1093 τοῦτο
1690 1067 1737 1093 καὶ
1751 1066 1800 1093 νῦν

1017 1114 1060 1141 διὰ
1071 1114 1120 1148 τῆς
1133 1114 1315 1149 προκειμένης
1327 1113 1481 1140 ἐκδιδάσκει
1494 1114 1608 1147 ρήσεως,
1621 1113 1655 1139 Τιδ
1668 1112 1799 1146 Πνεῦμα,

1018 1160 1114 1194 λέγων,
1131 1160 1164 1186 ἐκ
1190 1159 1244 1186 τοῦ
1266 1159 1338 1193 ἐμοῦ
1364 1159 1504 1193 λήψεται.
1521 1159 1557 1184 οὺ
1571 1159 1624 1193 γὰρ
1651 1156 1735 1189 εἶπεν,
1755 1157 1801 1189 Ἐξ
1835 1156 1840 1159 ’

1019 1205 1160 1240 ὲμοῦ,ἁλλ’
1177 1207 1228 1232 Ἐκ
1242 1206 1295 1232 τοῦ
1308 1205 1393 1240 ἐμοῦ·
1406 1205 1483 1240 δῆλον
1494 1205 1544 1237 ὅτι,
1558 1204 1604 1230 τοῦ
1617 1204 1721 1239 Πατρός
1732 1204 1799 1239 (15)-

1020 1252 1044 1277 εἰ
1057 1252 1093 1285 μή
1104 1260 1129 1276 τι
1145 1250 1198 1285 ἄρα
1214 1251 1349 1285 βούλοιντο
1360 1251 1452 1285 ἓτερον
1470 1250 1545 1285 παρὰ
1567 1250 1612 1276 τὸν
1631 1250 1738 1285 Πατέρα
1753 1250 1802 1275 καὶ

1019 1297 1049 1323 τὸ
1061 1297 1182 1333 Πνεῦμα,
1195 1295 1264 1323 εἷναί
1279 1306 1308 1323 τε
1323 1298 1369 1323 καὶ
1394 1296 1574 1331 ὀνομάζεσθαι
1601 1296 1648 1322 τοῦ
1666 1295 1742 1322 Υἱοῦ.
1768 1296 1800 1322 Oi.

1021 1343 1086 1377 γοῦν
1094 1344 1156 1375 τοὺς
1167 1343 1238 1370 οὕτω
1248 1344 1408 1378 περιφανεῖς
1422 1343 1481 1369 κατ’
1493 1343 1580 1368 αὐτῶν
1595 1342 1720 1376 ἐλέγχους
1731 1341 1802 1376 ὑπὲρ

1022 1389 1110 1416 αὐτῶν
1129 1390 1282 1424 νομίζοντες
1300 1389 1436 1421 ἵστασθαι,
1453 1389 1525 1420 τίνος
1545 1389 1703 1423 συμμαχίαν
1719 1387 1802 1421 ἄλλην

1022 1435 1091 1470 πρὸς
1102 1435 1244 1470 βεϐαίωσιν
1259 1435 1305 1460 τοῦ
1319 1435 1525 1469 πεπλανημένου
1540 1436 1710 1469 φρονήματος
1719 1435 1804 1461 ἐκπο-

1025 1481 1157 1516 ρίσονται;
1172 1480 1241 1506 Ἀλλ’
1253 1480 1290 1512 ὡς
1300 1480 1397 1512 ἔοικεν,
1408 1480 1467 1506 οὐδὲ
1481 1480 1527 1510 τὰς
1540 1480 1621 1506 πᾶσιν
1631 1479 1805 1514 ἐγνωσμένοις

190 1521 290 1548 nedum
312 1530 365 1548 non
379 1521 470 1548 ferunt
484 1522 517 1548 ab
527 1522 586 1548 aliis
595 1521 684 1548 doceri
699 1529 759 1556 qua:
776 1521 901 1556 ignorant
911 1521 972 1556 (eisi

1025 1525 1116 1559 φωνὰς
1150 1525 1282 1555 συνιέντες
1297 1522 1379 1556 οὗτοι,
1395 1524 1455 1550 οὐδὲ
1482 1525 1536 1550 τῶν
1552 1526 1581 1550 ὲν
1596 1524 1675 1560 χερσὶ
1687 1523 1805 1558 μάθησιν

191 1575 270 1594 orare
281 1567 422 1599 deberent,
437 1572 464 1594 et
479 1567 574 1594 scdulo
588 1575 719 1602 qumrcre,
742 1568 785 1601 qui
797 1575 829 1593 ex
844 1567 972 1601 ignoran-

193 1614 237 1640 tia:
262 1613 396 1648 profundo
413 1613 588 1647 extraheret),
604 1618 633 1639 ut
653 1613 702 1648 ipsi
721 1613 809 1647 politis
821 1621 928 1640 suorum
945 1620 974 1640 se

193 1659 349 1686 deliriornm
376 1660 516 1694 magistros
539 1660 714 1687 constituant.
739 1659 880 1691 Quomodo
902 1659 973 1686 enim

194 1712 249 1731 non
271 1705 364 1739 pudet.
380 1705 486 1732 dicente
499 1705 621 1735 Domino,
637 1705 750 1739 Spiritus
771 1705 802 1731 de
827 1714 883 1731 meo
904 1706 975 1732 acci-

194 1751 258 1784 piet,
276 1756 299 1777 et
313 1751 479 1778 annuntiabit
496 1752 574 1782 vobis.
590 1759 644 1778 non
661 1752 696 1778 ita
713 1759 745 1778 ac
768 1751 812 1778 ille
825 1751 975 1778 dixitistnd

230 1830 252 1846 ³⁸
266 1829 345 1857 Joan.
363 1837 419 1863 xvi,
434 1829 478 1861 Η,
492 1829 534 1856 15.

1026 1571 1141 1604 ἔχοντες,
1158 1570 1187 1596 οὐ
1205 1570 1283 1604 μόνον
1297 1570 1347 1596 οὐκ
1359 1570 1498 1604 ἀνέχονται
1516 1571 1580 1605 παρ’
1591 1570 1692 1605 ἐτέρων
1710 1569 1807 1604 μαθεῖν

1026 1616 1057 1643 τὸ
1089 1615 1286 1650 ἀγνοούμενον·
1314 1617 1434 1649 καίτοιγε
1452 1617 1618 1650 παρακαλεῖν
1646 1616 1740 1651 ἐχρῆν,
1757 1616 1807 1643 καὶ

1029 1662 1130 1696 σπουδῇ
1147 1661 1247 1696 ζητεῖν,
1263 1663 1325 1693 τοὺς
1338 1662 1434 1693 αὐτοὺς
1451 1662 1500 1696 τῆς
1513 1662 1622 1695 ἀγνοίας
1645 1662 1808 1688 ἀνελκύσον-

1030 1714 1079 1737 τας
1092 1715 1100 1721 '
1115 1707 1139 1732 oi.
1153 1706 1192 1734 δὲ.
1210 1708 1256 1732 καὶ
1275 1706 1449 1737 διδασκάλους
1478 1705 1590 1737 ἑαυτοὺς
1619 1705 1673 1732 τῶν
1699 1705 1809 1731 οἰκείων

1027 1753 1247 1788 ἀναπλασμάτων
1274 1751 1479 1788 προκαθίζουσι.
1497 1751 1558 1782 Πῶς
1572 1751 1626 1787 γὰρ
1641 1751 1691 1776 οὐκ
1713 1749 1810 1784 αἰσχύ-

947 1905 1063 1934 NOTAE.

230 1976 286 2010 (l5)
306 1975 404 2008 Δῆλον
420 1976 476 2006 ὅτι,
500 1975 553 2002 τοῦ
568 1977 693 2010 Πατρός.
711 1975 808 2010 Liquet
824 1976 851 2002 in
866 1976 983 2003 violenta

196 2012 248 2040 hac
257 2011 434 2045 expositione.
449 2011 494 2036 uni
507 2011 614 2045 propria
626 2011 732 2042 Photio,
743 2019 796 2045 qua
808 2012 846 2038 sic
856 2012 982 2044 exsultat,

197 2049 238 2074 sic
260 2045 419 2079 triumphat,
435 2053 466 2072 ac
480 2045 502 2072 si
517 2046 591 2071 locus
613 2045 656 2071 ille
675 2046 797 2076 Joannis,
815 2051 899 2072 totum
915 2054 982 2072 con-

197 2081 282 2108 vellat
293 2081 390 2113 dogma
404 2081 436 2107 de
449 2080 621 2113 processioue
636 2081 754 2115 Spiritus
766 2081 846 2107 etiam
858 2089 890 2107 ex
904 2081 980 2112 Filio,

196 2124 252 2144 non
264 2115 327 2142 illud
342 2119 444 2142 statuat
459 2115 525 2141 falso
540 2115 676 2141 insimulat
686 2115 756 2149 quod
764 2116 795 2141 τὸ
803 2117 834 2141 ὲκ
847 2115 893 2141 τοῦ
902 2115 982 2150 ἐμοῦ,

199 2151 374 2185 depravarint
388 2150 486 2180 Latini,
502 2151 577 2183 quasi
591 2150 649 2183 ejus
664 2151 723 2177 loro
735 2150 764 2181 ἐξ
779 2149 846 2184 ἐμοῦ
863 2149 978 2185 legerint

198 2184 245 2213 aut
258 2185 425 2220 scripserint.
439 2185 511 2211 Nihil
531 2184 568 2211 illi
588 2185 720 2218 ejusmodi
737 2194 742 2211 :
757 2184 872 2220 Cyrillus
885 2191 976 2212 tamen

198 2222 237 2248 sic
250 2216 319 2247 non'
333 2220 553 2254 depravationem
573 2216 686 2254 putavit.
709 2224 738 2246 ut
751 2216 828 2254 quasi
846 2220 918 2247 idem
942 2221 978 2247 si-
994 2216 1016 2243 D

218 2255 389 2283 niticantibus
412 2255 523 2281 vocibus
538 2262 603 2281 usus
615 2255 659 2282 sit.
677 2255 704 2282 in
724 2255 802 2282 .loan.
824 2256 842 2282 l.
861 2263 891 2286 ιι,
905 2263 929 2282 c.
945 2256 957 2281 l
973 2264 979 2281 :

227 2291 254 2317 αὶ
276 2291 310 2322 εί,
338 2289 461 2323 καθάπερ
486 2290 566 2320 αὑτός
586 2298 679 2324 φησιν,
710 2290 754 2321 Ἐξ
768 2291 834 2325 ἐμοῦ
850 2290 981 2325 λαμϐάνει

198 2325 230 2352 τὸ
256 2324 382 2360 Πνεῦμα,
409 2327 495 2361 καίτοι
522 2325 608 2350 πάντα
640 2325 731 2360 ἰσχῦον
749 2327 795 2351 καὶ
822 2324 980 2361 κατορθοῦν,

199 2360 259 2391 πῶς
276 2360 308 2386 ἂν
325 2359 404 2390 αὐτδς
420 2359 470 2385 οὐκ
484 2360 532 2394 ἔχῃ
545 2361 576 2385 τὸ
590 2361 631 2393 ἐφ’
646 2359 748 2386 ἅάιέασιν
767 2360 874 2394 ἰσχυρόν
885 2359 895 2392 ;⁷
908 2359 982 2391 Quod

200 2396 223 2422 si
240 2398 285 2430 (ut
298 2396 354 2429 ipse
368 2396 405 2421 ait
417 2394 426 2429 )
440 2395 471 2421 de
481 2403 510 2420 eo
525 2395 636 2428 Spiritus
647 2396 753 2429 accipit,
767 2395 883 2429 quamvis
895 2396 982 2421 omnia

201 2432 284 2465 possit
304 2435 328 2456 et
350 2429 467 2464 impleat,
485 2429 612 2464 quomodo
626 2431 681 2465 ipse
700 2431 816 2456 omnium
831 2434 983 2464 potestatem

201 2464 252 2491 non
269 2465 388 2491 habebit?
412 2464 495 2499 igitur
516 2465 557 2493 τὸ.
575 2465 607 2490 ἐκ
623 2465 669 2491 τοῦ
686 2464 763 2499 ἐμοῦ,
788 2465 858 2491 idem
881 2466 912 2490 ἐκ
929 2465 982 2491 τῶν

201 2499 281 2534 ἐμοῦ,
306 2500 416 2534 perinde
438 2501 469 2525 ἐκ
481 2500 533 2525 τῶν
549 2500 667 2531 Πατρός,
686 2499 806 2534 exponit.
823 2499 981 2534 Λαμϐάνειν

200 2542 230 2560 τε
246 2534 317 2560 οὕτω
335 2536 365 2560 τὸ
377 2534 489 2569 Πνεῦμά
506 2543 596 2568 φαμεν
609 2536 639 2560 ἐκ
650 2543 679 2561 τε
694 2535 741 2561 τοῦ
754 2534 858 2569 Πατρὸς
876 2536 922 2561 καὶ
937 2534 982 2560 τοῦ

201 2569 267 2595 Υίοῦ
282 2570 314 2595 τὰ
327 2569 425 2605 αὐτῶν,
437 2570 485 2604 οὐχ
502 2571 538 2600 ὡς
553 2570 617 2596 ποτὲ
633 2570 682 2604 μὲν
695 2570 746 2605 οῦκ
765 2569 835 2603 ἔχον.
849 2571 932 2605 Atque
946 2570 984 2596 ita

201 2613 247 2631 nos
264 2605 377 2631 dicemus
389 2604 516 2638 Spiritum
527 2605 644 2639 accipere
658 2613 689 2631 ea:
703 2604 785 2631 Patre
796 2609 820 2630 et
832 2605 910 2633 Filio.
926 2613 983 2639 qua:

201 2647 292 2667 eorum
307 2644 445 2675 δίιηινηοη
460 2639 538 2675 quod,
554 2644 606 2675 etc.
620 2639 672 2667 Nec
687 2640 764 2666 aliter
776 2639 985 2675 Chrysostonius

202 2674 274 2709 quod
293 2682 346 2700 una
371 2674 405 2701 sit
428 2674 541 2701 scientia
569 2674 629 2700 Filii
651 2680 678 2701 et
696 2674 812 2708 Spiritus
823 2674 837 2707 ;⁷
848 2675 984 2709 quomodo

203 2709 284 2736 etiam
310 2709 392 2736 Filius
404 2709 519 2740 dicitur,
538 2717 591 2736 non
607 2717 622 2736 a
637 2718 666 2737 se
680 2710 763 2744 loqui,
778 2710 824 2737 sed
837 2718 896 2744 qua:
910 2709 986 2736 audi.

203 2745 244 2771 vit
258 2752 273 2770 a
293 2744 383 2775 Patre,
397 2750 495 2770 aeterna
513 2745 617 2771 scilicet
635 2745 818 2779 generatione,
833 2749 861 2771 et
873 2753 924 2779 qua
937 2745 985 2770 οὑ-

205 2779 276 2809 σιαν,
293 2785 321 2810 et
332 2787 391 2813 quae
404 2779 463 2812 ejus
479 2784 543 2805 sunt
556 2779 657 2811 omnia,
673 2781 777 2813 accepit.
793 2789 799 2805 :
816 2780 907 2813 sicque
917 2780 986 2806 adeo

208 2813 326 2846 Spiritus
338 2814 418 2840 etiam
428 2822 441 2840 ιι
452 2813 528 2845 Filio,
540 2821 694 2847 quanquam
707 2822 722 2840 a
735 2815 812 2840 Patre
826 2819 855 2841 ut
868 2823 986 2848 προκατ-

208 2848 339 2881 αρχτικοῦ
359 2848 444 2874 αἰτίου
458 2868 465 2881 ,
479 2855 511 2875 ac
529 2849 606 2883 quasi
620 2849 713 2876 l‘ontali
730 2849 864 2884 principio
876 2855 903 2876 ct
918 2859 931 2876 ιι
945 2858 984 2883 se,

1032 1986 1094 2005 cum
1111 1975 1195 2005 Filius
1211 1979 1268 2013 ipse
1282 1986 1343 2005 cum
1359 1977 1437 2005 Patre
1453 1977 1616 2012 principium
1634 1977 1671 2013 sit
1688 1982 1715 2005 et
1728 1986 1741 2004 a
1756 1978 1810 2006 Pa-

1032 2017 1083 2044 tre,
1099 2012 1236 2048 unumque
1251 2021 1312 2040 cum
1327 2013 1372 2040 illo
1395 2013 1556 2048 principium
1569 2013 1640 2047 quod
1656 2012 1740 2040 ϐιωσὶ
1753 2014 1813 2041 fere

1033 2049 1219 2082 propositione
1242 2048 1296 2081 διὰ,
1312 2053 1403 2075 amant
1413 2049 1564 2082 explicare;
1581 2049 1692 2082 ipseque
1707 2048 1743 2075 ibi
1757 2049 1812 2082 Cy-

1032 2080 1125 2115 rillus;
1147 2083 1254 2118 Ἐπειδὴ
1270 2083 1413 2117 ὁμοούσιόν
1427 2080 1484 2109 ἐστι
1504 2083 1541 2118 τῷ
1561 2080 1627 2117 Υἱῷ,
1643 2080 1689 2109 καὶ
1704 2080 1814 2117 πρόεισι

1032 2117 1191 2152 θεοπρεπῶς
1209 2117 1252 2144 δι’⁷
1267 2118 1365 2150 αὑτοῦ,
1387 2119 1478 2144 πᾶσαν
1499 2117 1580 2145 αὑτοῦ
1600 2118 1649 2153 τὴν
1667 2117 1709 2152 ἐφ’
1724 2119 1814 2145 ἅπασι

1032 2152 1201 2188 τελεωτάτην
1215 2154 1275 2187 ἕχον
1287 2153 1424 2187 ὲνέργειάν
1434 2162 1464 2178 τε
1477 2154 1523 2180 καὶ
1536 2153 1661 2187 δύναμιν,
1677 2152 1719 2179 διὰ
1729 2153 1811 2179 τοῦτό

1030 2195 1122 2222 φησιν·
1138 2189 1200 2214 ’Ὁτι
1215 2188 1248 2215 ἐκ
1264 2188 1316 2215 τοῦ
1335 2188 1407 2222 ἐμοῦ
1421 2188 1560 2222 λήψεται.
1578 2188 1738 2223 Ὑφεστᾶναι
1757 2189 1816 2223 γὰρ

1031 2223 1097 2249 αὐτὸ
1122 2223 1182 2249 καθ’
1204 2223 1284 2249 ἑαυτὸ
1309 2221 1476 2257 τὸἩνεῦμα
1500 2223 1673 2257 πιστεύομεν,
1693 2221 1768 2257 εἷναί
1783 2221 1814 2249 τε

1031 2259 1091 2284 κατ’
1103 2258 1241 2292 ἀλήθειαν,
1255 2258 1328 2284 τοῦθ’
1341 2258 1408 2292 ὅπερ
1420 2259 1478 2283 ἐστὶ
1494 2260 1540 2284 καὶ
1550 2256 1668 2291 λέγεται.
1682 2256 1815 2289 Quoniam

1032 2293 1261 2320 cotuubstantialis
1274 2297 1313 2319 est
1329 2293 1399 2319 Filio
1416 2301 1447 2319 ac
1457 2294 1542 2319 diuino
1556 2301 1601 2327 per
1612 2300 1670 2319 eum
1684 2293 1815 2325 procedit,

1031 2336 1133 2354 onmem
1146 2328 1203 2362 ejus
1222 2328 1436 2363 perfectissimam
1452 2328 1477 2354 in
1490 2330 1608 2355 omnibus
1620 2329 1744 2361 opst-anili
1761 2328 1815 2354 vim

1032 2363 1128 2389 habena
1142 2371 1173 2389 ac
1188 2364 1348 2397 efﬁcaciam;
1362 2363 1459 2389 idcirco
1475 2364 1546 2393 dicit.
1563 2363 1630 2395 Quia
1643 2363 1677 2388 de
1689 2370 1749 2388 meo
1766 2370 1818 2389 ac-

1032 2398 1125 2432 cipiet.
1142 2397 1229 2432 Ipsum
1252 2398 1319 2424 enim
1333 2406 1378 2433 per
1388 2406 1415 2424 te
1426 2397 1554 2432 Spiritum
1572 2397 1709 2433 subsistere
1728 2398 1818 2433 credi-

1033 2441 1100 2465 mus,
1125 2439 1148 2460 et
1171 2441 1226 2460 esse
1245 2441 1334 2459 revera
1357 2434 1384 2459 id
1404 2433 1471 2467 quod
1485 2437 1522 2459 est
1545 2438 1619 2466 atque
1645 2432 1750 2458 dicitur.
1768 2432 1816 2459 Sic

1033 2475 1087 2495 non
1101 2467 1174 2494 favet
1198 2468 1337 2495 Dominica
1348 2468 1392 2494 illa
1406 2466 1457 2494 vox
1473 2475 1549 2495 novm
1562 2466 1671 2495 Graeciae
1683 2472 1711 2493 et
1724 2467 1816 2494 Photii

1033 2510 1124 2529 errore
1136 2503 1306 2534 dementatte,
1319 2503 1365 2530 sed
1378 2503 1439 2529 Iidei
1455 2503 1594 2530 veritatem
1606 2502 1707 2529 Graecis
1731 2503 1816 2529 etiam

1034 2537 1097 2564 olim
1118 2538 1246 2573 agnitum,
1270 2538 1376 2564 suadet.
1393 2538 1492 2564 Eadem
1517 2544 1584 2564 voce
1599 2539 1716 2571 πρὸεισι,
1730 2539 1817 2564 etiam

1034 2572 1092 2599 Filii
1105 2580 1138 2599 ex
1154 2573 1230 2599 Patre
1244 2574 1444 2606 processionem
1466 2573 1537 2600 idem
1550 2572 1586 2599 illi
1599 2572 1714 2606 Cyrillus
1728 2579 1819 2607 expo-

1035 2607 1085 2637 nit.
1099 2616 1134 2634 ne
1156 2608 1217 2641 quis
1239 2608 1283 2634 hic
1302 2608 1453 2638 cavilletur,
1467 2609 1542 2642 quasi
1557 2607 1598 2638 τὸ,
1617 2606 1819 2640 ἐκπορεύεσθαι

1035 2643 1123 2677 majus
1138 2643 1238 2677 aliquid
1258 2643 1302 2674 sit,
1320 2648 1347 2669 et
1362 2647 1469 2670 aeternae
1484 2643 1649 2669 ctnanationi
1664 2642 1821 2674 addictum,

1035 2685 1096 2704 cum
1110 2678 1223 2704 alterum
1240 2678 1330 2712 potius
1342 2678 1468 2712 fespiciat
1482 2678 1655 2712 temporalem
1668 2677 1795 2704 effectum
1811 2687 1818 2703 :

1035 2720 1089 2746 quo
1101 2720 1130 2739 se
1143 2713 1233 2740 fucum
1243 2714 1331 2740 facere
1341 2717 1446 2747 putant,
1465 2713 1510 2748 qui
1522 2712 1695 2748 schismatieo
1706 2712 1820 2748 spiritu.

1035 2755 1090 2774 non
1104 2748 1202 2779 lucem.
1217 2749 1263 2775 sed
1280 2749 1383 2775 fumum
1396 2755 1427 2774 ac
1441 2747 1566 2774 tenebras
1578 2747 1693 2774 labentis
1705 2747 1822 2774 Gracia:

1037 2782 1159 2814 faecibus,
1182 2788 1243 2817 post
1261 2787 1334 2810 tanta
1349 2783 1408 2817 ejus
1428 2783 1491 2810 olim
1516 2782 1634 2815 lumina,
1649 2782 1823 2810 ministrant.

1036 2817 1088 2844 Sed
1101 2817 1158 2845 haec
1172 2819 1309 2853 prosequi,
1324 2818 1435 2845 alterius
1445 2818 1491 2846 otii
1505 2824 1583 2853 atque
1594 2825 1693 2852 operte.
