1940 3087
158 127 211 159 809

746 125 1011 156 EPISTULARUM
1033 125 1147 155 LIBER
1167 126 1192 156 Ι.

1716 124 1773 156 ‘SIO

159 193 260 217 νονται,
275 183 323 211 τοῦ
337 184 464 219 Σωτῆρος
488 183 623 218 λέγοντος.
647 184 687 210 ὅτι
713 183 749 210 Τὸ
765 184 887 218 Πνεῦμα
906 183 940 210 ἐκ

994 183 1024 210 de
1047 191 1102 210 meo
1127 184 1260 218 accipere.
1280 184 1328 211 sed
1343 183 1435 211 vitiata
1459 183 1562 214 littera.
1583 183 1643 217 ejus
1663 184 1722 211 loco
1743 192 1776 212 ea:

159 229 213 256 τοῦ
229 229 302 264 ἐμοῦ
319 229 460 264 λήψεται,
472 229 521 256 καὶ
534 229 694 264 ἀναγγελεῖ
703 229 789 263 ὑμῖν,
806 229 882 256 αὐτοὶ
897 229 940 261 τὸ,

160 276 193 302 ὲκ
208 275 256 302 τοῦ
278 275 358 311 ἐμοῦ,
382 275 430 310 οὐχ
451 274 490 306 ὡς
514 272 615 303 εἶπενὸ
630 275 725 310 Σωτὴρ
755 274 940 307 ἐξακούοντες,

159 321 228 349 ἀλλὰ
252 321 330 348 τοῦτο
351 320 604 356 παραγραψάμενοι,
632 320 691 347 ἀνθ’
720 322 836 351 ἐκείνου,
866 321 895 347 τὸ
912 320 942 352 ἐξ

161 368 228 404 ἐμοῦ
246 368 452 403 ἀντιγράφουσι,
478 368 562 394 Τοῦτο
589 367 644 402 γὰρ
669 367 760 399 αὑτοίς
776 367 841 398 ἴσως
869 366 942 398 ἔδοξε

161 414 376 445 κατασκευάζειν
405 414 433 440 τὸ
454 413 586 450 βούλημα.
614 414 710 440 Καίτοι
743 414 766 439 εί
793 413 840 439 καὶ
856 413 943 444 οὕτως

160 460 263 495 εἴρητο,
274 459 370 495 ὥσπερ
387 461 437 486 οὐκ
450 460 566 495 εἴρηται,
583 459 637 485 οὐδ’
651 459 737 490 οὕτως
759 459 849 490 αὐτοῖς
869 457 942 493 εἶχεν

162 506 238 541 ίσχίιν
254 507 270 540 ἡ
283 506 410 540 ἑπήρεια.
424 505 461 531 Οὐ
478 505 532 540 γὰρ
555 505 598 531 ἀεὶ
621 505 652 531 τὸ
672 505 820 539 λαμϐάνειν
835 505 875 536 είς
892 504 942 539 τὴν

158 551 206 578 τοῦ
222 550 420 585 ἐκπορεύεσθαι
434 550 553 576 διάνοιαν
563 549 746 585 λαμϐάνεται·
759 549 816 575 ἀλλ’
833 548 888 575 ἔσθ’
899 549 943 575 ὅτε

159 597 207 623 καὶ
222 596 321 632 πολλὴν
335 596 382 631 τὴν
398 595 575 631 παραλλαγὴν
587 595 783 622 ὺπαινίττεται.
797 594 878 620 Ἀλλο
889 594 943 629 γάρ

159 643 218 669 ἐστι
235 643 265 668 τὸ
279 642 439 677 λαμϐάνειν,
454 641 500 668 καὶ
512 640 685 675 ἀπαρύεσθαι
699 641 745 674 ἀφ’
760 640 855 676 ἑτέρας
875 641 942 666 ὐπο-

159 689 281 720 στάσεως
293 688 388 724 ἑτέραν
404 687 551 714 ὑπόστασιν
562 696 570 703 ’
585 687 629 713 καὶ
642 686 706 714 ἄλλο
721 687 751 713 τὸ
763 687 831 720 πρὸς
845 686 944 713 οὑσίω-

160 733 202 760 σίν
213 741 243 759 τε
255 733 302 760 καὶ
313 732 461 759 ὑπόστασιν
475 730 683 767 ἐκπορεύεσθαι.
695 730 789 762 Οὕτως
804 730 864 757 οὐδὲ
879 730 944 765 περὶ

159 777 228 803 αὐτὰ
242 777 276 803 τὰ
288 776 473 812 σημαινόμενα
488 776 543 802 τῶν
558 776 699 811 ὀνομάτων
722 775 944 809 ἀπευθυνομένην

159 821 250 856 ἔχουσι
264 821 314 856 τὴν
326 821 455 848 διάνοιαν.
472 820 527 847 Καὶ
544 820 570 846 εί
580 829 606 846 τι
619 819 683 847 ἄλλο
695 821 760 855 παρ’
777 819 866 846 αὐτῶν
877 827 944 854 προ-

992 238 1033 257 nu
1067 230 1240 257 rescribere?
1262 228 1365 264 Nempe
1385 236 1462 257 suam
1487 229 1551 257 inde
1570 230 1713 264 probatum
1741 231 1775 258 iri

991 276 1154 303 sententiam
1169 276 1238 303 forte
1262 280 1401 310 putavere.
1417 274 1575 309 Quanquam
1602 270 1661 302 ειεὶ¹
1674 275 1709 303 ita
1734 276 1777 303 di-

992 326 1065 348 ctum
1081 325 1163 353 esset,
1177 320 1217 347 uti
1231 324 1305 347 certe
1320 327 1374 347 non
1390 320 1491 347 dictum
1507 324 1559 352 est,
1572 327 1606 346 ne
1616 319 1655 347 sic
1667 320 1776 354 quidem

992 367 1073 394 ullam
1089 367 1149 401 ejus
1161 366 1215 393 vim
1227 365 1364 401 aggressio
1376 365 1497 393 haberet.
1512 365 1570 393 Non
1586 365 1658 392 enim
1669 372 1776 400 semper

992 413 1126 448 accipere,
1140 412 1262 440 eamdem
1289 412 1374 446 ipsam
1387 411 1440 438 vim
1458 411 1540 438 habet
1561 418 1592 438 ac
1619 411 1775 445 prOcederc,

993 461 1041 488 sed
1059 461 1221 495 quandoque
1234 459 1314 493 longe
1336 467 1463 494 magnam
1480 459 1663 486 diversitatem
1678 467 1709 487 uc
1720 460 1775 487 dis-

994 507 1199 534 similitudinem
1210 506 1325 533 obscure
1344 505 1456 532 indicat.
1475 504 1555 531 Aliud
1572 509 1613 531 est
1625 504 1697 531 enim
1708 504 1779 532 acci-

993 560 1058 587 pere
1076 557 1156 587 atque
1170 552 1279 579 haurire
1286 559 1320 578 ex
1333 559 1387 578 una
1399 550 1548 578 substantia
1560 550 1638 577 aliam
1652 551 1779 578 substan-

994 597 1070 630 tiam,
1088 602 1169 632 atque
1193 596 1265 624 aliud
1279 600 1308 623 ut
1322 595 1457 623 exsistens
1475 602 1538 622 vere
1562 594 1713 622 substantia
1736 598 1778 621 at-

994 650 1047 676 que
1063 650 1176 677 persona
1205 642 1363 676 procedere.
1380 640 1424 668 Sic
1443 648 1531 675 neque
1543 641 1614 667 circa
1641 640 1713 674 ipsas
1730 648 1778 667 vo—

993 695 1055 715 cum
1076 687 1289 723 signiﬁcationes
1318 690 1418 713 rectam
1436 686 1536 713 habent
1557 690 1687 712 mentem.
1705 686 1744 712 Ac
1757 685 1778 710 si

995 734 1058 768 quid
1085 733 1157 760 aliud
1180 733 1214 760 ab
1237 732 1277 760 eis
1289 732 1400 759 allatum
1423 731 1503 758 fuerit
1517 731 1603 758 cidem
1623 731 1707 758 haaret
1731 731 1780 757 de-

994 779 1104 806 mentia:
1120 788 1126 805 :
1144 778 1268 813 ejusdem
1285 785 1396 812 germen
1421 776 1535 803 inscitia:
1547 776 1678 805 cernitur.
1695 780 1722 802 et
1745 775 1779 802 ad

995 823 1118 851 eamdem
1138 823 1250 851 invertit
1271 823 1341 850 laesae
1358 822 1465 857 pietatis
1480 821 1628 857 perniciem
1657 829 1689 849 ac
1711 822 1780 848 inte-

159 854 314 904 κομισθείη,
328 869 378 903 τῆς
389 868 474 902 αὐτῆς
491 867 540 902 μὲν
554 867 644 902 ἔχεται
655 854 814 903 παρανοίας·
830 867 879 901 τῆς
892 866 942 892 αὑ·
959 854 981 884 Β
996 871 1089 898 mum,

158 915 208 949 τῆς
220 913 243 941 δ’
262 913 382 949 ἀμαθίας
394 913 543 948 καθορᾶται
555 913 699 948 βλάστημα
712 931 719 944 ,
739 912 787 938 καὶ
807 911 876 947 πρὸς
894 912 944 946 τὴν

158 959 242 995 αὐτὴν
255 959 436 994 καταστρέφει
455 959 505 994 τῆς
520 959 648 989 ἀσεϐείας
662 957 812 986 ἀπώλειαν.

195 1006 254 1038 lq’.
269 1005 335 1036 Ναὶ,
352 1004 434 1040 φησιν
445 1013 451 1019 ·
464 1004 522 1031 ἀλλ’
543 1004 724 1040 Ἀμϐρόσιοςὸ
735 1005 819 1040 μέγας
832 1005 878 1031 καὶ
892 1005 945 1031 Αὑ-

159 1051 298 1084 γουστῖνος
309 1051 356 1077 καὶ
374 1049 546 1085 Ἱερώνυμος,
567 1049 615 1076 καί
630 1058 702 1081 τινες
722 1049 828 1082 τούτοις
844 1051 944 1085 ὁμοτα-

160 1094 218 1128 γείς
231 1102 261 1120 τε
272 1095 319 1121 καὶ
331 1095 489 1126 ἰσοστάσιοι,
503 1094 574 1129 μέγα
588 1094 673 1129 ὄνομα
684 1094 812 1128 λαχόντες
827 1096 870 1121 ἐπ’
882 1096 945 1131 ἀρε-

160 1140 193 1174 τῇ
213 1139 260 1166 καὶ
273 1138 331 1174 βίου
348 1138 530 1174 λαμπρότητι,
546 1139 575 1165 τὸ
588 1138 700 1174 Πνεῦμα
719 1140 752 1165 ἐκ
766 1139 812 1166 τοῦ
831 1139 896 1166 Υιοῦ
915 1141 944 1167 ἐν

161 1184 268 1216 πολλοῖς
281 1184 370 1211 αὐτῶν
379 1184 469 1218 λόγοις
484 1184 633 1217 συνέταξαν
650 1184 859 1220 ἐκπορεύεσθαι.
889 1185 945 1212 Καὶ

159 1231 193 1267 δὴ
206 1231 312 1263 τούτοις
322 1231 482 1266 πειθόμεθα,
496 1231 568 1258 οὕτω
579 1232 626 1258 καὶ
648 1232 737 1266 λέγειν
753 1233 800 1258 καὶ
822 1233 943 1268 φρονεῖν·

160 1278 208 1304 καὶ
224 1277 260 1313 μὴ
273 1277 416 1313 ἀτιμάζειν
437 1278 560 1313 πατέρας
585 1279 625 1310 είς
640 1278 782 1314 αἰρετικὴν
795 1278 873 1312 δόξαν
887 1278 944 1305 δια-

158 1323 314 1355 ϐάλλοντες.
331 1323 410 1349 Ἔστι
428 1323 457 1350 δὲ
484 1331 592 1358 πρωτον
617 1324 665 1358 μὲν
676 1324 707 1350 τὸ
729 1325 796 1350 πᾶσι
813 1324 945 1359 πρόδηλον

160 1369 228 1405 πρὸς
239 1369 337 1400 αὐτοὺς
350 1369 449 1400 εἰπεῖν,
464 1369 502 1400 ὡς
519 1370 544 1395 εί
560 1369 636 1403 δέκα,
660 1369 676 1404 ἢ
702 1369 749 1396 καὶ
764 1369 851 1396 εἴκοσι
873 1369 945 1401 τινὲς

157 1413 216 1440 τῶν
228 1413 359 1448 Πατέρων
366 1413 468 1448 ταύτην
480 1411 556 1440 εἶπον
569 1415 619 1449 τὴν
633 1414 735 1449 φωνὴν,
751 1415 842 1451 μυρίοι
853 1415 882 1441 δὲ
896 1415 945 1441 οὐκ

157 1458 335 1492 ἐφθέγξαντο,
357 1459 429 1491 τίνες
452 1461 476 1487 οἱ
502 1459 627 1496 Πατέρας
655 1460 859 1495 ἐξυϐρίζοντες·
874 1461 898 1487 ot
915 1461 945 1487 τδ

160 1505 214 1557 πάν
226 1505 314 1557 αὐτῶν
331 1506 381 1540 τῆς
398 1507 540 1538 εὐσεϐείας
553 1507 582 1533 ὲν
598 1506 698 1541 ὀλίγοις
715 1508 944 1543 περιγράφοντες,
957 1526 978 1557 C

158 1550 205 1576 καὶ
220 1549 331 1582 τούτους
345 1550 612 1585 ἀντιφθεγγομένους
631 1551 678 1578 καὶ
699 1551 944 1587 ἀντιτασσομὲνους

157 1596 359 1631 οίκουμενικαῖς
374 1597 504 1629 συνόδοις,
519 1596 567 1623 καὶ
579 1596 756 1633 άναριθμήτῳ
768 1597 865 1633 πλήθει
883 1597 943 1624 θεο-

157 1641 250 1676 φόρων
262 1641 367 1677 ἀνδρῶν
383 1642 610 1678 προϐαλλόμενοι,
624 1643 640 1678 ἢ
665 1643 690 1669 οἱ
706 1643 770 1674 τοὺς
787 1642 944 1670 πολλαπλα-

159 1687 232 1718 σίους
256 1687 420 1724 συνηγόρους
446 1687 718 1724 παραλαμϐάνοντες.
754 1688 876 1724 ’Υϐρίζει
900 1696 944 1720 τις

158 1733 294 1768 Πατέρας,
307 1733 345 1764 ὡς
361 1733 426 1769 φὴς,
443 1734 480 1770 μὴ
497 1735 584 1768 λέγων
594 1735 626 1761 τὸ
639 1734 752 1769 Πνεῦμα
767 1735 800 1760 ὲκ
813 1734 861 1760 τοῦ
877 1733 942 1760 Υίοῦ

156 1778 354 1814 ἐκπορεύεσθαι
367 1787 374 1794 ·
387 1780 435 1806 καὶ
450 1781 505 1815 γὰρ
521 1780 608 1812 οὕτως
636 1781 736 1807 ἐκεῖνοι
759 1779 941 1815 ἐφθέγξαντο·

157 1827 205 1852 καὶ
222 1825 280 1857 πῶς
290 1825 340 1860 οὐχ
357 1825 463 1862 ὑϐρίζει
480 1825 696 1857 πολλαπλασίους
713 1827 727 1853 ὁ
741 1826 820 1853 τοῦτο
842 1825 941 1860 λέγων;

156 1871 195 1898 Οὐ
206 1871 261 1906 γὰρ
274 1871 408 1906 οὐμενοῦν
417 1872 535 1907 οὐδαμοῦ
552 1871 631 1899 τοῦτο
652 1872 819 1908 φθέγξασθαι
835 1872 943 1899 κατεδέ-

154 1918 246 1951 ξαν’·.
270 1917 338 1944 Ἀλλ’
351 1918 457 1953 ὑϐρίζει
486 1918 609 1953 Πατέρας
625 1920 639 1945 ὁ
665 1919 742 1954 παρὰ
756 1919 805 1954 τὴν
832 1918 942 1945 ἐκείνων

156 1968 248 1999 φωνην
260 1963 347 1998 λέγων
359 1972 367 1998 ;
384 1963 442 1995 πῶς
460 1964 510 1999 οὐχ
524 1964 629 1999 ὑϐρίζει
642 1964 688 1990 τὸν
702 1965 790 1991 κοινὺν
803 1964 942 1999 Δεσπότην

154 2011 170 2037 ὁ
184 2009 233 2045 τὴν
247 2010 353 2036 ἐκείνου
367 2010 588 2045 παραχαράττων
602 2010 703 2045 φωνὴν,
720 2010 766 2036 καὶ
783 2009 941 2036 διδάσκαλον

153 2056 212 2084 ἀντ’
238 2057 343 2084 ἐκείνου
370 2056 450 2083 ἄλλον
472 2055 522 2090 τῆς
541 2055 682 2090 θεολογίας
709 2054 939 2091 προϐαλλόμενος.

161 2103 241 2130 Ἀλλὰ
251 2104 294 2134 τίς
304 2103 379 2137 λέγει
390 2104 481 2135 τοῦτο,
493 2102 542 2133 Τίς
556 2102 631 2129 ἐστιν
642 2103 657 2129 6
667 2102 797 2139 ὑϐριστὴς
810 2103 865 2130 τῶν
875 2103 941 2138 περὶ

155 2151 335 2183 Δύγουστῖνον
348 2151 396 2177 τὸν
411 2151 484 2186 ἱερὸν
499 2152 546 2178 καὶ
567 2150 728 2186 Ἱερώνυμον
745 2151 792 2177 καὶ
814 2149 940 2186 Ἀμϐρώ-

1032 1007 1101 1035 XVI.
1120 1007 1195 1041 Esto,
1213 1007 1355 1042 inquiunt;
1380 1006 1455 1042 atqui
1474 1014 1590 1042 magnus
1615 1006 1777 1033 Ambrosius

996 1059 1024 1082 et
1036 1053 1206 1089 Augustinus
1215 1057 1243 1080 et
1257 1053 1449 1088 Hieronymus,
1462 1051 1561 1087 aliique
1570 1051 1694 1079 nonnulli
1708 1051 1780 1086 paris

995 1100 1086 1127 meriti
1099 1104 1182 1135 atque
1195 1099 1310 1131 ordinis,
1328 1099 1438 1127 virtutis
1450 1099 1512 1126 luce
1533 1105 1565 1125 ac
1580 1098 1642 1125 vitae
1657 1098 1779 1125 claritate

995 1146 1075 1180 longe
1085 1145 1265 1180 conspicuum
1280 1152 1382 1172 nomen
1393 1145 1544 1175 consecuti,
1559 1144 1653 1171 multis
1668 1151 1779 1171 suarum

995 1190 1214 1218 lucubrationum
1232 1189 1309 1222 locis,
1327 1188 1459 1224 Spiritum
1482 1197 1514 1217 ex
1537 1189 1606 1217 Filio
1631 1189 1779 1224 procedere

996 1235 1172 1270 scripserunt.
1200 1236 1239 1263 Ac
1259 1243 1325 1263 sane
1342 1243 1447 1263 morem
1470 1235 1602 1270 gerimus,
1629 1239 1659 1262 ut
1683 1235 1722 1262 sic
1739 1235 1778 1262 illi

996 1285 1023 1308 et
1037 1281 1129 1308 dicant
1145 1284 1173 1308 et
1197 1281 1337 1314 sentiant;
1364 1288 1415 1308 nec
1437 1285 1529 1308 tamen
1554 1280 1688 1308 haeretica;
1710 1281 1780 1308 labis

996 1326 1160 1355 calumniam
1172 1334 1325 1361 noxamque
1340 1326 1466 1354 Patribus
1482 1326 1643 1354 inferamus.
1657 1327 1695 1354 Ac
1719 1327 1778 1361 pri-

997 1381 1082 1406 mum,
1099 1373 1172 1407 quod
1196 1373 1303 1400 cunctis
1333 1373 1507 1400 manifestum
1538 1377 1590 1405 est,
1614 1373 1779 1408 respondere

996 1418 1030 1445 ad
1046 1426 1094 1446 eos
1110 1418 1174 1446 licet
1193 1427 1199 1445 :
1216 1417 1245 1445 Si
1266 1418 1372 1451 decem,
1387 1426 1435 1446 seu
1450 1418 1531 1446 etiam
1550 1418 1642 1454 viginti
1661 1427 1677 1446 e
1693 1418 1778 1446 Patri-

996 1464 1049 1492 bus
1067 1464 1138 1492 hanc
1159 1472 1254 1492 vocem
1268 1465 1406 1497 dixerunt,
1423 1465 1545 1493 sexcenti
1563 1473 1627 1492 vero
1642 1472 1674 1492 ac
1696 1465 1778 1492 innu-

996 1511 1064 1538 meri
1076 1519 1131 1539 non
1146 1511 1291 1544 dixerunt;
1306 1511 1417 1546 quinam
1432 1514 1496 1538 sunt
1511 1511 1557 1546 qui
1573 1509 1668 1537 Patres
1679 1509 1777 1545 injuria

994 1556 1125 1588 alliciunt,
1147 1556 1201 1583 iine
1221 1555 1266 1591 qui
1282 1556 1356 1583 brevi
1375 1563 1488 1582 numero
1505 1558 1638 1590 quotquot
1654 1555 1698 1590 pie
1713 1562 1777 1582 sen-

994 1606 1100 1635 serunt,
1114 1601 1353 1634 circumscribunt,
1370 1608 1472 1636 eosque
1484 1604 1607 1628 statuunt
1623 1600 1669 1636 qui
1701 1608 1778 1628 cecu-

994 1648 1108 1675 menicis
1134 1647 1243 1683 synodis
1270 1647 1495 1674 contradixerunt
1521 1646 1611 1682 iisque
1643 1646 1777 1674 adversati

994 1700 1067 1725 sunt,
1084 1695 1292 1728 divinorumque
1307 1693 1428 1724 Patrum.
1443 1697 1544 1728 quanta
1567 1700 1619 1720 nec
1640 1693 1778 1720 numerari

993 1744 1082 1774 potest
1097 1739 1262 1766 multitudini
1277 1743 1458 1773 anteponunt,
1470 1745 1505 1765 an
1532 1737 1578 1772 qui
1602 1738 1695 1765 multis
1715 1745 1775 1772 par-

994 1785 1066 1812 tibus
1080 1785 1172 1820 plures
1191 1784 1241 1811 sibi
1258 1789 1388 1819 patronos
1410 1784 1566 1811 asciscunt?
1593 1783 1692 1818 lnjuria
1717 1783 1778 1818 quis

993 1830 1087 1858 Patres
1106 1831 1199 1863 afﬁcit,
1218 1831 1318 1866 inquis,
1339 1831 1385 1865 qui
1404 1830 1533 1864 Spiritum
1547 1838 1581 1857 ex
1597 1829 1666 1857 Filio
1682 1837 1777 1865 proce—

992 1879 1057 1906 dere
1073 1886 1128 1905 non
1143 1878 1226 1905 dicit:
1243 1877 1343 1905 etenim
1359 1877 1399 1904 sic
1414 1877 1450 1903 illi
1465 1876 1547 1904 locuti
1560 1880 1639 1907 sunt;
1657 1880 1684 1902 et
1709 1883 1778 1910 quo-

993 1925 1074 1952 modo
1089 1932 1145 1951 non
1159 1924 1238 1960 longe
1254 1924 1346 1958 plures
1360 1923 1459 1958 injuria
1474 1923 1568 1955 violat,
1588 1923 1634 1956 qui
1659 1922 1711 1949 hoc
1734 1921 1777 1949 di-

992 1972 1047 1998 cit?
1061 1971 1203 2006 Nunquam
1229 1970 1301 1997 enim
1326 1970 1515 1996 sustinuerunt
1528 1974 1557 1996 ut
1573 1969 1626 1996 hoc
1642 1968 1775 1995 dicerent.

992 2017 1138 2043 Enimvero
1163 2016 1259 2043 Patres
1284 2015 1384 2050 injuria
1412 2014 1505 2046 allicit,
1523 2015 1569 2048 qui
1596 2019 1776 2049 praeterquam

991 2061 1064 2096 quod
1082 2061 1121 2088 illi
1138 2060 1221 2088 locuti
1243 2065 1317 2090 sunt.
1334 2059 1419 2086 dicit?
1439 2060 1474 2086 At
1489 2059 1625 2093 quomodo
1642 2066 1695 2085 non
1718 2066 1776 2086 ma-

991 2107 1031 2143 gis
1047 2114 1078 2134 ea
1100 2114 1272 2134 communem
1291 2106 1434 2132 Dominum
1449 2104 1542 2136 afﬁcit,
1566 2104 1612 2139 qui
1631 2105 1703 2132 illius
1728 2105 1777 2132 de-

991 2157 1086 2188 pravat
1109 2160 1140 2180 ac
1165 2151 1317 2186 corrumpit
1334 2159 1438 2184 vocem,
1466 2151 1578 2185 ejusque
1608 2152 1666 2178 loco
1692 2151 1775 2178 alium

155 2205 223 2224 σιον.
243 2196 272 2224 '0
292 2197 404 2229 τούτους
422 2197 568 2229 ἀντιτιθεὶς
592 2197 632 2231 τῷ
646 2195 727 2231 κοινῷ
748 2197 868 2232 Δεσπότῃ
889 2196 935 2223 καὶ

994 2197 1043 2225 sibi
1055 2197 1195 2224 doctorem
1209 2204 1240 2223 ac
1258 2195 1400 2230 theologia:
1415 2195 1577 2229 magistrum
1592 2194 1724 2230 praeﬁcit!
1741 2196 1776 2222 At

153 2242 305 2278 διδασκάλῳ
319 2243 582 2278 ἀντιφθεγγομένους
593 2250 599 2257 ·
615 2241 632 2277 ἢ
645 2241 660 2267 ὀ
683 2241 767 2276 μηδὲν
787 2242 836 2277 μὲν
849 2242 938 2269 τοιοῦ-

153 2297 200 2315 τον
211 2289 306 2320 ποιῶν,
318 2289 409 2316 κοινοῦ
423 2289 451 2316 δὲ
465 2289 601 2316 Δεσπότου
623 2287 834 2315 κατακολουθεῖν
855 2288 938 2322 ἀξιῶν

153 2333 259 2366 πάντας
274 2334 313 2370 τῷ
327 2334 507 2370 θεσπίσματι.

189 2509 238 2535 ΙΖ’.
262 2507 333 2534 Ἀλλ’
346 2507 370 2533 ει
381 2505 482 2538 καλῶς,
495 2505 588 2540 φησίν,
603 2505 796 2540 ἐδογμάτισαν.
816 2505 863 2532 καὶ
887 2505 940 2541 χρὴ

151 2555 183 2581 τὸ
198 2553 310 2580 ἐκείνων
325 2553 439 2579 θάλπειν
453 2553 589 2587 φρόνημα,
605 2553 679 2583 τοὺς,
691 2550 748 2576 ὅσοι
759 2550 871 2581 τούτους
886 2551 941 2577 Πα-

150 2602 233 2637 τέρας
247 2600 444 2635 ἐπιγράφουσιν
454 2607 461 2614 ·
474 2599 490 2634 ἦ
511 2598 649 2631 δυσσεϐῶς
671 2597 764 2632 εἶπον,
782 2598 830 2625 καὶ
847 2597 887 2624 δεῖ
901 2597 939 2632 τῷ

151 2646 283 2684 αίρετικῷ
319 2645 475 2681 φρονήματι
507 2645 650 2678 κάκείνους
678 2644 936 2672 συναποϐάλλεσθαι.

150 2695 243 2721 Ταῦτα
259 2694 284 2720 οἱ
296 2693 345 2729 τὴν
365 2692 491 2719 ἀσέϐειαν
505 2691 675 2728 ἀδικώτεροι.
699 2692 736 2718 οὐ
752 2691 805 2727 γὰρ
835 2692 936 2723 αὐτοῖς,

151 2741 188 2772 ὡς
202 2740 285 2771 ἔοικε,
311 2739 381 2774 μέγα
399 2739 466 2774 πρὸς
489 2738 617 2765 ἀσέϐειαν
644 2737 718 2763 δοκεῖ
749 2737 936 2772 κρατυνομένη

151 2785 216 2820 παρ’
229 2785 318 2812 αὐτῶν
334 2785 382 2818 τῆς
399 2784 538 2818 θεολογίας
553 2785 566 2819 ἡ
585 2783 733 2818 διαστροφὴ
746 2791 752 2798 ⁸
770 2783 827 2809 ἀλλ’
843 2782 937 2813 ἀτελὲς

153 2831 282 2866 ἡγοῦνται
308 2831 338 2857 τὸ
355 2830 528 2865 σπούδασμα,
547 2832 571 2856 εἰ
596 2831 632 2865 μὴ
648 2831 695 2856 καὶ
721 2830 874 2865 ζητήσωσιν
890 2829 934 2855 εὑ-

143 2870 148 2875 ”
308 2879 444 2908 ΡΑτιιοι.
467 2878 523 2907 Gn.
548 2877 610 2907 cu.

989 2243 1050 2278 quis
1064 2242 1117 2269 hoc
1128 2242 1212 2269 dicit?
1227 2241 1358 2274 Quisnam
1370 2241 1486 2275 injurius
1498 2247 1539 2269 est
1549 2247 1643 2270 contra
1651 2247 1776 2270 sanctum

989 2287 1170 2324 Augustinum
1183 2292 1211 2314 et
1234 2286 1430 2321 Hieronymum
1445 2293 1473 2316 et
1497 2288 1693 2315 Ambrosium?
1716 2288 1776 2314 isne

989 2334 1035 2368 qui
1048 2333 1188 2361 communi
1203 2332 1319 2359 Domino
1334 2336 1415 2368 atque
1427 2333 1556 2368 magistro
1572 2337 1699 2367 tauquam
1714 2339 1777 2359 con-

989 2379 1072 2406 traria
1085 2379 1191 2406 locutos
1210 2378 1335 2413 Opponit.
1355 2387 1388 2406 an
1405 2379 1452 2413 qui
1475 2378 1684 2412 nihilejusmodi
1700 2377 1775 2410 facit,

989 2426 1035 2452 sed
1044 2430 1073 2450 ut
1079 2432 1175 2451 omnes
1185 2427 1339 2453 communis
1349 2425 1454 2452 Domini
1467 2424 1606 2451 decretum
1617 2428 1775 2458 sequantur,

991 2461 1085 2496 cupit?

1027 2507 1108 2534 XVII.
1140 2507 1175 2534 At
1206 2506 1350 2541 siquidem,
1379 2506 1477 2541 inquit.
1511 2507 1595 2542 probe
1625 2507 1778 2536 docuerunt

990 2557 1071 2587 atque
1080 2556 1235 2582 senserunt,
1246 2559 1340 2578 eorum
1348 2559 1455 2586 quoque
1466 2552 1519 2579 illis
1526 2553 1653 2580 omnibus
1660 2553 1776 2581 fovenda

990 2598 1124 2626 sententia
1141 2601 1193 2629 est,
1206 2598 1252 2632 qui
1266 2605 1314 2624 eos
1329 2597 1423 2624 Patres
1438 2603 1589 2632 agnoscunt
1602 2608 1608 2626 :
1624 2600 1666 2626 sin
1680 2604 1770 2627 autem

990 2645 1072 2680 impie
1084 2644 1166 2671 locuti
1185 2649 1259 2675 sunt,
1276 2652 1328 2670 una
1350 2651 1412 2671 cum
1436 2645 1564 2672 haeretico
1577 2653 1661 2672 sensu
1688 2651 1716 2673 et
1737 2646 1774 2672 illi

988 2690 1149 2726 explodendi
1168 2694 1241 2717 sunt.
1259 2690 1372 2717 Hzecita
1384 2691 1431 2724 qui
1454 2691 1548 2725 majori
1573 2691 1675 2719 scelere
1697 2692 1776 2720 litant

989 2736 1138 2771 impietati:
1155 2736 1216 2763 Non
1232 2736 1304 2763 enim
1316 2736 1381 2771 ipsis
1396 2736 1438 2772 (ut
1461 2737 1524 2764 licet
1544 2737 1691 2772 conjicere)
1715 2745 1775 2764 ma-

988 2791 1070 2818 guum
1091 2782 1198 2810 videtur
1215 2783 1249 2810 ad
1272 2782 1450 2817 impietatem,
1474 2786 1503 2809 ut
1528 2790 1610 2817 quam
1641 2782 1775 2810 inducunt

989 2829 1130 2864 theologia;
1171 2829 1375 2864 perversionem
1400 2833 1538 2861 statuant,
1564 2828 1611 2855 sed
1641 2829 1712 2863 quod
1736 2829 1774 2856 ita

1598 2874 1638 2904 26
