1928 3097
185 117 235 150 811

746 119 876 150 PHO'I‘II
894 115 1144 148 PATRIARCH/E
1161 115 1215 146 (ΣΡ.

1746 116 1793 148 812

188 177 335 205 moliuntur
352 177 539 212 imperfectum
552 179 716 210 existimant,
732 177 783 205 nisi
795 177 878 204 etiam
893 182 967 210 qua:-

1020 173 1085 208 ρεῖν.
1102 171 1150 203 οὓς
1165 171 1288 211 Πατέρας
1303 170 1431 203 καλοῦσι,
1449 171 1492 198 διὰ
1511 171 1560 206 τῆς
1575 171 1701 206 τοιαύτης
1715 172 1794 206 ἀγνώ-

187 229 247 252 rant
262 224 394 256 invenire,
415 231 482 259 quos
502 224 599 253 Patres
621 228 731 256 vocant,
753 222 889 258 quomodo
915 221 966 248 im-

187 271 272 306 proba
286 278 317 298 ea
334 270 460 305 indagine
470 278 501 298 ae
511 272 692 299 vcrendorum
702 269 855 298 delectione
869 267 968 303 injuria

192 316 309 343 alliciant
336 323 343 341 :
365 315 416 342 hac
434 323 541 350 quoque
553 321 629 350 parte
642 322 720 342 veros
733 314 817 342 Cham
837 313 908 339 illius
927 311 968 339 di-

189 360 305 395 scipulos
319 367 378 387 sese
395 359 563 388 exhibentes.
576 360 621 394 qui
633 360 733 387 nedum
747 359 830 394 patris
849 357 968 385 verenda

188 414 242 433 non
253 406 370 438 obtexit;
388 413 481 432 verum
493 406 572 433 etiam
591 405 741 440 impudenti
765 412 813 432 ore
836 403 968 438 vultuque

188 451 374 479 subsannavit.
392 450 476 478 Secus
487 459 551 479 vero
563 451 691 479 Ecclesiae
706 450 819 482 alumni,
829 456 880 476 nec
890 448 969 483 quid-

188 505 267 533 quam
284 505 360 525 sacra
375 497 538 525 documenta
553 497 639 530 obliti,
655 497 717 525 Sem
737 501 765 524 et
786 496 886 531 Japhet
911 495 969 522 ha;-

189 547 280 570 rentes
295 543 426 578 vestigiis,
444 550 505 569 cum
521 547 662 577 paternam
691 541 889 577 turpitudinem
917 549 968 568 no-

189 594 286 617 verunt
299 590 446 623 occultare,
465 594 522 616 tum
545 589 628 617 Citam
653 589 725 617 illius
741 589 853 617 aemulos
875 596 969 624 repro-

189 636 252 663 bare
271 643 302 662 ac
316 635 444 662 aversari.

225 681 320 709 XVIII.
339 681 470 709 Praeterea
488 689 563 713 vero,
585 681 607 709 si
631 689 700 716 quos
721 681 848 716 superius
875 682 970 709 Patres

189 727 408 759 memoravimus,
427 727 496 753 nihil
509 727 649 754 communi
665 726 782 754 Domino
801 726 969 753 contrarium

189 770 348 805 loquuntur,
364 777 398 797 ne
412 778 463 797 nos
476 770 586 805 quidem
601 770 655 798 illis
667 771 812 805 loquemur
821 770 969 798 contraria.

190 815 236 842 Sin
252 819 342 842 autem
357 822 406 842 vos
419 814 508 842 dicitis
525 815 673 843 Dominica:
688 823 735 842 eos
748 815 806 842 voci
822 814 969 847 adversari,

190 865 309 888 vestrum
324 865 366 888 est
387 865 458 888 utet
482 861 624 888 Dominum
640 861 693 888 illis
722 860 900 896 postponatis,
926 861 968 895 ip-

189 914 286 941 sosque
300 907 383 942 spreti
397 906 529 934 Dominici
550 906 678 942 pra-cepti
696 914 768 939 reos,
791 906 820 933 in
852 906 970 933 inevita-

190 952 251 979 bilis
261 952 352 987 judicii
363 960 461 979 noxam
472 960 503 979 ac
514 952 713 979 damnationem
726 951 850 979 trudatis.
864 951 970 984 Quanta

189 1005 253 1025 vero
270 997 331 1032 quis
348 1005 396 1032 pro
408 998 492 1024 beatis
501 997 555 1024 illis
563 997 628 1024 viris
637 997 721 1032 possit
734 997 844 1024 dicere?
857 997 970 1030 Quantae

190 1045 264 1072 enim
293 1051 383 1071 rerum
410 1044 634 1079 negotiorumque
656 1043 848 1079 perplexitates
870 1043 970 1071 multos

190 1094 337 1126 coegerunt
365 1095 395 1117 ut
417 1090 514 1125 partim
542 1090 610 1117 male
640 1090 890 1124 interpretarentur,
907 1096 969 1124 par-

191 1134 237 1162 tim
262 1134 466 1169 dispensatione
490 1134 605 1169 quadam
645 1133 831 1169 loquerentur,
857 1141 918 1161 cum
942 1136 969 1161 et

190 1180 320 1207 increduli
333 1180 549 1212 adversarentur,
561 1180 624 1206 etin
637 1187 718 1214 quam
728 1179 845 1214 prolapsi
865 1184 967 1212 essent,

190 1226 350 1262 ignorantia,
366 1230 398 1252 ut
408 1233 438 1252 se
451 1225 552 1252 habent
566 1233 609 1252 res
626 1225 763 1252 humanm.
784 1225 860 1252 Alius
891 1233 969 1252 nam-

188 1279 240 1306 que
254 1272 396 1299 decertans
415 1271 546 1298 adversus
564 1271 726 1303 haereticos;
744 1270 816 1297 alius
831 1278 882 1305 pro
917 1278 967 1297 au-

189 1318 308 1345 ditorum
333 1317 517 1344 imbecillitate
545 1317 695 1351 composita
723 1317 858 1349 doctrina,
887 1321 968 1351 atque

188 1361 258 1388 alius
273 1361 347 1388 aliud
361 1360 426 1396 quid
442 1360 567 1393 moliens,
584 1365 686 1388 etcum
697 1361 793 1396 majori
808 1361 898 1396 aliquo
915 1361 969 1389 ﬁne

188 1407 223 1434 ab
237 1410 362 1434 accurata
375 1405 516 1440 disciplina
530 1413 585 1433 non
602 1405 696 1440 paucis
712 1407 739 1433 in
755 1406 837 1434 rebus
863 1411 968 1442 tempe-

190 1459 249 1479 rare
274 1451 489 1486 submissiusque
511 1458 590 1486 agere
618 1455 724 1486 tempus
755 1452 890 1484 suaderet,
910 1458 968 1480 tum

190 1497 272 1525 locuti
286 1501 360 1530 sunt,
378 1501 470 1524 tumve
493 1501 615 1531 egerunt,
638 1505 698 1532 qua;
722 1497 800 1525 nobis
820 1505 871 1525 nec
895 1497 968 1533 loqui

189 1551 240 1571 nec
258 1551 338 1578 agere
352 1543 423 1571 licet.

224 1590 295 1618 XIX.
318 1590 352 1618 Et
367 1596 397 1618 ut
417 1591 534 1626 reliquos
548 1591 682 1623 omittam,
698 1590 847 1626 perpende,
865 1598 967 1625 quaeso,

189 1635 380 1663 admirandum
396 1636 510 1664 Paulum
525 1644 557 1664 ac
566 1636 640 1664 orbis
650 1636 810 1671 magistrum
827 1641 858 1663 ut
867 1635 968 1663 sancti-

190 1681 294 1715 ﬁcatus,
315 1686 345 1709 ut
366 1690 457 1715 rasus;
473 1690 520 1710 eos
549 1681 594 1717 qui
622 1689 717 1709 recens
746 1681 779 1708 ad
799 1681 968 1716 disciplinam

188 1726 309 1753 animum
324 1727 500 1761 adiecissent,
516 1735 570 1754 non
587 1727 673 1755 solido
687 1726 757 1760 cibo,
769 1726 816 1754 sed
831 1726 900 1754 lacte
913 1726 968 1754 ale-

190 1775 240 1798 ret.
258 1770 296 1798 Ae
313 1770 336 1797 si
356 1770 417 1805 quis
443 1771 572 1806 deinceps
598 1779 737 1799 sacrorum
764 1771 884 1798 virorum
903 1771 969 1799 cho-

188 1823 249 1843 rum
263 1820 415 1851 percurrat,
433 1817 497 1844 vitae
511 1824 593 1845 omne
609 1821 718 1851 tempus
732 1821 801 1845 teret
823 1817 885 1844 talia
905 1824 969 1852 per-

187 1862 336 1895 censendo,
356 1866 384 1889 et
398 1867 427 1890 ut
443 1870 474 1890 ea
488 1863 651 1891 conscribat.
672 1863 700 1891 Si
720 1862 782 1897 quis
804 1861 878 1889 enim
902 1870 966 1890 vero

1019 225 1098 252 μονος
1110 217 1233 252 ἐρεύνης,
1243 217 1345 252 καὶτῆς
1355 216 1409 243 τῶν
1421 217 1583 252 ἀσχημόνων
1597 217 1793 252 ἁνακαλὺψεως,

1017 263 1091 294 ὅπως
1105 263 1253 298 ὑϐρίσωσι·
1278 263 1434 296 δεικνύντες
1459 263 1557 295 αὐτοὺς
1576 262 1714 291 κάνταῦθα
1736 272 1795 299 γνη-

1018 309 1094 341 σίους
1107 309 1155 335 τοῦ
1167 308 1233 344 Χὰμ
1245 308 1378 344 μαθητὰς,
1392 309 1422 340 ὃς
1437 309 1486 344 τὴν
1499 309 1545 335 τοῦ
1559 309 1662 344 πατρὸς
1676 309 1794 344 ἀσχημο-

1019 354 1102 389 σύνην
1115 355 1146 380 οὐ
1157 353 1350 388 συνεκάλυψεν,
1363 354 1466 381 ἀναιδεῖ
1474 354 1503 380 δὲ
1513 353 1651 389 προσώπῳ
1662 353 1794 389 διεχλεύα-

1019 408 1075 427 σεν.
1098 399 1167 426 Ἀλλ’
1181 401 1206 426 οἱ
1221 399 1270 434 τῆς
1292 399 1455 434 Ἐκκλησίας
1468 400 1613 435 τρόφιμοι,
1630 400 1678 427 καὶ
1696 399 1749 427 τῶν
1762 400 1796 426 is-

1020 445 1074 481 ρῶν
1088 445 1255 481 μαθημάτων
1268 445 1317 471 οὐκ
1332 445 1521 480 ἐπιλήσμονες,
1541 446 1610 473 κατὰ
1625 445 1670 473 τὸν
1682 446 1741 481 Σὴμ
1751 445 1795 473 καὶ

1024 491 1124 527 ’1άφεθ,
1139 492 1186 520 καλ⁵
1195 492 1245 528 τὴν
1257 492 1392 528 πατρικὴν
1402 491 1594 527 ἀσχημοσύνην
1607 491 1796 519 ὲπικαλύπτειν

1019 536 1186 570 ἐπίστανται,
1213 537 1261 564 καὶ
1278 538 1340 570 τοὺς
1357 538 1479 572 μιμητὰς
1503 537 1550 564 τοῦ
1566 537 1631 572 Χὰμ
1642 537 1790 572 καταγινώ-

1020 590 1129 615 σκοντες
1142 582 1371 619 ἀποστρέφονται.

1053 675 1106 704 IH'.
1125 675 1230 706 Ἀλλως
1239 683 1268 701 τε
1280 675 1318 709 δὲ,
1336 676 1360 702 εί
1376 675 1425 710 μὲν
1437 676 1529 711 μηδὲν,
1546 675 1593 708 οὓς
1604 675 1619 702 ὁ
1635 675 1713 710 λόγος
1725 676 1796 704 ἄνω-

1020 721 1065 748 θεν
1081 721 1132 758 ἔφη
1142 721 1275 757 Πατέρας,
1284 721 1324 757 τῷ
1335 722 1418 757 κοινῷ
1427 722 1548 759 Δεσπότῃ
1563 723 1795 757 ἀντιφθέγγονται,

1019 767 1073 794 οὐδ’
1087 768 1169 802 ἡμεῖς
1179 767 1284 798 τούτοις
1298 767 1548 802 ἀντιφθεγξόμεθα·
1564 769 1589 795 εὶ
1603 768 1624 795 δ’
1638 769 1717 804 ὑμεῖς
1732 777 1796 803 φατε

1019 812 1056 844 ὼς
1070 813 1104 847 τῇ
1115 814 1265 847 Δεσποτικῇ
1279 814 1355 848 φωνῇ
1370 813 1604 848 ἀντιφθέγγονται,
1617 815 1693 850 ὑμῶν
1704 816 1797 843 ὲστιτδ

1020 857 1066 883 καὶ
1080 856 1126 882 τὸν
1140 856 1277 892 Δεσπότην
1290 857 1416 893 δεύτερον
1429 858 1541 885 ἐκείνων
1551 861 1649 891 ποιεῖν,
1659 860 1797 892 κάκείνους

1019 901 1062 928 διὰ
1076 902 1105 928 τὸ
1118 901 1166 937 τὴν
1181 903 1347 938 Δεσποτικὴν
1359 904 1481 939 παριδεῖν
1496 905 1604 940 ἐντολὴν
1616 925 1624 937 ,
1639 906 1797 933 ἀπελαύνειν

1020 946 1060 978 είς
1070 947 1100 974 τὸ
1116 947 1164 973 τοῦ
1187 948 1319 982 κρίματος
1343 949 1542 984 ἀπαραίτητον.
1568 950 1641 977 Πόσα
1667 951 1690 977 δ’
1715 951 1746 977 ἄν
1757 961 1797 983 τις

1021 992 1148 1027 ὑπὲρτῶν
1157 993 1299 1028 μακαρίων
1309 994 1413 1029 ἀνδρων
1426 995 1537 1022 ἐκείνων
1550 995 1622 1023 εἴποι
1634 1005 1642 1029 ;
1653 997 1736 1023 Πόσαι
1745 998 1797 1032 γὰρ

1020 1037 1194 1071 περιστάσεις
1224 1039 1394 1073 πραγμάτων
1422 1040 1536 1072 πολλοὺς
1565 1041 1797 1074 ὲξεὸιάζοντο,τὰ

1021 1082 1070 1116 μὲν
1086 1083 1341 1118 παραφθέγξασθαι,
1354 1084 1388 1111 τὰ
1403 1084 1431 1112 δὲ
1448 1086 1515 1120 πρὸς
1530 1087 1687 1121 οἰκονομίαν
1702 1088 1798 1120 εἰπεῖν,

1019 1127 1054 1154 τὰ
1065 1127 1104 1160 δὲ,
1121 1128 1169 1155 καὶ
1184 1128 1238 1155 τῶν
1253 1130 1437 1158 ἀπειθούντων
1461 1132 1685 1166 ἐπαναστάντων,
1701 1133 1736 1159 τὰ
1759 1133 1797 1167 δὲ,

1019 1174 1067 1201 καὶ
1085 1175 1182 1210 ἀγνοίᾳ
1196 1172 1241 1203 οἷα
1252 1175 1283 1210 δὴ
1311 1176 1503 1212 περιολισθεῖσι
1519 1177 1688 1213 ἀνθρώπινα.
1705 1179 1798 1212 Ἀλλος

1019 1222 1072 1256 γὰρ
1084 1221 1152 1257 πρὸς
1168 1223 1231 1253 τοὺς
1245 1223 1428 1257 αἱρετίζοντας
1443 1224 1656 1260 διαμαχόμενος
1671 1226 1750 1258 ἄλλος
1764 1228 1797 1262 τῇ

1019 1267 1145 1303 ἀσθενείᾳ
1162 1268 1317 1303 συγκατιὼν
1343 1269 1398 1296 τῶν
1423 1271 1578 1306 ἀκροατῶνο
1596 1272 1680 1305 ,ἄλλος
1693 1272 1758 1299 ἄλλο
1772 1282 1798 1299 τι

1019 1313 1273 1349 διαπραττόμενος,
1292 1315 1339 1342 καὶ
1364 1315 1410 1342 τὸν
1435 1316 1530 1351 καιρὸν
1554 1317 1623 1352 ἔχων
1651 1318 1736 1344 πολλὰ
1750 1318 1798 1353 τῆς

1020 1358 1162 1394 ἀκριϐείας
1178 1359 1340 1395 καθυφεῖναι
1355 1361 1565 1396 παρακαλοῦντα
1584 1363 1632 1389 ἐπὶ
1649 1363 1720 1390 τέλει
1741 1365 1799 1398 μεί-

1020 1404 1077 1435 ζονι
1096 1405 1145 1432 καὶ
1160 1403 1231 1438 εἷπε,
1259 1406 1306 1432 καὶ
1333 1406 1462 1442 ἔπραξεν,
1487 1407 1505 1434 ἂ
1522 1409 1590 1443 μήτε
1616 1409 1706 1437 λαλεῖν
1719 1411 1797 1445 ἡμῖν,

1021 1449 1090 1484 μήτε
1105 1450 1234 1486 πράττειν
1247 1451 1345 1485 ἔξεστι.

1055 1588 1105 1615 ΙΘν.
1121 1589 1174 1616 Καὶ
1187 1589 1230 1616 ἵνα
1244 1590 1341 1621 ἄλλους
1355 1590 1439 1624 ἐάσω,
1458 1593 1543 1620 ἐννόει
1557 1602 1603 1629 μοι
1626 1594 1672 1621 τοῦ
1694 1594 1802 1631 θαυμα-

1021 1634 1078 1660 σίου
1088 1634 1193 1661 Παύλου
1204 1636 1251 1662 καὶ
1263 1636 1423 1664 διδασκάλου
1435 1639 1484 1673 τῆς
1496 1639 1657 1675 οἰκουμένης
1665 1640 1709 1668 τὸν
1723 1641 1803 1676 ἁγια-

1019 1680 1098 1715 σμὺν,
1124 1681 1153 1707 τὸ
1175 1680 1304 1717 ξύρεσθαι
1329 1683 1396 1718 (14)·
1414 1683 1446 1710 τὸ
1464 1685 1579 1718 γάλακτι
1597 1686 1708 1721 τρέφειν
1736 1688 1804 1720 τοὺς

1018 1726 1080 1760 ἄρτι
1092 1726 1308 1762 καθισταμένους
1325 1729 1394 1764 πρὸς
1413 1730 1542 1765 μάθησιν,
1560 1730 1607 1757 καὶ
1620 1731 1649 1757 οὐ
1664 1731 1803 1768 βρώματι.

1019 1771 1153 1798 Κάκεῖθεν
1168 1772 1266 1809 ἐφεξῆς
1283 1775 1309 1801 εῐ
1316 1783 1359 1807 τις
1369 1775 1423 1802 τῶν
1437 1775 1517 1811 ἱερῶν
1537 1776 1642 1812 ἀνδρῶν
1661 1778 1706 1805 τὸν
1720 1780 1805 1814 χορὸν

1017 1816 1127 1850 διέλθοι,
1146 1817 1206 1845 ὅλον
1216 1819 1364 1855 ,ἀνθρώπου
1381 1821 1542 1857 κατατρίψω
1555 1822 1622 1856 βίον,
1637 1823 1672 1850 τὰ
1686 1825 1805 1852 τοιαῦτα

1020 1862 1186 1899 ἐξαριθμῶν,
1204 1865 1252 1891 καὶ
1278 1866 1460 1902 γραφόμενος.
1492 1867 1571 1894 Ἀλλὰ
1585 1868 1640 1904 γὰρ
1652 1869 1731 1902 εἴτις
1746 1872 1805 1898 τῶν

936 1946 1050 1974 NOTAE.

223 2024 278 2059 (Η)
302 2024 535 2060 ΤΜῨὰγιαο-μὸν,
549 2023 752 2060 τὸνξύρεσθαι.
768 2024 837 2060 Sunt
854 2024 912 2060 lucc
929 2023 968 2060 le-

186 2060 265 2094 galia,
281 2066 340 2092 quae
361 2058 663 2093 Paulus'ﬂierosolymis
682 2059 845 2091 observavit,
859 2058 968 2094 Jacobi)

186 2093 245 2128 ejus
268 2094 344 2120 urbis
361 2094 489 2129 episcopo
510 2094 548 2120 illi
563 2099 683 2129 auctore,
707 2101 821 2127 quorum
840 2093 967 2129 observa-

187 2127 261 2156 tione
285 2127 432 2163 placandos
456 2127 586 2164 putavere
616 2128 891 2164 l’aulorinl'ensiores
919 2127 968 2155 Ju-

186 2162 310 2209 dzeorunil
323 2165 447 2209 animos;
459 2162 645 2209 ;ctsimcon‘atu
673 2163 758 2189 irrito.
777 2163 843 2209 Qlua‘,
857 2162 967 2209 dlispeln-
983 2181 1005 2209 ο

187 2199 257 2225 satio
273 2199 341 2225 nihil
354 2199 418 2225 dum
433 2200 494 2226 ﬁdei
510 2198 652 2228 ofﬁciebat,
665 2205 725 2224 eum
739 2198 854 2224 necdum
871 2197 965 2231 legalia

186 2239 278 2261 essent
293 2235 442 2265 mortifera,
458 2235 479 2261 si
500 2234 560 2267 quis
577 2233 603 2259 iu
617 2233 657 2260 eis
671 2239 747 2266 spem
763 2237 965 2266 nom-poneret;

187 2269 235 2295 sed
259 2276 307 2302 per
321 2269 401 2295 [idem
417 2269 518 2296 Christi
538 2268 650 2295 salutem
667 2268 716 2294 sibi
739 2272 884 2302 arrogaret.
901 2267 967 2299 Qua:

187 2301 353 2338 dispensatio
369 2303 435 2330 nihil
457 2303 551 2330 attinet
567 2302 599 2329 ad
619 2303 725 2338 relatos
740 2301 844 2333 Patres,
862 2301 967 2336 hocque

186 2337 317 2365 doctrina:
333 2339 491 2373 capitulum,
510 2338 543 2364 ad
555 2337 626 2371 quod
650 2337 717 2364 nihil
729 2338 854 2373 cogehat,
870 2344 965 2363 eorum

185 2380 245 2404 quae
270 2372 382 2400 Photius
411 2377 486 2400 tanto
511 2373 655 2399 verborum
683 2372 785 2399 ambitu
812 2376 964 2406 exaggerat.

184 2407 250 2434 Erat
265 2408 370 2435 illorum
386 2407 598 2435 eruditissimum
621 2407 761 2438 smculum,
785 2414 889 2433 summa
916 2407 966 2432 Ec-

184 2442 273 2469 clesizc
296 2451 344 2477 pax
370 2443 457 2469 ;nulli
483 2442 599 2476 tyranni,
625 2442 741 2468 haereses
772 2448 866 2475 magna
889 2446 966 2475 parte

185 2476 356 2512 compressa),
375 2478 459 2505 libera
483 2477 640 2512 praedicatio
650 2485 661 2512 ι
679 2484 739 2512 quas
761 2476 857 2512 omnia
873 2477 915 2503 vel
943 2477 964 2503 si

184 2511 352 2545 deftiissent,
381 2513 455 2539 nulla
480 2511 615 2546 ejusmodi
639 2511 747 2538 licentia
777 2511 901 2546 Patribus
918 2512 965 2545 (in

185 2547 319 2581 theologia
340 2549 455 2574 maxime
468 2545 502 2574 ac
522 2547 630 2574 deitatis
646 2545 788 2579 doctrina)
811 2545 856 2571 τοῦ
874 2555 965 2581 παρα-

185 2581 351 2616 φθέγγεσθαι
377 2582 428 2617 (ut
450 2582 540 2608 Photii
563 2582 623 2617 ipsa
646 2589 713 2608 voce
729 2583 806 2617 utar)
823 2585 852 2607 ut
869 2586 964 2608 contra

184 2616 502 2650 nicntcm‘loquerentur,
519 2621 546 2642 et
559 2616 624 2642 falsa
640 2623 690 2650 pro
705 2617 775 2643 veris
788 2616 942 2650 ingererent
957 2626 963 2642 :

183 2660 261 2679 secus
275 2656 303 2678 ut
313 2651 598 2685 subticerentaliquid,
616 2656 662 2678 aut
677 2651 813 2677 Donnnica
830 2652 885 2685 ipsa
899 2659 965 2678 voce

182 2687 301 2714 contenti
314 2691 417 2718 essent,
433 2686 548 2720 ejusque
562 2686 746 2720 simplicitate,
760 2686 834 2720 παρὰ
848 2686 963 2720 Πατρὸς,

182 2723 201 2746 .t
220 2721 298 2748 Patre
314 2729 323 2747 :
340 2722 411 2756 quod
435 2721 531 2748 Filium
556 2728 611 2747 non
637 2721 780 2748 excludere
802 2720 854 2754 ipsi
873 2721 965 2756 divino

184 2757 277 2782 eodem
296 2755 396 2790 Spiritu
424 2761 488 2783 sunt
513 2756 698 2790 interpretati,
716 2763 770 2790 quo
784 2756 893 2789 quidam
920 2755 965 2781 alii

182 2791 384 2824 τιέκονομοῦντες
398 2795 515 2818 tacuere.
529 2791 645 2824 Hmcque
656 2798 718 2816 vera
731 2790 884 2820 concordia,
898 2797 965 2816 ncu-

183 2823 234 2848 tris
250 2823 388 2858 iniuriosa,
414 2833 560 2859 nunquam
579 2823 726 2858 Pi’thonico
741 2825 837 2859 spiritu
853 2824 964 2852 I’hotius

1019 2023 1177 2062 fabricatur,
1191 2025 1248 2060 ipse
1259 2025 1303 2053 illa
1316 2033 1379 2062 vere
1390 2025 1526 2062 Chamita,
1541 2034 1597 2062 non
1607 2034 1676 2062 quos
1690 2027 1751 2062 ejus
1762 2029 1806 2056 rei

1020 2059 1155 2087 virulento
1179 2067 1226 2087 ore
1251 2068 1282 2087 ac
1297 2060 1401 2088 calamo
1425 2061 1573 2089 insimulat.
1592 2059 1648 2089 Nec
1663 2059 1743 2090 aliter
1760 2064 1808 2091 vel

1018 2093 1131 2132 Joannis
1153 2102 1230 2132 papae
1254 2095 1333 2132 legati
1345 2095 1413 2132 ,Vvel
1427 2096 1471 2123 alii
1488 2096 1594 2132 Latini,
1614 2105 1676 2132 erga
1692 2098 1809 2126 Graecos

1019 2128 1311 2169 ipsumquelfhotiuin
1340 2131 1486 2169 videan_t_u_r
1509 2128 1746 2169 habuisseiquam
1776 2140 1810 2162 ut

1021 2164 1101 2190 taceri
1128 2164 1299 2201 indulgerent
1322 2173 1415 2192 vocem
1426 2166 1553 2201 Filioque.
1568 2167 1632 2194 dum
1647 2164 1746 2196 sensus
1762 2173 1809 2196 te-

1018 2203 1138 2231 neretur,
1167 2207 1218 2226 nec
1230 2199 1300 2232 ,inde
1315 2201 1427 2231 erroris,
1449 2199 1505 2228 seu
1522 2202 1602 2228 etiam
1619 2203 1730 2231 haeresis
1754 2212 1808 2232 eos

1017 2237 1156 2273 notarent,
1179 2235 1524 2273 qui_eam_admitte_rent.
1553 2236 1611 2269 Qua
1633 2238 1810 2273 indulgentia

1018 2275 1068 2308 nec
1093 2269 1173 2308 modo
1192 2269 1291 2308 (etiam
1314 2269 1669 2308 Roma),Gratcgsﬂcogunt
1692 2269 1808 2307 Latini,

1019 2307 1048 2341 ut_
1063 2304 1089 2329 in
1104 2304 1157 2341 title
1167 2304 1327 2341 explicatius
1342 2305 1458 2339 Spiritus
1472 2313 1504 2333 ex
1515 2306 1583 2333 Filio
1599 2304 1810 2341 processioneni

1017 2338 1108 2365 edant.
1125 2338 1228 2378 Metius
1236 2340 1313 2367 valde
1321 2338 1501 2378 hallucinatus
1513 2346 1563 2373 est,
1573 2338 1636 2369 dum
1647 2343 1682 2369 ita
1701 2344 1810 2378 reddit,

1017 2373 1179 2410 (λιλαίεονίρἱ
1212 2375 1243 2400 de
1264 2376 1397 2410 castitate,
1425 2376 1457 2402 de
1484 2377 1603 2403 radenda
1626 2377 1718 2410 barba,
1748 2373 1812 2407 etc;

1018 2407 1118 2446 Scribit
1142 2408 1241 2436 Paulus
1255 2409 1288 2436 de
1304 2410 1443 2446 castitate,
1468 2412 1515 2438 sed
1535 2412 1594 2446 ejus
1609 2407 1734 2440 doctrina
1748 2423 1814 2442 non

1018 2443 1189 2481 parvulorum
1202 2449 1252 2481 est,
1270 2445 1529 2481 sediperfectorum;
1549 2443 1575 2473 in
1591 2455 1643 2481 qua
1661 2455 1715 2474 non
1731 2450 1815 2476 οἰκο-

1017 2478 1098 2518 νομία
1113 2483 1165 2518 est,
1180 2478 1233 2518 sed
1246 2478 1374 2518 ἀκρίϐεια
1389 2488 1396 2506 :
1410 2480 1444 2507 de
1456 2481 1539 2508 barba
1552 2478 1616 2516 quid
1635 2487 1661 2509 et
1675 2483 1721 2510 ubi
1737 2485 1816 2512 scri—

1016 2513 1102 2546 pserit
1123 2513 1232 2546 Paulus,
1250 2513 1348 2541 vellem
1368 2520 1525 2543 annotasset
1539 2525 1545 2542 :
1560 2513 1613 2543 etsi
1629 2518 1696 2544 nihil
1712 2518 1760 2546 hic
1772 2519 1817 2547 de

1016 2548 1090 2587 Pauli
1106 2549 1263 2588 scriptione,
1280 2550 1328 2588 sed
1343 2550 1377 2577 de
1392 2550 1433 2577 his
1444 2559 1504 2588 qua:
1520 2559 1569 2588 pro
1582 2552 1633 2578 loci
1648 2559 1680 2579 ac
1692 2558 1815 2588 tempo-

1017 2584 1054 2609 ris
1069 2584 1231 2623 necessitate
1243 2588 1289 2610 aut
1303 2585 1506 2623 circumstantia
1521 2584 1593 2621 legit,
1608 2595 1667 2621 qute
1681 2584 1818 2617 alias-1'0-

1017 2623 1078 2657 reut
1093 2618 1199 2657 illi_c_it_a_,
1214 2623 1314 2657 etquae
1329 2620 1360 2657 in»
1370 2621 1525 2657 exeinplum
1542 2618 1649 2649 trahe-re
1665 2630 1720 2649 non
1737 2632 1819 2651 con—

1017 2653 1100 2691 venit.
1128 2653 1215 2691 Malim
1243 2654 1389 2691 ἁγιασμόν,
1417 2653 1648 2690 puriﬁcationem,
1666 2665 1720 2691 qua
1739 2667 1820 2687 voce

1016 2687 1102 2724 Lucas
1115 2689 1203 2724 semel
1222 2693 1250 2715 ct
1264 2687 1361 2716 iterum
1382 2687 1484 2723 utitur,
1495 2692 1555 2719 Act.
1573 2700 1629 2724 xxt,
1643 2687 1691 2719 ἓξ.
1714 2693 1823 2724 Ἀγνί-

1017 2722 1095 2761 σθῃτι
1111 2723 1159 2748 σὺν
1176 2723 1277 2761 αὐτοῖς,
1295 2723 1337 2750 ἵνα
1359 2722 1522 2759 ξυρίσωνται
1535 2727 1583 2761 τὴν
1599 2722 1734 2761 κεφαλήν,
1754 2722 1824 2756 Ρη-

1016 2757 1120 2796 riﬁcare
1148 2766 1207 2796 curn
1224 2758 1287 2796 illis
1302 2767 1310 2785 :
1325 2764 1351 2785 ut
1376 2757 1453 2791 caput
1480 2757 1585 2794 radan'l,
1613 2757 1825 2792 Nazarluorum

1017 2793 1087 2823 ritu;
1103 2801 1157 2819 non
1172 2794 1210 2820 sic
1224 2793 1344 2820 barbam.
