1928 3097
145 117 197 150 813

733 107 1000 141 EPISTOLARUM
1018 107 1132 138 LIBER
1152 108 1177 137 Ι.

1707 104 1761 136 814

143 174 271 203 τοιούτων
297 173 386 208 λόγων
414 171 461 199 καὶ
476 170 614 207 πράξεων,
638 170 688 205 τὴν
712 169 856 196 ἀσθένειαν
873 167 928 193 τῶν

983 171 1104 202 exempla
1128 174 1160 193 ex
1183 164 1316 201 ejusmodi
1346 164 1518 192 sermonibus
1542 168 1623 198 atque
1655 163 1761 191 actibus

143 220 295 256 ἀκροατῶν,
307 219 354 246 καὶ
365 219 414 253 τὴν
423 217 579 252 οἰκονομίαν
591 216 639 242 τοῦ
652 216 742 249 λόγου·
752 215 802 249 τήν
814 223 843 240 τε
858 213 926 248 πρὸς

143 267 204 296 τοὺς
230 263 476 298 ἀντιτεταγμένους
501 261 590 296 μάχην
605 260 751 295 περιελὼν,
765 259 856 294 γυμνὰ
873 258 927 284 τῶν

144 311 304 346 εἰρημένων,
323 310 371 335 καὶ
387 308 424 339 ὡς
433 307 522 341 δόγμα
535 305 682 342 προῦάλλοι
694 306 739 332 καὶ
755 304 925 340 περιθάλποι,

145 357 242 387 αὐτοὺς
260 355 380 386 ἐκείνους
403 354 465 385 τοὺς
479 353 514 379 τὰ
540 352 652 378 τοιαῦτα
669 351 716 377 καὶ
741 351 867 381 εἰπόντας
880 349 928 375 καὶ

144 400 309 436 πράξαντας,
321 399 431 435 εὑρήσει
442 397 500 424 κατ’
512 397 593 423 αὑτοῦ
603 396 651 432 τὴν
662 396 823 428 δικάζουσαν
836 395 928 430 ἀφιέν-

144 456 192 478 τας
206 446 306 481 ψῆφον.

179 493 220 518 K'.
238 491 297 518 Ἔτι
312 490 351 522 δὲ,
368 491 392 516 εί
412 489 460 524 μὲν
476 488 695 523 ὑπομνησθέντες
709 487 772 522 περὶ
793 486 839 514 τοῦ
860 495 927 521 προ-

144 537 271 572 κειμένου
287 536 447 570 κεφαλαίου,
456 535 510 561 τῶν
519 536 578 570 είρη
584 535 670 570 μένων
679 533 807 567 Πατέρων
817 533 928 558 ἀντεῖπε

143 583 174 609 τὸ
188 582 342 617 σύνταγμα,
362 581 409 607 καὶ
425 581 492 616 πρὸς
507 580 631 606 ἑνστασίν
652 588 711 606 τινα
726 579 773 605 καὶ
789 577 927 604 ἀπείθειαν

144 627 364 662 ἀπεθρασύνετο·
378 627 509 653 διέτεινάν
521 635 550 653 τε
564 627 597 661 τῇ
611 625 678 660 αὐτῇ
697 625 859 660 παρατροπῇ
879 623 929 658 τῆς

143 671 233 706 δόξης,
263 671 310 698 καί
338 672 380 697 ἐπ’
400 671 468 706 αὐτῇ
486 671 531 697 τὸν
553 670 609 705 βίον
634 670 703 705 μετά
716 670 779 701 τοὺς
801 669 929 703 ἐλέγχους

145 715 342 750 κατέστρεψαν,
360 715 466 749 ἀνάγκη
485 715 597 747 τούτους
612 713 864 741 συναποῆάλλεσθαι
889 712 929 748 τῷ

146 762 310 796 φρονήματι.
324 761 355 786 El
365 761 392 787 δὲ
403 760 625 795 παρεφθέγξαντο
640 761 700 794 μὲν,
722 760 739 795 ἦ
756 759 800 787 διά
812 767 873 786 τινα
886 760 928 786 αι-

145 807 206 834 τίαν
221 807 268 834 νῦν
282 806 466 842 ἀγνοουμένην
477 807 542 840 ἡμῖν
556 807 605 841 τῆς
619 806 766 841 εὐθύτητος
780 805 929 841 ἐξετράπη-

979 213 1133 240 auditorum
1144 211 1338 243 imbecillitate,
1350 210 1535 245 doctrinaeque
1546 209 1760 244 dispensatione.

980 266 1030 285 nec
1046 266 1100 285 non
1113 257 1329 284 adversariorum
1358 264 1458 291 pugna,
1472 255 1515 282 bis
1529 255 1603 282 nuda
1618 263 1679 290 qute
1689 255 1760 282 dicta

979 308 1051 335 sunt,
1063 308 1128 330 etut
1140 303 1235 337 dogma
1249 305 1382 336 proponat
1397 301 1548 335 foveatque,
1564 300 1623 327 illos
1637 300 1682 335 qui
1698 300 1761 326 talia

980 349 1022 375 vel
1044 349 1125 376 loculi
1154 351 1216 375 Sttill.
1234 347 1274 374 vel
1296 351 1419 382 egerunt,
1444 347 1496 374 lata
1527 346 1554 373 in
1566 353 1627 373 eum
1648 350 1761 373 senten-

981 395 1027 427 tia,
1043 395 1129 429 ipsum
1145 394 1272 421 damnare
1286 392 1414 420 inveniet.

1015 484 1074 511 XX.
1088 484 1232 517 Prazterea,
1248 484 1269 511 si
1287 492 1348 511 cum
1365 484 1553 511 meminissent
1574 482 1703 519 propositi
1717 491 1762 511 ea-

980 531 1069 565 pituli.
1092 531 1226 558 dictorum
1244 531 1354 557 Patrum
1378 534 1466 558 enatus
1488 529 1704 560 contradixisset,
1736 533 1764 556 et

980 580 1009 603 ut
1039 576 1236 604 contentiosius
1279 576 1447 603 obsisterent
1469 582 1522 602 nec
1543 575 1764 610 obtemperarent

980 623 1085 650 animos
1105 622 1303 655 obﬁrmassent,
1317 626 1398 656 atque
1429 621 1457 648 in
1478 629 1509 648 ea
1525 628 1607 655 prava
1636 620 1763 655 opinione

981 672 1216 703 perseverassent,
1234 669 1348 702 ejusque
1372 666 1539 702 reprehensi,
1558 666 1700 693 sententia:
1722 670 1763 692 te-

981 722 1063 742 uaces
1089 715 1172 742 vitam
1194 722 1255 741 cum
1284 718 1371 741 morte
1392 717 1623 746 commutassent;
1651 719 1764 739 necesse

981 764 1054 788 esset
1079 764 1109 787 ut
1124 767 1185 787 cum
1201 767 1293 787 errore
1309 766 1446 793 sensuque
1465 766 1514 786 suo
1541 757 1762 792 exploderentur.

982 806 1030 833 Sin
1043 810 1134 833 autem
1147 806 1215 833 male
1226 805 1334 840 quidem
1342 805 1424 832 locuti
1440 809 1513 836 sunt,
1530 809 1576 831 aut
1584 803 1672 838 aliqua
1683 811 1763 830 causa

147 861 196 879 σαν
208 861 215 868 ’
228 852 341 887 οὐδεμία
356 853 384 878 δὲ
406 852 518 886 ζήτησις
531 852 621 884 αὐτοῖς
635 853 859 888 προσενήνεκται,
872 851 926 878 οὐδ’

983 859 1053 879 nunc
1066 851 1146 879 nobis
1165 851 1256 887 ignota
1268 859 1285 878 a
1304 855 1379 878 recto
1399 850 1506 877 tramite
1520 849 1679 882 deviarunt;
1691 849 1763 876 nulla

144 899 185 929 είς
195 897 312 932 μάθησιν
326 898 375 932 τῆς
387 897 517 932 ἀληθείας
531 898 618 929 οὐδεὶς
633 898 731 930 αὐτοὺς
747 897 928 932 παρεκάλεσε,

148 942 270 977 Πατέρας
285 943 334 977 μὲν
347 942 423 969 οὐδὲν
444 941 552 968 ἔλαττον
569 943 678 974 αὐτοὺς,
694 943 718 969 εί
733 943 780 969 καί
800 942 839 977 μὴ
851 942 930 969 τοῦτο

145 986 231 1022 εἷπον,
248 989 468 1024 ὲπιγραῲόμεθα,
486 989 530 1016 διὰ
560 998 590 1015 τε
605 989 636 1015 τὸ
648 989 695 1015 τοῦ
722 988 780 1023 βίου
793 989 928 1025 λαμπρὸν,

146 1036 192 1062 καὶ
222 1035 272 1070 τῆς
286 1036 388 1071 ἀρετῆς
416 1036 446 1063 τὸ
462 1036 614 1070 αἰδέσιμον,
629 1036 739 1071 καὶτῆς
754 1036 837 1072 ἄλλης
852 1036 930 1062 εὐσε-

146 1080 223 1112 6είας
243 1081 273 1107 τὸ
299 1082 508 1116 ἀκατάγνωστον
519 1090 526 1096 ”
543 1083 599 1112 τοῖς
613 1081 642 1107 δὲ
656 1081 747 1115 λόγοις
764 1081 877 1112 τούτων,
902 1082 931 1107 ὲν

147 1123 187 1158 οἷς
212 1127 434 1162 παρηνέχθησαν,
462 1127 511 1162 οὐχ
526 1127 657 1162 ἑψόμεθα.
685 1127 763 1153 Ὅσοι
777 1127 805 1153 δὲ
818 1127 930 1158 τούτων,

147 1171 287 1207 βιάζονται
300 1174 339 1205 είς
349 1173 487 1199 ἀντίθετον
500 1172 652 1208 μαρτυρίαν
667 1172 753 1200 ἐλθεῖν
768 1173 816 1207 τῆς
830 1173 930 1199 Δεσπο-

146 1217 224 1252 τικῆς
240 1219 342 1252 φωνῆς,
354 1214 426 1245 οὗτοι
441 1218 512 1250 λέξει
527 1218 575 1253 μὲν
590 1220 680 1254 γυμνῇ
693 1218 740 1245 τὸν
753 1218 860 1254 Πατέρα
872 1218 932 1245 τού-

145 1270 204 1294 ⁴ῑοις
217 1263 390 1298 χαρίζονται·
410 1263 483 1300 ἔργῳ
503 1264 533 1290 δὲ
549 1264 597 1291 καὶ
611 1264 686 1300 πάσῃ
706 1265 808 1300 σπουδῇ
827 1265 867 1296 είς
882 1264 932 1300 τὴν

145 1308 201 1334 τῶν
217 1309 388 1344 πατραλοιῶν
398 1310 445 1337 καὶ
458 1309 593 1345 πολεμίων
600 1310 693 1345 χώραν
707 1311 804 1342 αὐτοὺς
812 1310 933 1337 ἀπελαύ-

148 1362 250 1381 νουσιν.
271 1354 364 1389 Ἡμεῖς
375 1355 414 1386 δὲ,
430 1356 491 1382 ἐπεὶ
506 1356 552 1382 καὶ
570 1355 667 1388 ἄλλους
681 1356 757 1387 τινὰς
773 1356 827 1383 τῶν
842 1365 931 1391 μακα-

147 1398 214 1433 ρίων
225 1399 304 1434 ἡμῶν
315 1399 446 1435 Πατέρων
469 1401 516 1427 καὶ
528 1401 695 1428 διδασκάλων
704 1421 712 1433 ,
732 1402 761 1428 ὲν
786 1401 892 1434 πολλοῖς
902 1411 933 1429 τε

148 1444 238 1476 ἄλλοις
254 1446 304 1479 τῆς
318 1446 461 1481 ἀκριϐείας
473 1446 528 1473 τῶν
546 1446 634 1482 ὀρθῶν
656 1447 799 1482 δογμάτων
831 1457 933 1484 παρεν-

147 1488 274 1524 εχθέντας
301 1490 564 1525 καταλαμϐάνοντες,
588 1491 619 1518 τὸ
644 1492 694 1527 μὲν
711 1493 885 1528 παρενεχθὲν,
900 1494 930 1520 οὐ

149 1536 307 1571 προσθήκην
329 1536 472 1571 δεχόμεθα,
488 1537 551 1568 τοὺς
576 1537 676 1573 ἄνδρας
688 1538 716 1564 δὲ
733 1539 928 1574 ἀσπαζόμεθα·

145 1580 219 1608 οὕτω
231 1581 278 1609 καὶ
289 1582 364 1614 τοὺς,
376 1582 402 1608 εί
411 1591 482 1614 τινες
494 1582 685 1619 ὑπηνέχθησαν
700 1584 787 1611 είπεῖν
803 1585 833 1611 τὸ
846 1585 930 1611 Πνεῦ-

149 1636 188 1662 μα
201 1629 232 1654 ἐκ
247 1627 294 1654 τοῦ
306 1627 371 1654 Υίοῦ
389 1628 586 1663 ἐκπορεύεσθαι
596 1638 602 1644 ·
619 1629 649 1655 τὸ
665 1629 716 1664 μὲν
729 1630 803 1665 παρά
819 1631 868 1666 τὴν
881 1631 930 1657 Δε-

147 1674 279 1709 σποτικὴν
294 1674 395 1710 φωνὴν,
412 1674 442 1700 οὑ
453 1675 603 1710 δεχόμεθα·
627 1675 748 1707 ἐκείνους
768 1676 797 1702 δὲ
811 1677 861 1712 τῆς
876 1677 930 1703 τῶν

149 1718 278 1753 Πατέρων
291 1719 390 1754 ἀγέλης
407 1721 456 1746 οὐκ
469 1721 664 1756 ἀποκρίνομεν.

184 1765 250 1790 ΚΔ’.
263 1765 319 1791 Καὶ
334 1765 389 1800 γὰρ
402 1766 447 1791 καί
461 1766 597 1792 Διονύσιον
611 1766 657 1792 τὸν
664 1766 865 1802 Ἀλεξανδρείας
875 1767 930 1803 (15)

148 1807 187 1843 τῷ
203 1808 276 1843 χορῷ
290 1809 343 1836 τῶν
356 1809 441 1843 ἁγίων
456 1811 586 1845 Πατὲρων
599 1812 799 1845 συντάττοντες,
816 1813 865 1843 τὰς
885 1813 931 1840 ὑπ’

148 1854 232 1881 αὑτοῦ
244 1854 385 1890 λεχθείσας
395 1856 463 1890 πρὸς
477 1856 523 1882 τὸν
539 1856 623 1882 Λίϐυν
645 1856 783 1883 Σαὸέλλιοι
801 1857 933 1893 ’Δρειανι-

150 1900 200 1932 κάς
214 1902 305 1935 φωνὰς
331 1901 463 1936 οὐμενοῦν
475 1903 506 1928 οὺ
523 1903 771 1938 συναποδεχόμεθα,
790 1904 858 1930 ἀλλὰ
885 1905 933 1931 καὶ

149 1946 287 1977 παντελῶς
300 1946 500 1981 ἐκτρεπόμεθα.
527 1948 580 1974 Καὶ
598 1947 644 1973 τὸν
660 1949 689 1974 ἐν
704 1948 822 1982 μάρτυσι
847 1949 933 1983 μέγαν

138 1991 295 2025 ηΜεθόδιον,
312 1992 341 2024 ὃς
355 1993 418 2024 τοὺς
431 1993 640 2029 ἀρχιερατικοὺς
657 1993 703 2020 τοῦ
721 1994 855 2029 Πατάρων
870 1994 933 2030 θρό-

149 2047 195 2065 νου
225 2039 450 2075 ὲπιδαλιούχησεν
476 2040 572 2072 οίακας
583 2048 590 2056 ·
606 2040 646 2067 ἔτι
659 2040 708 2076 μὲν
728 2041 774 2068 καὶ
788 2042 935 2076 Είρηναῖον

981 903 1071 926 tamen
1093 898 1147 925 illis
1172 898 1286 933 quaestio
1305 897 1394 924 oblata
1408 901 1460 929 est,
1484 904 1537 925 nec
1564 895 1705 931 quisquam
1729 895 1762 922 ad

980 943 1193 972 condiscendam
1213 943 1356 970 veritatem
1380 942 1441 970 illos
1467 941 1635 977 provocavit,
1651 940 1764 976 perindo

981 991 1042 1019 illos
1053 991 1080 1018 in
1094 990 1204 1018 Patrum
1219 990 1281 1018 albo
1297 990 1475 1021 admittimus,
1489 997 1520 1016 ac
1534 989 1557 1016 si
1572 989 1642 1016 istud
1653 988 1764 1015 minime

981 1037 1124 1069 dixissent,
1140 1041 1250 1072 propter
1272 1036 1333 1064 vita:
1356 1036 1506 1063 claritatem
1534 1042 1566 1062 ac
1590 1034 1763 1070 spectabilem

980 1083 1119 1115 virtutem,
1139 1090 1188 1110 nec
1210 1091 1265 1110 non
1285 1083 1416 1117 reliquam
1439 1081 1604 1116 inculpatam
1630 1081 1711 1112 ﬁdem
1733 1088 1765 1107 ac

981 1129 1109 1164 pietatem
1125 1137 1131 1155 :
1144 1129 1297 1156 doctrinam
1311 1135 1386 1162 vero,
1403 1128 1431 1155 in
1444 1135 1496 1162 qua
1506 1134 1521 1154 a
1532 1126 1654 1155 veritatis
1668 1126 1764 1154 semita

982 1174 1153 1207 aberrarunt,
1169 1182 1223 1201 non
1238 1174 1387 1208 sequimur.
1402 1172 1541 1207 Quotquot
1563 1179 1628 1199 vero
1653 1177 1763 1207 cogunt,

982 1224 1012 1247 ut
1031 1219 1170 1247 contraria
1185 1220 1347 1247 auctoritate
1373 1218 1522 1245 Dominicae
1541 1217 1601 1245 voci
1618 1217 1766 1245 adversen-

986 1270 1040 1298 tur,
1059 1265 1085 1292 hi
1103 1266 1174 1293 nuda
1186 1265 1294 1301 quidem
1311 1272 1378 1293 voce
1393 1264 1481 1292 Patris
1501 1263 1542 1291 eis
1560 1264 1668 1291 titulum
1689 1262 1765 1291 dele-

982 1316 1056 1344 runt,
1076 1311 1146 1339 facto
1170 1319 1236 1339 vero
1262 1311 1389 1346 omnique
1410 1318 1492 1346 opera
1518 1310 1545 1337 in
1566 1310 1764 1345 parricidarum

983 1358 1063 1388 atque
1078 1355 1197 1382 hostium
1217 1362 1263 1382 eos
1276 1355 1390 1382 classem
1404 1354 1563 1381 detrudunt.
1587 1354 1642 1382 Nos
1663 1359 1764 1386 autem,

983 1401 1030 1435 qui
1045 1400 1113 1427 alios
1128 1407 1236 1435 quoque
1256 1400 1403 1428 nonnullos
1428 1404 1585 1427 sanctorum
1609 1405 1765 1428 nostrorum

983 1446 1091 1474 Patrum
1108 1454 1139 1474 ac
1153 1446 1343 1481 magistrorum
1358 1454 1372 1472 a
1389 1450 1524 1473 rectorum
1535 1446 1689 1481 dogmatum
1713 1445 1767 1473 ﬁde

984 1493 1152 1520 exorbitasse
1167 1492 1361 1528 intelligamus,
1371 1492 1444 1526 quod
1452 1492 1561 1527 quidem
1570 1491 1766 1525 exorbitarunt,

981 1539 1009 1565 in
1022 1539 1144 1566 doctrina
1164 1543 1268 1573 partem
1295 1545 1350 1565 non
1374 1538 1550 1570 assumimus,
1573 1537 1648 1564 viros
1676 1541 1768 1564 tamen

980 1583 1169 1619 amplectimur
1183 1591 1189 1610 :
1208 1583 1245 1609 ita
1260 1583 1342 1610 etiam
1361 1583 1383 1609 si
1397 1583 1497 1617 quibus
1519 1582 1639 1617 obrepsit
1656 1586 1687 1609 ut
1707 1581 1768 1617 Spi-

981 1630 1063 1657 ritum
1086 1637 1102 1656 a
1129 1630 1199 1656 Filio
1226 1629 1374 1664 procedere
1396 1629 1535 1661 dicerent;
1554 1628 1627 1664 quod
1659 1629 1767 1663 quidem

980 1676 1128 1703 Dominicae
1150 1675 1208 1702 voci
1232 1676 1393 1702 adversetur
1414 1682 1470 1702 non
1498 1675 1678 1707 admittimus,
1707 1675 1769 1702 illos

981 1725 1072 1749 tamen
1088 1730 1103 1749 a
1117 1722 1226 1749 Patrum
1237 1726 1307 1749 coetu
1320 1729 1373 1748 non
1384 1721 1533 1756 rejicimus.

1014 1765 1088 1792 XXI.
1116 1765 1224 1792 Etenim
1254 1765 1410 1799 Dionysium
1431 1773 1539 1799 quoque
1554 1764 1768 1792 Alexandrinum

982 1815 1138 1838 sanctorum
1155 1811 1265 1838 Patrum
1281 1811 1365 1838 choro
1382 1815 1569 1842 accensentes,
1589 1810 1660 1837 haud
1675 1814 1767 1838 tamen

982 1856 1068 1884 dictas
1088 1856 1122 1883 ab
1141 1864 1174 1884 eo
1196 1855 1337 1883 Arianicas
1359 1864 1440 1883 voces
1466 1857 1597 1884 adversus
1621 1857 1768 1885 Sabellium

983 1906 1112 1941 Libycum
1124 1906 1236 1940 perinde
1248 1905 1405 1940 recipimus,
1422 1906 1488 1940 quin
1504 1906 1585 1933 etiam
1601 1915 1712 1941 prorsus
1726 1915 1770 1935 re-

984 1952 1138 1987 pudiamus.
1160 1952 1284 1986 Magnum
1308 1951 1402 1978 itidem
1418 1951 1585 1979 Methodium
1606 1957 1768 1989 martyrem,

984 1999 1030 2033 qui
1048 1997 1205 2024 Patarensis
1217 1997 1343 2024 Ecclesia
1357 1997 1461 2024 clavum
1477 1997 1577 2032 praesul
1587 1998 1748 2033 gubernavit
1762 2008 1768 2025 :

984 2049 1116 2081 praeterea
1131 2044 1211 2071 etiam
1229 2043 1359 2070 Irenaeum
1377 2043 1587 2078 Lugdunensem
1599 2047 1768 2080 episcopum,

907 2133 1024 2162 NOTIE.

187 2195 242 2230 (Ib)
262 2197 425 2238 Morrio-im:
434 2199 823 2238 rdr'AJsEardpsi'gg.bonge
837 2202 929 2237 dispar

983 2204 1053 2231 sedis
1072 2207 1100 2230 ct
1117 2202 1280 2238 Apostolicaa
1298 2202 1451 2236 summique
1466 2201 1562 2236 capitis
1581 2202 1692 2229 nomine
1720 2202 1769 2230 tibi

149 2231 222 2272 illius
245 2238 336 2272 causa,
358 2237 385 2272 et
406 2233 527 2272 Patrum,
547 2231 661 2272 quorum
680 2231 928 2272 l’liotiusyauctori—

149 2270 231 2304 tatem
242 2268 351 2300 exeipit.
364 2268 473 2295 Errasse
486 2269 512 2296 in
535 2270 668 2304 theologia
683 2271 827 2305 Dionysius
838 2273 930 2300 statim

149 2305 256 2341 agnitus
278 2305 333 2341 est,
354 2307 400 2329 aut
424 2308 499 2341 certe
521 2305 689 2341 occasionem
707 2306 814 2332 dedisse
833 2307 873 2334 sic
898 2308 932 2335 (le

151 2336 196 2361 illo
207 2336 344 2375 opinandi,
361 2346 440 2372 quam
454 2339 535 2375 etiam
553 2340 706 2373 opinionem
721 2341 823 2367 studuit
840 2342 932 2370 eluere

150 2375 177 2412 et
198 2372 354 2412 satisfacere
368 2381 374 2398 :
391 2381 442 2412 qua
455 2373 512 2412 ipsa
525 2372 665 2412 modestia,
685 2380 712 2401 ct
729 2376 933 2412 culturDionysii

149 2405 214 2444 item
239 2405 354 2444 Romani
372 2405 512 2439 antistitis,
528 2409 658 2436 Catholici
678 2417 775 2436 nomen
794 2411 844 2437 sibi
865 2405 931 2439 reti-

150 2441 262 2479 nuithet
286 2441 382 2479 Patris,
409 2444 514 2469 tametsi
535 2444 624 2470 acrius
645 2445 670 2470 in
698 2445 772 2471 illum
795 2446 930 2474 invehitur

149 2474 272 2514 liasilins,
295 2477 448 2514 vindicante
475 2479 633 2505 Athanasio.
656 2480 722 2512 Quis
744 2488 808 2507 vero
828 2483 929 2509 erroris

149 2510 325 2551 in‘thcologia
350 2513 460 2551 notavit,
486 2514 556 2547 quod
578 2514 603 2540 in
621 2510 794 2548 processione
812 2515 929 2550 Spiritus

149 2544 233 2585 Filius
247 2544 317 2571 Patri
333 2544 533 2585 adiungeretur,
545 2554 572 2576 et
588 2544 748 2584 ex'ntroque
761 2544 909 2585 procedere
920 2572 927 2582 ,

148 2582 247 2606 nedum
266 2585 325 2619 tres_
343 2583 436 2619 relati;
456 2591 548 2610 verum
568 2586 648 2611 etiam
665 2582 753 2619 plures
761 2582 829 2613 'alits
842 2586 927 2614 Gneci

148 2620 248 2648 pariter
265 2623 298 2655 ac
315 2615 402 2643 Latini
420 2618 630 2655 proﬁterentur?
649 2615 775 2654 O'portuit
801 2621 928 2649 Photium

146 2657 247 2690 novum
258 2651 338 2692 sidus.
347 2651 466 2688 surgere,
479 2655 510 2692 ad
523 2654 622 2692 ﬁndunt
635 2651 767 2692 errorem,
781 2656 926 2684 Dominicac

146 2689 204 2712 voci
221 2689 404 2718 contrarium,
424 2693 451 2715 et
467 2689 509 2715 cui
526 2690 687 2717 stabiliendo
708 2698 758 2718 nec
773 2692 846 2718 orbis
863 2700 928 2719 con—

145 2728 244 2747 sensus
268 2721 397 2761 snlliciat_.
424 2731 475 2749 una
498 2724 568 2761 illius
597 2725 656 2751 lucc
684 2725 864 2761 detegendum
897 2735 929 2754 ac

146 2756 361 2797 coarguendam:
375 2757 438 2797 “me
450 2763 492 2797 t_na
506 2760 569 2797 fata,
586 2761 706 2787 Graecia!
724 2756 758 2788 ut
770 2762 819 2787 hoc
840 2763 928 2797 capite

147 2795 245 2830 renuas
266 2792 361 2826 subjici
383 2793 438 2830 sedi
458 2794 538 2825 l‘etri,
559 2801 688 2830 putemne
710 2801 734 2822 te
756 2801 861 2823 nactam
876 2792 927 2824 ’νυ-

147 2828 264 2857 "tatem,
282 2836 296 2853 ιι
318 2835 369 2862 qua
388 2828 431 2855 illa
447 2831 586 2863 exciderit,
602 2828 686 2864 emine
705 2833 815 2859 nomine
836 2832 929 2865 prime

982 2238 1140 2267 blandiaris.
1159 2237 1337 2272 Reliquorum
1360 2244 1478 2272 errores,
1503 2238 1600 2271 partim
1622 2238 1655 2264 ab
1685 2238 1770 2264 havrc-

985 2274 1045 2301 ticis
1062 2272 1176 2308 aspersi,
1197 2271 1294 2308 partim
1312 2273 1361 2299 :evi
1379 2271 1552 2308 simplicitate
1571 2273 1637 2305 nati,
1658 2273 1771 2299 minoris

982 2309 1040 2336 fere
1067 2306 1217 2339 mbmentii,
1240 2315 1321 2341 quam
1346 2311 1376 2333 ut
1403 2306 1563 2340 theologiam
1595 2308 1769 2342 attingerent.

983 2345 1009 2371 in
1031 2351 1094 2378 qua,
1119 2347 1147 2370 et
1166 2343 1265 2370 Christi
1289 2342 1419 2378 mysterio
1444 2342 1607 2378 astruendis,
1631 2347 1771 2369 strenuam

983 2380 1001 2406 ii
1022 2376 1117 2405 Patres
1144 2378 1272 2411 (maxime
1290 2376 1424 2410 lrenmns)
1440 2377 1624 2403 adhibuerunt
1647 2385 1770 2411 operam,

982 2422 1034 2448 qua
1049 2414 1131 2441 etiam
1149 2413 1305 2447 sanctisque
1322 2420 1415 2438 contui
1433 2412 1556 2448 moribus
1571 2413 1602 2437 τὸ
1620 2412 1771 2446 θαυμάσιον

983 2447 1165 2483 ἔξήστραψαν,
1194 2448 1289 2474 miram
1314 2448 1462 2474 claritatem
1489 2447 1579 2483 (λάθριί
1597 2453 1673 2479 sunt,
1696 2452 1725 2474 et
1739 2452 1770 2474 ut

984 2481 1074 2511 salicti
1088 2481 1182 2510 Patres
1196 2487 1224 2508 et
1238 2483 1365 2510 Ecclesiae
1378 2481 1498 2517 magistri
1516 2483 1682 2510 haberentur
1695 2492 1701 2509 :
1715 2490 1769 2508 non

982 2520 1054 2553 quod
1072 2519 1140 2545 male
1148 2518 1236 2553 reddit
1245 2517 1351 2549 Metius.
1370 2516 1436 2543 Viue
1444 2518 1593 2553 innocentia
1601 2523 1624 2544 et
1637 2516 1771 2544 miraculis

983 2552 1145 2580 claruerunt.
1172 2552 1236 2579 Nam
1262 2561 1326 2587 rogo
1350 2553 1422 2579 unde
1449 2552 1562 2579 Pliotius
1587 2561 1618 2579 ea
1641 2553 1771 2579 miracula

984 2590 1088 2617 habuit.
1115 2588 1157 2614 vel
1176 2588 1276 2623 Papiae,
1294 2588 1337 2615 vel
1356 2588 1491 2623 aliorum?
1508 2587 1552 2615 Sic
1571 2588 1680 2622 quidem
1697 2595 1772 2614 nunc

982 2623 1154 2651 vindicandis
1173 2622 1275 2650 sanctis
1294 2631 1344 2650 usu
1370 2622 1494 2650 Romano
1511 2627 1670 2657 qmeruntur
1689 2622 1772 2649 mira-

982 2660 1052 2688 cula.
1071 2667 1104 2685 ne
1119 2657 1183 2693 quid
1197 2658 1308 2685 humani
1323 2659 1461 2693 subrepat.
1476 2663 1503 2685 et
1516 2659 1587 2692 quod
1605 2662 1658 2685 tam
1671 2657 1772 2684 mullos

981 2695 1121 2720 vindicare
1145 2701 1200 2720 non
1229 2694 1337 2720 intersit
1362 2693 1401 2720 rei
1423 2694 1602 2724 Christianae;
1628 2693 1675 2720 sed
1703 2700 1772 2727 quos

982 2730 1053 2756 Dens
1069 2729 1218 2762 majoribus
1233 2729 1318 2764 signis
1331 2736 1393 2756 eum
1410 2729 1471 2755 vita:
1486 2729 1600 2762 lideique
1615 2730 1772 2763 praestantia

981 2765 1116 2791 clariones
1135 2764 1245 2795 eiliciat,
1261 2763 1387 2797 velitque
1410 2765 1466 2790 suis
1481 2763 1605 2791 ﬁdelibus
1623 2771 1686 2790 eum
1703 2770 1772 2798 praem

982 2800 1050 2826 sidio
1064 2807 1123 2827 esse
1135 2819 1142 2831 ,
1159 2805 1215 2826 tum
1231 2799 1364 2834 exemplo.
