1928 3097
178 144 233 175 815

741 140 816 170 PHU
823 140 874 169 ΓΠ
894 138 1146 168 ΡΛΤΙΠΛΙΙΟΙΙΕ
1165 138 1220 168 CI’.

1756 138 1808 170 816

181 210 232 230 nec
248 209 303 229 non
322 201 432 236 Papiam
454 200 687 234 Hierapolitanum
702 207 709 225 :
722 207 755 226 ex
777 198 876 233 quibus
899 197 957 232 prio

1023 197 1070 223 τὸν
1085 195 1261 230 Λουγδοὺνων
1274 195 1432 228 ἐπίσκοπον,
1451 197 1497 223 καὶ
1515 196 1623 223 Παπίαν
1641 197 1684 223 τὸν
1699 198 1746 233 τῆς
1764 198 1810 224 ἰε-

180 247 290 282 quidem
306 246 425 282 martyrii
442 253 571 273 coronam
589 249 755 272 consecutus
775 249 827 276 est;
845 242 890 270 alii
906 250 969 269 vero

179 292 320 328 apostolici
338 291 388 318 viri
405 291 543 322 exstitere,
569 290 746 324 moribusque
770 298 802 317 ac
824 290 878 316 vita
901 289 970 316 miro

179 339 325 374 splendore
335 337 472 365 etIulsere.
489 336 598 371 Siquid
615 341 707 364 tatnen
721 335 845 363 veritatis
861 334 970 362 tramite

179 393 228 420 per
247 384 440 420 negligentiam
463 383 565 418 aliquid
583 383 768 414 otIenderunt,
787 386 834 409 aut
858 381 971 409 aberra-

179 435 252 462 runt,
268 436 303 458 ut'
322 431 455 458 adversus
475 437 649 457 communem
672 429 799 456 Ecclesia:
818 428 969 456 doctrinam

178 477 314 513 quidpiam
330 476 515 512 loquerentur,
525 476 552 503 itt
568 476 610 503 his
622 476 681 502 illos
694 475 806 502 minimc
818 474 967 509 sequimur,

177 531 228 551 nec
244 531 275 550 ea
294 529 384 550 tamen
399 523 503 550 ratione
531 523 615 550 ullum
639 530 732 549 eorunt
759 521 846 548 Patris
865 520 970 548 honore

176 574 257 605 atque
272 570 356 606 gloria
370 569 539 597 abdicamus.

213 615 296 643 XXII.
318 615 430 642 Deﬁciet
443 622 487 642 tne
501 614 560 642 dies
578 617 782 649 percensentem
796 613 879 644 viros,
901 619 969 646 quos

176 661 287 691 Patrum
310 661 420 696 quidem
452 661 558 688 honore
585 660 770 691 honestamus,
802 667 852 686 nec
879 664 969 686 tanten

175 708 239 741 illis,
256 707 284 735 itt
303 707 401 742 quibus
418 714 434 734 a
460 706 572 733 veritate
594 706 746 737 deviarunt,
767 704 966 732 auscultamus.

175 753 223 782 Sic
248 754 340 788 itaque
361 752 466 780 etiamsi
487 752 534 787 qui
559 756 657 786 praeter
683 750 850 778 Dominicam
874 755 969 776 vocem

173 804 287 827 cunctos
298 799 441 826 docentem
456 798 586 834 mysteria
599 797 698 825 dixisse
710 796 865 829 videantur,
880 795 966 830 Spiri-

179 852 235 873 tum
251 853 265 873 a
281 846 350 873 Filio
366 845 529 880 procedere;
546 845 696 871 novitatem
714 843 841 878 quidem,
857 848 887 869 ut
908 849 969 877 quae

177 891 345 918 Dominieam
375 894 533 924 corrumpat
555 897 650 917 vocem
673 889 787 923 ejusque
809 886 968 923 depravatio

176 937 299 969 exsistat,
328 943 508 968 aversamur;
536 935 607 962 illius
631 941 722 961 tamen
743 938 895 970 parentem,
921 932 967 968 qui

173 982 290 1010 maxime
314 982 401 1014 sileat,
429 989 480 1009 nec
500 989 577 1008 suam
603 988 722 1015 praesens
748 987 859 1007 causam
886 987 966 1014 agerc

173 1027 258 1062 possit
272 1031 318 1054 aut
332 1026 524 1057 contradicere,
534 1032 704 1060 nequaquam
715 1024 884 1051 damnamus.
897 1024 965 1051 Cum

172 1071 244 1099 enim
258 1072 304 1106 qui
326 1071 451 1098 humanis
470 1071 552 1098 rebus
577 1071 746 1098 substractus
770 1074 822 1101 est,
842 1077 897 1097 non
913 1070 963 1101 sit.

173 1127 223 1147 nec
236 1118 295 1154 ipse
313 1126 362 1154 per
371 1125 410 1151 se,
426 1125 477 1145 nec
490 1126 538 1153 per
548 1118 616 1145 alios
631 1118 678 1153 qui
692 1118 752 1152 ejus
768 1118 859 1145 tuendi
872 1123 962 1152 partes

171 1171 324 1199 munusque
339 1163 520 1199 susceperint,
537 1163 629 1190 nullus
642 1163 752 1199 quidem
767 1170 841 1191 sana:
861 1164 962 1192 mentis

173 1215 296 1238 actorem
313 1210 340 1238 in
354 1218 417 1238 eum
432 1218 511 1246 agere
522 1210 599 1237 velit.
611 1209 691 1237 Nullo
704 1217 770 1237 vero
780 1214 901 1243 auctore,
913 1218 963 1238 nec

172 1257 307 1285 sententia
322 1257 374 1284 erit
389 1256 509 1284 damnati
525 1256 657 1284 criminis.
676 1256 755 1284 Nulla
772 1261 863 1284 autem
883 1257 961 1284 dam-

172 1303 291 1330 nationis
311 1303 460 1335 sententia,
486 1302 532 1337 qui
553 1310 616 1330 cum
641 1303 780 1330 incessere
802 1303 900 1330 audeat
916 1303 960 1338 qui

174 1350 222 1376 hos
236 1357 332 1376 omnes
347 1357 426 1376 casus
446 1348 611 1380 excesserit.
635 1357 689 1376 non
710 1349 795 1384 magis
822 1349 849 1376 in
872 1349 960 1381 illum,

174 1402 255 1429 quant
273 1394 300 1420 in
318 1398 399 1428 caput
414 1394 470 1429 ipse
484 1401 562 1420 suunt
578 1394 769 1421 contumeliam
786 1395 877 1422 vertit.

207 1440 302 1467 XXEI.
325 1440 435 1473 Verum,
449 1441 536 1472 aiunt,
552 1440 680 1468 dixerunt
693 1440 786 1468 Patres
799 1440 930 1476 Spiritum
946 1448 960 1467 a

173 1485 241 1513 Filio
253 1485 418 1522 procedere?
435 1485 469 1513 At
487 1486 567 1521 pauci
581 1493 697 1513 numero
711 1493 718 1513 :
731 1486 822 1520 plures
836 1493 902 1514 vero
917 1486 960 1514 di-

172 1539 233 1559 cere
266 1539 320 1559 nou
345 1531 557 1559 sustinuerunt:
581 1531 708 1559 dixerunt
733 1531 830 1560 Patres
845 1539 959 1567 quorum

172 1578 250 1606 facile
266 1585 410 1606 numerum
436 1577 512 1606 ineas
527 1590 532 1606 :
547 1578 649 1605 etenim
667 1582 824 1606 sanctarum
845 1578 960 1614 synodo-

171 1632 232 1652 rum
246 1625 355 1652 decreta
365 1632 412 1652 eos
427 1629 603 1660 respuerunt,
617 1624 664 1659 qui
678 1628 778 1659 praeter
790 1623 959 1652 Dominicam

171 1677 266 1697 vocent
277 1669 360 1697 locuti
371 1674 473 1697 essent.
492 1669 624 1696 Dixerunt
637 1669 744 1702 Patres;
763 1671 810 1697 sed
819 1669 884 1705 quid
893 1676 962 1704 opus

173 1716 206 1743 de
220 1716 327 1744 illorum
340 1723 464 1747 numero.
482 1715 527 1751 qui
540 1716 678 1747 dixerunt,
695 1715 796 1743 anxius
808 1723 964 1743 sermonem

172 1761 302 1789 trahere?
319 1761 373 1789 Nec
393 1762 415 1788 si
437 1766 562 1789 creatura
591 1762 718 1788 universa
738 1769 819 1788 unam
843 1762 963 1789 misisset

170 1817 274 1843 vocem,
295 1817 376 1837 nemo
398 1815 488 1837 tatnen
503 1809 657 1837 Conditoris
675 1817 706 1837 ac
729 1808 840 1844 Opiﬂcis
867 1808 963 1836 relicta

1022 241 1178 276 ραπόλεως·
1206 241 1252 268 τὸν
1283 241 1343 276 μὲν,
1371 241 1419 268 τοῦ
1445 241 1596 279 μαρτυρίου
1620 242 1666 269 τὸν
1681 242 1810 278 στέφανον

1021 287 1241 323 ἀναδησάμενον·
1260 289 1322 320 τοὺς
1335 288 1373 320 δὲ,
1388 288 1488 324 ἄνδρας
1506 288 1586 320 ὄντας
1606 289 1809 322 ἅποστολικοὺς,

1022 334 1068 360 καὶ
1090 335 1146 365 τοῖς
1172 333 1219 360 τοῦ
1240 333 1297 370 βίου
1323 335 1434 370 τρόποις
1461 335 1491 361 τὸ
1507 334 1659 370 θαυμάσιον
1682 336 1809 371 ἐξαστρὰ-

1022 389 1147 412 πτοντας.
1169 380 1239 406 Ἀλλ’
1252 379 1309 412 οὖν,
1331 381 1357 407 εἴ
1371 380 1396 407 τί
1411 390 1443 415 γε
1458 381 1507 416 τῆς
1521 381 1650 416 ἀληθείας
1668 382 1809 417 ὠλιγώρη-

1022 435 1081 458 σαν,
1096 427 1142 454 καὶ
1158 427 1372 462 παρηνέχθησαν
1388 427 1556 462 φθέγξασθαι
1581 428 1747 460 ἀπεναντίας
1764 429 1810 455 τοῦ

1022 471 1112 498 κοινοῦ
1129 473 1175 498 καὶ
1189 471 1420 507 ἐκκλησιαστικοῦ
1431 472 1578 508 δόγματος,
1594 475 1622 499 ἐν
1635 473 1739 505 τούτοις
1762 475 1812 509 μὲν

1021 517 1068 552 οὐχ
1082 517 1220 552 ἑπόμεθα’
1241 518 1290 553 τῆς
1303 519 1442 554 πατρικῆς
1463 519 1492 545 δὲ
1507 519 1590 555 τιμῆς
1603 521 1649 546 καὶ
1661 520 1741 555 δόξης
1767 521 1813 547 οὐ·

1023 562 1120 597 μενοῦν
1133 563 1209 589 οὐδὲν
1222 563 1313 590 αὐτῶν
1326 565 1539 600 περικόπτομεν.

1057 608 1121 636 KB’.
1145 609 1294 643 Ἐπιλείψει
1311 618 1345 644 με
1366 611 1488 645 ήήμέρα
1501 611 1563 639 τοὺς
1577 610 1676 646 ἄνδρας
1693 611 1810 646 ἀπαριῦ-

1022 654 1167 689 μούμενον,
1188 655 1234 686 οὓς
1251 657 1283 690 τῇ
1299 655 1351 690 μὲν
1367 655 1422 682 τῶν
1440 655 1570 691 Πατέρων
1593 657 1659 691 τιμῇ
1684 655 1811 690 σεμνύνο-

1022 709 1087 735 μεν·
1108 701 1137 727 ὲν
1151 699 1191 732 οἷς
1202 702 1230 728 δὲ
1245 702 1295 737 τῆς
1310 702 1439 736 ἀληθείας
1461 702 1686 736 παρηνέχθησαν,
1715 702 1746 728 οὑ
1764 711 1810 737 μι-

1022 746 1148 781 μούμεθα
1161 756 1167 763 ’
1179 747 1250 774 οὕτω
1265 747 1329 782 γοῦν
1344 748 1391 774 καὶ
1403 747 1430 774 εἴ
1440 757 1511 779 τινες
1533 749 1643 782 φανεῖεν
1671 749 1744 783 παρὰ
1760 748 1810 783 τὴν

1020 792 1188 828 Δεσποτικὴν
1199 793 1290 829 φωνὴν
1301 794 1350 829 τὴν
1366 794 1470 825 πάντας
1481 794 1554 828 ἡμᾶς
1567 794 1809 828 μυσταγωγοῦσαν,

1020 840 1049 864 τ).
1066 839 1177 874 Πνεῦμα
1197 840 1319 871 εἰπόντες
1331 840 1363 866 ἐκ
1377 839 1423 866 τοῦ
1438 839 1502 866 Υίοῦ
1517 839 1713 875 ἐκπορεύεσθαι
1727 848 1733 854 ·
1762 840 1809 875 τὴν

985 875 1005 902 Β
1022 884 1070 918 μὲν
1085 884 1272 918 καινοτομίαν,
1286 884 1324 916 ὡς
1337 884 1388 919 τὴν
1406 884 1574 919 Δεσποτικὴν
1594 885 1685 918 φωνὴν
1712 884 1809 918 κιϐδη-

1019 929 1150 955 λεύουσαν
1163 931 1209 957 καὶ
1223 939 1258 956 πα
1264 930 1500 965 ραχαράσσουσαν,
1511 931 1753 966 ἀποστρεφόμεθα·
1763 931 1808 957 τὸν

1018 975 1122 1010 πατέρα
1136 976 1165 1002 δὲ
1177 976 1274 1011 αὐτῆς,
1288 977 1407 1010 σιγῶντα
1422 977 1541 1012 μάλιστα
1557 978 1605 1004 καὶ
1623 977 1660 1012 μὴ
1675 977 1806 1012 παρόντα,

1018 1022 1079 1056 μηδ’
1095 1022 1283 1057 ἀντιλέγοντα,
1302 1023 1434 1058 οὐμενοῦν
1455 1024 1485 1050 οὑ
1510 1024 1737 1058 καταδικάζομεν.
1753 1024 1806 1050 Τοῦ

1016 1068 1069 1102 γὰρ
1084 1069 1229 1102 φεύγοντος
1245 1069 1299 1103 (16)
1311 1070 1361 1096 οὑκ
1372 1069 1458 1102 ὖντος,
1475 1069 1537 1096 οὔτε
1563 1069 1597 1096 δι’
1617 1069 1726 1101 ἑαυτοῦ,
1744 1069 1806 1095 οὔτε

1015 1114 1048 1139 δι’
1058 1110 1094 1140 ὧν
1108 1115 1177 1150 ὑπὲρ
1194 1114 1277 1141 αὐτοῦ
1305 1115 1394 1151 λέγειν
1417 1114 1632 1150 προχειρίζεται,
1658 1115 1746 1147 οὐδεὶς
1772 1115 1805 1142 ειν

1014 1161 1056 1195 εἴη
1067 1159 1129 1187 νοῦν
1141 1160 1209 1195 ἔχων
1228 1161 1391 1196 κατήγορος.
1412 1161 1589 1197 Κατηγορῖας
1605 1161 1633 1188 δὲ
1647 1162 1696 1188 οὐκ
1710 1161 1804 1196 οὔσης,

1014 1207 1075 1234 οὐδὲ
1097 1207 1187 1242 ψῆφος
1210 1207 1375 1243 προέρχεται
1390 1207 1436 1234 τοῦ
1462 1208 1652 1243 ἐγκλήματοςη
1669 1209 1758 1243 ψήφου
1775 1208 1804 1234 δὲ

1014 1252 1250 1288 καταδικαζούσης
1265 1252 1302 1288 μὴ
1313 1252 1450 1289 δοθείσης,
1471 1254 1486 1280 ὁ
1501 1253 1609 1288 τολμῶν
1623 1253 1744 1288 ὑϐρίζειν
1758 1253 1803 1279 τὸν

1013 1299 1065 1332 ἔξω
1076 1299 1180 1325 τούτων
1196 1298 1356 1326 καθεστῶτα
1366 1300 1476 1327 πάντων
1490 1300 1545 1326 τῶν
1558 1300 1757 1335 περιστάσεων,
1772 1301 1803 1326 οὐ

1014 1344 1073 1370 κατ’
1089 1345 1195 1371 ἐκείνου
1212 1344 1322 1379 μᾶλλον,
1346 1345 1362 1380 ἢ
1379 1345 1440 1372 καθ’
1464 1345 1560 1372 ἑαυτοῦ
1573 1345 1734 1381 περιτρέπει
1757 1346 1804 1372 τὶν

1012 1390 1055 1416 δνε
1060 1390 1123 1417 ιδον.

1048 1435 1111 1463 Kl".
1136 1437 1205 1463 Ἀλλ’
1231 1435 1320 1467 είπον,
1349 1438 1428 1471 φασὶ,
1446 1437 1569 1472 Πατέρες
1595 1437 1626 1464 τὺ
1642 1437 1754 1472 Πνεῦμα
1770 1438 1803 1464 ἐκ

1012 1483 1060 1509 τοῦ
1081 1483 1145 1510 Υἱοῦ
1168 1483 1384 1520 ἐκπορεύεσθαις
1399 1483 1481 1511 Ἀλλὰ.
1497 1483 1607 1520 βραχεῖς
1618 1483 1656 1520 τῷ
1676 1484 1799 1519 ἀριθμῷ·

1012 1529 1070 1555 ἀλλ’
1087 1529 1111 1556 οἱ
1130 1529 1240 1561 πλείους
1256 1530 1343 1556 εἰπεῖν
1360 1529 1410 1557 οὐκ
1425 1530 1578 1565 ἠνέσχοντο.
1604 1529 1686 1557 Εἶπον
1709 1531 1804 1565 εὐαρί-

1012 1576 1109 1611 θμητοι
1121 1575 1252 1611 Πατέρες,
1262 1575 1330 1603 ἀλλὰ
1339 1576 1453 1603 συνόδων
1464 1577 1549 1610 ἁγίων
1556 1576 1729 1612 ψηφίσματα,
1738 1577 1803 1610 τοὺς

1011 1621 1084 1657 παρὰ
1099 1621 1148 1657 τὴν
1162 1622 1333 1658 Δεσποτικὴν
1347 1621 1441 1657 φωνὴν
1453 1622 1582 1654 εἰπόντας
1591 1643 1599 1656 ,
1620 1623 1803 1656 ἁποπέμπον-

1010 1676 1066 1695 ται.
1082 1665 1166 1694 Εἶπον
1181 1667 1314 1702 Πατέρες,
1330 1668 1398 1698 ἀλλὰ
1411 1668 1438 1695 τί
1453 1677 1486 1704 με
1503 1668 1544 1695 δεῖ
1555 1669 1726 1704 μικρολογείν
1735 1670 1802 1703 περὶ

1011 1715 1055 1741 τὸν
1070 1714 1187 1750 ἀριθμὸν
1201 1715 1255 1742 τῶν
1266 1715 1416 1748 είπόντων;
1433 1715 1494 1742 Οὐδ’
1507 1715 1540 1742 ἂν
1561 1716 1578 1751 ἡ
1595 1715 1684 1748 κτίσις
1709 1716 1802 1751 ὰςρῆκε

1012 1761 1086 1787 πᾶσα
1102 1761 1168 1795 μίαν
1183 1761 1285 1797 φωνὴν,
1307 1761 1439 1796 οὐμενοῦν
1453 1761 1541 1793 οὐδεὶς
1554 1761 1602 1788 τοῦ
1618 1762 1736 1788 κτίστου
1753 1764 1802 1789 aut

1012 1807 1184 1842 Δημιουργοῠ
1213 1807 1372 1834 καταλιπὼν
1400 1807 1451 1843 τὴν
1468 1808 1674 1842 μυσταγωγίαν,
1703 1808 1752 1835 καὶ
1767 1811 1802 1834 τὰ

925 1887 1041 1915 NOTAE.

205 1964 260 2000 (t6)
281 1964 335 1992 Τοῦ
350 1965 405 1999 γὰρ
422 1965 597 1999 φεύγοντος.
617 1965 710 1992 Reddo
728 1973 759 1992 ac
772 1965 794 1991 si
811 1969 885 1992 esset
901 1973 953 1999 φυ-

169 1999 272 2034 γόντος
299 2004 329 2026 ut
344 1999 379 2026 ita
400 2004 488 2029 vocet.
507 2000 552 2034 qui
572 2000 698 2027 humanis
715 2000 796 2027 rebus
811 2005 954 2034 exemptus

169 2040 221 2063 est.
245 2034 351 2062 Melius.
374 2034 486 2066 Quando
510 2035 579 2061 enim
601 2043 661 2061 reus
683 2043 734 2061 non
752 2040 799 2066 est,
820 2035 865 2069 qtti
884 2036 954 2062 forte

169 2070 249 2097 aliant
274 2077 368 2096 vocem
397 2069 500 2096 habuit.
513 2069 595 2096 Ludit
618 2078 682 2097 vero
704 2070 761 2097 istis
784 2069 897 2097 l’hotius
923 2077 955 2098 ac

170 2105 267 2137 illudit,
284 2104 360 2139 quasi
374 2104 410 2131 illi
426 2104 552 2131 deessent
568 2105 689 2139 exempla
708 2112 812 2135 eorum.
829 2105 874 2139 qui
886 2105 954 2132 vivis

171 2140 300 2174 exempti.
328 2139 463 2166 hazreseos
483 2139 602 2165 damnati
631 2144 704 2170 sunt,
733 2140 778 2166 ubi
801 2140 953 2174 praesertim

170 2176 279 2202 illorttnt
294 2174 406 2201 haeresis
418 2181 527 2208 serpere
541 2175 693 2206 videbatur,
712 2175 874 2209 illorumqtte
888 2183 953 2202 atte-

171 2210 279 2238 teritate
295 2209 390 2245 fulciti.
410 2209 455 2236 Sic
471 2210 497 2235 in
523 2218 538 2235 ν
558 2210 653 2245 synod.
669 2210 788 2237 datttnali
810 2210 950 2245 Origenes,

169 2245 328 2272 Theodorus
358 2243 491 2278 Mopsuct.
515 2243 681 2279 etcftotque
704 2245 747 2272 alii
771 2243 898 2279 deinceps
925 2246 952 2272 in

168 2288 205 2307 vt.
219 2279 341 2315 printarii
358 2280 460 2306 ordinis
477 2279 525 2307 viri
549 2281 692 2315 magnique
704 2280 849 2307 antistites.
865 2283 953 2315 Atque

168 2315 237 2342 adeo
261 2314 284 2341 si
306 2322 369 2341 vere
385 2318 465 2348 caput
485 2315 534 2348 τῆς
552 2315 690 2348 θεολογίας
705 2320 772 2347 erat,
789 2316 882 2349 sicque
902 2316 952 2342 itit—

169 2350 252 2385 probe
268 2350 398 2377 adversus
415 2350 499 2384 ipsam
519 2350 686 2377 Dontinicam
706 2359 798 2378 vocent
820 2351 836 2377 ii
858 2349 953 2378 Patres

170 2386 196 2412 itt
209 2393 242 2412 eo
261 2390 431 2414 erraverunt,
453 2386 550 2412 merito
570 2386 759 2420 compescendi
781 2390 859 2413 crattt
879 2395 885 2412 :
902 2393 951 2419 pa-

169 2421 259 2455 risque
275 2419 384 2446 sceleris
398 2419 435 2446 rei
453 2420 623 2450 videbantur,
634 2419 685 2455 iqui
704 2421 745 2447 vel
759 2421 784 2447 in
801 2422 840 2447 eis
867 2421 908 2446 vel
924 2421 950 2447 in

168 2463 260 2483 eorum
286 2455 392 2488 scriptis
421 2459 493 2481 tanta
521 2456 692 2482 successione
714 2464 770 2483 rem
794 2456 950 2483 dissimula-

169 2496 242 2517 runt.
265 2489 318 2516 Sed
333 2490 402 2526 nulla
423 2490 556 2523 ejusmodi
572 2492 681 2526 querela
695 2496 761 2517 erat.
779 2491 863 2518 donec
877 2491 948 2517 l‘lto~

169 2526 233 2556 tius,
258 2533 317 2560 eam
333 2525 519 2560 discessionis
546 2527 716 2553 occasionem
747 2527 819 2557 fecit,
850 2526 949 2560 illoque

168 2561 242 2595 pejor
255 2559 424 2596 rCAcrularius.
442 2559 524 2596 Urget
543 2561 594 2588 ltoc
610 2565 797 2596 argumentum
817 2559 949 2596 Georgius

167 2594 311 2623 Metochita
332 2602 365 2620 ex
386 2603 461 2629 papae
475 2594 612 2631 synodica,
629 2594 724 2630 dequa
739 2597 877 2623 consultus
893 2594 948 2623 Ma-

168 2631 255 2658 xitnus
272 2630 426 2666 νςιιιιίοδδυτ.
449 2631 482 2657 ad
504 2631 635 2658 Marinum
650 2633 835 2666 presbyterum
855 2631 944 2666 Cypri.

166 2665 343 2700 exposuitque
363 2673 472 2692 sensum
489 2667 559 2693 illius
576 2665 719 2694 niltil’tidci
732 2665 946 2699 adversum,’ant

166 2709 181 2729 a
192 2702 346 2729 (ira-eorum
362 2700 421 2734 ipso
434 2709 527 2733 sensu,
542 2702 621 2728 aliter
632 2710 711 2736 quant
728 2703 754 2728 itt
766 2702 847 2728 tnodo
859 2703 943 2736 signi-

167 2736 275 2766 ﬁcandi,
291 2735 438 2771 «lit-ereum.
455 2736 515 2763 .lam
533 2742 588 2764 tum
609 2735 672 2771 ergo
688 2737 807 2764 Ecelcsia
818 2735 944 2764 (JPlittttta

167 2772 293 2799 Erclesia:
319 2770 445 2797 Romana:
464 2773 682 2799 cmnntunionctn
708 2780 760 2798 non
788 2773 943 2806 respuebat,

165 2815 226 2833 cum
252 2806 294 2832 illa
319 2814 350 2831 ex
377 2806 444 2832 Filio
469 2806 598 2840 Spiritum
627 2809 807 2840 proﬁteretur,
833 2815 887 2834 non
909 2816 940 2833 cr

166 2842 222 2867 Solo
244 2841 334 2870 Patre,
357 2849 494 2876 uttuntquc
507 2843 602 2868 ambos
617 2842 780 2876 Spiratorent
794 2846 821 2869 et
833 2851 940 2869 causam

166 2883 214 2901 seu
235 2878 372 2902 auctorem
400 2877 516 2910 Spiritus
539 2879 713 2912 agnusccrct:
741 2878 788 2905 scd
809 2885 860 2911 qua
885 2878 940 2912 ipsa

1007 1965 1181 1994 confessione
1204 1974 1236 1994 ae
1256 1965 1368 1993 Maximi
1389 1965 1512 2000 ejusdem
1539 1965 1701 1993 auctoritate
1725 1964 1799 1993 facta

1010 2001 1074 2028 unio
1096 2001 1240 2029 Florentia
1263 2005 1321 2028 est:
1342 2001 1386 2028 etti
1405 2001 1510 2027 utinam
1530 2000 1698 2027 zizaniorum
1720 2007 1798 2027 Sator

1008 2044 1155 2071 paucorum
1180 2036 1333 2071 pervicacia
1354 2044 1410 2062 non
1433 2035 1593 2063 obstitisset.
1615 2035 1650 2062 Et
1670 2036 1798 2071 quamvis

1009 2079 1063 2098 non
1089 2070 1189 2098 desint’
1208 2079 1242 2099 ex
1269 2071 1427 2102 modernis,
1458 2072 1538 2098 etiam
1565 2070 1616 2098 viri
1644 2070 1796 2103 catholici,

1007 2106 1105 2141 quibus
1131 2114 1185 2133 non
1210 2107 1334 2134 videatur
1359 2106 1415 2133 ha-c
1441 2106 1554 2141 cpistola
1579 2113 1641 2132 esse
1668 2105 1794 2137 Maximi,

1007 2142 1078 2176 quod
1107 2149 1239 2175 nusquam
1266 2142 1370 2175 integra
1395 2145 1492 2173 exstet,
1521 2145 1568 2168 attt
1591 2141 1663 2168 inter
1687 2141 1795 2175 reliqua

1007 2176 1066 2209 eius
1093 2177 1241 2210 opuscula,
1266 2177 1359 2203 scdulo
1384 2177 1448 2202 satis
1477 2177 1601 2210 pluribus
1632 2177 1794 2204 Grzecnrunt

969 2231 990 2258 υ
1006 2211 1152 2258 Clodicilbus
1171 2211 1321 2258 descripta]:
1345 2212 1429 2252 pluris
1453 2216 1542 2238 tamen
1561 2211 1627 2252 mihi
1645 2216 1686 2239 est
1703 2211 1794 2258 Meto—I

1006 2246 1086 2274 obita:
1099 2247 1262 2280 l’atrumque
1279 2247 1495 2273 Florentinorum
1507 2247 1663 2276 auctoritas.
1677 2251 1704 2273 et
1716 2249 1793 2280 quod

1005 2282 1040 2309 ita
1061 2282 1124 2309 olittt
1143 2281 1247 2309 Gnecis
1267 2282 1303 2308 sit
1323 2282 1424 2311 habita,
1443 2289 1493 2308 nec
1515 2283 1599 2316 stylus
1613 2281 1759 2308 abhorreat
1783 2291 1790 2308 :

1004 2325 1055 2344 nec
1075 2317 1126 2343 alia
1143 2317 1225 2344 fuerit
1244 2324 1323 2344 causa
1344 2325 1392 2343 cur
1407 2317 1576 2344 desideretur
1594 2321 1659 2347 tota,
1675 2324 1726 2343 nec
1739 2324 1791 2342 ex-

1004 2356 1056 2379 stet
1078 2352 1104 2378 itt
1126 2352 1266 2379 codicibus
1288 2352 1413 2383 Maximi,
1436 2360 1516 2386 qttattt
1538 2353 1609 2387 quod
1631 2352 1698 2378 forte
1724 2360 1790 2386 pro-

1003 2387 1082 2414 lixior
1108 2392 1176 2418 erat,
1202 2392 1230 2414 ut
1241 2392 1304 2414 sunt
1324 2387 1415 2421 plures
1438 2387 1544 2413 Maximi
1567 2388 1696 2422 cpistolzc,
1715 2395 1789 2420 pra:—

1002 2423 1096 2449 scrtim
1125 2422 1293 2457 dogntaticm,
1317 2427 1345 2449 et
1375 2423 1445 2456 quod
1477 2422 1576 2456 stepius
1607 2423 1789 2457 pluribusque

1001 2458 1168 2491 cxscriptum
1179 2457 1243 2483 illud
1260 2463 1418 2492 excerptum
1430 2457 1463 2484 de
1477 2458 1650 2491 proccssione
1666 2457 1789 2491 Spiritus

1000 2500 1033 2519 ex
1056 2492 1133 2519 Patre
1144 2496 1170 2519 ct
1192 2492 1269 2522 Filio.
1279 2500 1328 2526 pro
1338 2493 1494 2526 quzrstionis
1509 2493 1676 2524 celebritate,
1694 2493 1787 2526 ipsum

1000 2528 1088 2554 risum
1121 2531 1162 2554 est
1188 2527 1311 2554 sullicere
1334 2536 1340 2553 :
1363 2528 1500 2561 quomodo
1529 2527 1656 2562 pleraque
1687 2533 1787 2554 auctu-

1000 2570 1059 2589 l'ttm
1080 2567 1256 2589 monumenta
1273 2562 1472 2593 desiderantur,
1487 2571 1604 2597 quoruttt
1620 2562 1789 2597 quandoque

998 2598 1071 2625 edita
1086 2602 1150 2625 suttt
1164 2597 1260 2624 electa.
1275 2598 1387 2624 Accedit
1399 2597 1465 2624 alias
1475 2598 1542 2624 alios
1555 2598 1661 2624 Maximi
1673 2598 1790 2624 codites

999 2633 1099 2668 habere
1114 2632 1258 2667 epistolas:
1273 2632 1341 2659 alias
1354 2632 1452 2668 regios,
1467 2633 1535 2660 alias
1550 2633 1699 2664 vaticanos,
1716 2633 1790 2659 alias

997 2667 1181 2698 Florentinos.
1207 2672 1305 2702 pnetcr
1328 2675 1384 2699 eas,
1403 2675 1471 2701 quas
1491 2676 1585 2695 eorum
1603 2668 1685 2702 aliqui
1703 2676 1788 2695 com-

997 2710 1094 2730 munes
1109 2703 1226 2730 habent:
1242 2703 1340 2737 quibus
1359 2703 1485 2730 omnibus
1498 2703 1577 2730 ditari
1591 2704 1672 2730 velint
1686 2703 1779 2730 [εἰει-Ιο-

996 2738 1083 2770 siam;
1104 2739 1230 2772 pigetque
1246 2743 1321 2765 Ianto
1341 2737 1431 2765 labore
1453 2739 1591 2773 quzcsitas.
1614 2743 1782 2773 tantumque

996 2773 1021 2799 itt
1038 2781 1095 2800 rettt
1110 2773 1326 2800 Ecclesiasticant
1346 2773 1481 2800 commodi
1501 2774 1630 2801 allaturas
1649 2779 1674 2801 et
1694 2781 1783 2800 orna-

995 2808 1096 2838 menti.
1123 2809 1236 2835 necdum
1264 2808 1373 2836 licuisse
1396 2809 1466 2842 juris
1491 2809 1590 2843 publici
1620 2809 1709 2836 facere
1732 2817 1787 2843 per

994 2843 1124 2876 temporis
1142 2843 1281 2877 injuriam,
1297 2851 1446 2878 eorumque
1464 2844 1599 2871 fastidium
1621 2845 1666 2878 qui
1686 2844 1791 2878 iuvare

993 2887 1072 2913 npt‘rzt
1090 2883 1223 2913 poterant.
