1928 3097
175 125 229 158 819

741 121 872 152 PHOTII
892 116 1144 150 PATRIARCHIE
1163 116 1219 146 (ΖΡ.

1751 107 1796 139 820

175 181 310 213 noscitur,
324 181 456 217 Spiritum
473 183 596 207 sanctum
617 186 631 205 ιι
653 178 743 212 Patre,
759 183 786 205 et
800 185 853 205 non
868 185 883 204 a
898 175 961 203 Filic

1019 173 1092 200 θειον
1104 170 1268 206 ἀντέγραψε,
1280 169 1374 205 σαφῶς
1388 178 1417 196 τε
1438 167 1487 196 καὶ
1506 165 1662 202 περιφανῶς
1679 164 1796 198 φαίνεται

176 227 337 263 procedere.

211 316 294 344 XXV.
315 315 382 343 Illud
392 315 473 342 etiam
486 313 560 342 haud
575 313 642 341 mihi
655 312 763 341 videtur
772 310 964 342 omittendum,

176 363 226 391 etsi
242 362 369 390 omnibus
380 369 430 396 pro
445 361 575 396 temporis
585 367 674 394 nuper
685 357 885 394 propinquitate
898 363 964 383 eon-

175 409 316 444 spicuum;
336 408 382 443 qui
412 407 514 434 nostris
544 405 714 441 temporibus
741 404 832 439 legati,
862 402 964 430 nedum

175 455 269 486 semel.
285 454 332 482 sed
343 459 370 481 et
390 453 469 481 tertio
483 460 515 479 ex
526 452 634 479 seniore
649 451 735 477 Roma
744 453 889 479 venerunt.
901 456 962 475 cum

175 500 208 527 de
224 499 285 531 ﬁde.
300 504 330 526 ut
344 507 393 534 par
409 503 461 529 est.
482 505 538 525 non
553 505 614 524 cum
627 497 681 523 illis
695 503 853 522 sermonum
867 499 966 522 contu-

175 544 311 577 lissemus,
342 544 359 571 ii
373 544 442 570 nihil
457 543 595 570 diversum
612 547 693 569 autve
717 541 858 568 dissonum
874 548 888 567 a
903 540 965 572 (ide,

174 597 235 623 quze
248 597 298 624 per
314 596 423 616 omnem
440 592 573 615 terrarqu
588 587 682 614 orbem
699 586 833 621 explicata
848 590 901 617 est,
918 589 967 611 aut

175 636 320 667 dixerunt,
341 640 386 662 aut
407 634 510 662 sentire
546 632 709 668 deprehensi
734 636 799 659 sunt
819 641 826 658 ε
844 632 967 665 quinimo

174 681 247 708 clare
260 681 402 708 nobiscum
423 680 545 714 citraque
565 686 674 706 omnem
688 678 886 705 dubitationem
903 677 962 711 Spi-

174 727 257 755 ritum
275 731 400 754 sanetum
419 734 453 753 ex
478 726 558 753 Patre
575 725 723 760 procedere
740 725 964 760 praedicaverunt.

175 773 245 806 Quin
261 778 289 801 et
303 777 394 800 coacta
408 772 512 808 synodo
522 771 702 807 quorumdam
714 771 965 799 ecclesiasticornm

175 820 294 854 capitum
306 827 397 850 causa,
410 819 454 854 qui
471 819 534 845 inde
546 818 620 845 missi
639 817 748 844 fuerant
758 817 844 844 sancti
854 815 966 843 Joannis

1015 218 1046 244 τὸ
1059 217 1171 252 Πνεῦμα
1186 217 1215 243 τὺ
1229 217 1305 250 ἅγιον
1318 215 1424 251 φρονῶν
1437 216 1470 241 ὲκ
1480 213 1527 241 τοῦ
1543 211 1659 247 Πατρὺς,
1676 210 1735 238 ἀλλ’
1753 211 1796 237 οὺχ

1016 265 1048 291 ἐκ
1064 264 1109 291 τοῦ
1127 263 1192 290 Υίοΰ
1208 262 1415 298 ἐκπορεύεσθαι.

1052 309 1117 337 ΚΕ¹.
1140 310 1198 336 Οὐκ
1212 310 1301 336 ἐάσειν
1320 317 1364 343 μοι
1378 306 1459 338 δοκῶ,
1471 306 1523 333 κᾶν
1546 305 1604 331 ἐστι
1618 304 1702 330 πᾶσιν
1718 301 1797 328 ὲκτοῦ

1017 355 1114 392 χρόνου
1131 355 1249 388 ὑτυόγυον
1274 353 1434 389 περιφανὲς,
1452 353 1514 383 τοὺς
1540 351 1569 378 ὲν
1584 351 1641 381 τοῖς
1658 348 1719 376 καθ’
1731 349 1798 384 ἡμᾶς

1018 404 1125 439 χρόνοις
1152 400 1283 436 πρέσϐεις
1309 400 1340 426 οὐ
1368 400 1448 434 μόνον
1462 396 1629 429 timeam
1657 395 1704 422 καὶ
1715 395 1798 431 τρίτον

1017 450 1066 484 τῆς
1086 447 1274 484 πρεσϐυτέρας
1298 446 1409 481 Ῥώμης
1436 443 1661 480 ὰναδραμόντας’
1689 442 1714 468 οι
1740 442 1799 476 περὶ

1017 496 1068 529 τῆς
1084 494 1226 525 εὐσεϐείας
1251 491 1296 520 οἷα
1313 492 1387 524 εἰκὸς
1412 491 1490 526 ἡμῶν
1509 490 1578 525 πρὸς
1599 489 1698 520 αὐτοὺς
1711 487 1799 521 λόγους

1017 541 1249 576 ἁνακινησάντων.
1262 539 1339 566 οὐδὲν
1351 537 1578 574 παρηλλαγμένον
1592 536 1642 571 τῆς
1653 535 1705 562 ἀνὰ
1717 535 1799 561 πᾶσαν

1016 588 1066 622 τὴν
1077 586 1240 621 οἰκουμένην
1252 584 1449 619 ὲξηπλωμένης
1461 582 1613 613 εὐσεϐείας,
1635 580 1698 608 οὔτε
1717 578 1798 611 εἷπον,

1017 632 1078 659 οὔτε
1092 631 1256 667 φρονοῦντες
1269 630 1442 666 ἡλέγχθησαν
1453 636 1459 643 ·
1475 627 1631 654 τούναντίον
1648 626 1688 658 δὲ,
1699 625 1799 661 τρανῶς

1019 678 1078 713 μεθ’
1091 678 1171 713 ἡμῶν
1187 677 1234 704 καὶ
1259 676 1430 706 ἀδιστάκτως
1444 674 1475 701 τὸ
1498 673 1611 707 Πνεῦμα
1626 672 1656 698 τὺ
1681 671 1756 706 ἅγιον
1770 671 1800 697 ὲκ

1016 724 1063 751 τοῦ
1086 724 1194 760 Πατρὺς
1211 721 1384 759 ἀνεκήρυξαν
1409 720 1617 756 ἐκπορεύεσθαι.
1641 718 1723 745 Ἀλλὰ
1750 717 1801 752 γὰρ

1017 771 1064 797 καὶ
1079 770 1187 796 συνόδου
1204 768 1438 804 συγκροτηθείσης
1462 766 1508 792 ὲπί
1526 774 1598 792 τισιν
1615 764 1800 799 ἐκκλησιαστι-

1018 817 1075 847 κοῖς
1100 815 1271 850 κεφαλαίοις,
1296 815 1320 841 οἱ
1345 813 1449 840 ἐκεῖθεν
1479 811 1679 845 ἀπεσταλμένοι
1701 808 1747 836 τοῦ
1774 810 1802 834 ὲν

174 872 250 899 papa:
267 864 372 896 vicarii,
400 869 527 899 tanquam
542 864 587 890 illo
610 863 671 898 ipso
689 867 834 898 prteseute,
857 870 888 889 ne
909 870 961 888 una

1016 862 1102 895 ἁγίοις
1121 861 1245 887 Ἰωάννου
1259 861 1336 887 πάπα
1350 857 1548 894 τοποτηρηταὶ,
1564 857 1600 887 ὡς
1611 855 1692 882 αὐτοῦ
1705 855 1802 890 παρόν-

174 908 315 936 nobiscqu
334 913 436 936 rectam
453 909 487 935 de
503 908 635 935 Trinitatc
660 908 823 935 sententiam
852 907 961 939 edente,

174 953 236 982 tidci
256 954 420 989 symbolum,
437 955 508 989 quod
530 954 651 981 omnium
667 953 863 981 universalium
881 961 963 988 syno-

173 999 269 1026 dorum
293 1000 414 1032 calculo,
434 1005 615 1031 consentanee
641 1000 701 1027 voci
729 1000 876 1026 llominiea:
906 1004 962 1026 tum

172 1044 346 1079 praedicatur,
364 1050 420 1073 tum
434 1046 516 1080 viget,
537 1051 665 1081 tanquam
685 1045 781 1072 eodem
807 1046 859 1080 ipsi
880 1053 962 1072 sensu

173 1091 322 1126 eademque
346 1092 497 1124 sententia,
516 1100 582 1119 voee
603 1092 704 1126 pariter
725 1095 752 1118 et
772 1091 874 1127 lingua,
899 1100 963 1127 pro-

172 1137 293 1171 priaeque
309 1145 405 1164 manus
422 1138 633 1172 subscriptione,
649 1137 837 1164 ﬁrmaverunt.

208 1181 304 1210 XXVI.
327 1183 388 1210 ll-(ec
406 1191 468 1210 cum
484 1184 519 1210 ita
536 1191 565 1210 se
581 1183 709 1214 habeant.
728 1187 754 1210 et
772 1182 893 1210 Romana
910 1183 963 1210 Ec-

172 1227 254 1256 clesia
269 1236 320 1254 una
331 1236 392 1254 cum
411 1229 470 1256 aliis
490 1233 609 1263 quatuor
619 1228 844 1263 patriarehalibus
852 1228 962 1256 sedibus

173 1274 268 1301 eadem
281 1275 389 1306 sentiat,
399 1275 492 1310 eisque
501 1283 615 1302 concors
632 1275 754 1306 exsistat,
766 1275 902 1309 quomodo
916 1275 962 1309 qui

172 1318 306 1347 Chamum
330 1320 503 1352 temulentur,
530 1320 640 1347 Patrum
664 1329 775 1348 suorum
794 1320 835 1356 (ut
854 1322 961 1355 vocant)

177 1365 372 1399 turpitudinem
397 1366 524 1401 detegere
547 1374 601 1392 non
625 1371 764 1397 verentur,
787 1366 962 1400 omniumque

173 1410 260 1438 oculis
279 1411 353 1445 ipsos
365 1411 494 1439 ridendos
510 1411 667 1445 exponere?
683 1411 799 1438 Decebat
813 1412 885 1438 enirn
904 1419 960 1445 eos,

173 1456 306 1490 siquidem
319 1457 429 1483 Patrum
448 1461 573 1492 quaerunt
594 1465 684 1488 voces,
707 1457 740 1484 ad
764 1457 889 1492 synodica
913 1458 961 1484 de-

173 1506 246 1529 creta
267 1510 418 1535 recurrere;
441 1502 474 1529 ad
496 1502 681 1529 Romanorum
706 1504 859 1530 antistitum
883 1512 962 1531 rores

174 1552 293 1575 tuentem
317 1548 476 1581 intendere;
493 1549 526 1575 ad
542 1548 706 1583 reliquorum
723 1554 878 1576 sanctorum
893 1550 962 1576 divi-

174 1601 328 1628 norumque
346 1593 458 1621 Patrum
486 1594 600 1621 chorum
621 1594 786 1630 confligere;
809 1602 864 1622 non
883 1595 963 1622 simul

173 1640 304 1674 quosdam
325 1639 420 1667 Patres
443 1639 543 1673 facere,
561 1641 712 1675 acerbeque
728 1640 788 1667 illos
809 1640 961 1672 criminari,

175 1689 302 1720 tanquam
318 1686 449 1714 adversus
466 1694 637 1713 communem
661 1687 804 1714 Dominum
828 1688 961 1715 cervicem

174 1730 337 1760 exsererint.
353 1739 384 1758 ac
398 1736 454 1758 tum
469 1732 543 1759 velut
557 1732 654 1767 stylum
670 1740 701 1759 ac
716 1732 830 1760 indicent:
848 1733 963 1768 ﬁdeique

174 1776 293 1809 regulam
313 1784 362 1804 eos
380 1777 521 1805 adhibere.
541 1777 594 1805 Sed
621 1782 648 1804 et
671 1778 736 1805 illud
752 1786 799 1806 eos
820 1779 962 1806 advertere

173 1823 298 1857 decebat,
310 1824 390 1859 longe
402 1832 431 1852 se
447 1825 571 1860 graviore
587 1825 686 1859 injuria
704 1825 820 1857 allicere,
833 1833 901 1860 quos
914 1825 962 1853 Do-

174 1870 249 1897 mino
267 1870 442 1897 adversantes
462 1871 603 1906 objiciant,
632 1879 687 1898 non
710 1871 841 1898 honorem
864 1872 962 1899 habere

173 1922 242 1948 quos
256 1915 365 1943 Patrum
380 1916 459 1943 titulo
478 1922 605 1951 augeant.
624 1917 770 1944 Enimvero
790 1917 832 1944 vel
850 1917 872 1944 si
894 1917 962 1944 nihil

173 1960 227 1988 illis
241 1969 313 1989 cura:
328 1966 370 1989 est
383 1961 492 1990 Patrum
511 1963 622 1997 injuria,
635 1962 754 1990 timenda
772 1968 861 1990 tamen
880 1968 961 1998 atque

174 2007 309 2039 verenda‘,
329 2007 353 2034 ei
378 2008 424 2042 qui
447 2008 554 2042 primus
577 2009 712 2043 parricida
731 2009 781 2036 fuit
803 2017 834 2036 ac
850 2009 962 2036 sceleris

146 2063 147 2067 ‘
173 2057 275 2085 auctor,
295 2053 394 2080 inﬂicta
411 2053 458 2081 Dei
473 2055 578 2082 calculo
592 2055 744 2082 exsecratio
757 2063 789 2082 ac
807 2055 941 2082 sententia
952 2076 959 2087 ,

173 2106 222 2127 nec
236 2100 418 2130 aemulandum
431 2101 605 2129 maledictum
619 2107 710 2135 caput,
724 2105 772 2128 aut
786 2102 875 2136 magis
887 2101 960 2128 dete-

173 2145 299 2179 gendum,
315 2146 363 2173 sed
378 2146 572 2182 obtegendum,
589 2147 611 2173 si
625 2147 689 2181 quid
709 2147 736 2173 in
758 2148 816 2174 suis
833 2147 960 2176 Patribus

173 2197 250 2225 turpe
263 2191 510 2226 deprehendissent
530 2198 610 2228 atque
625 2194 786 2221 verendum.

207 2236 312 2265 XXVII.
334 2238 442 2266 Utinam
464 2247 529 2266 vero
555 2247 636 2266 nemo
662 2239 706 2266 vel
733 2239 804 2266 illius
833 2239 960 2267 facinoris

173 2283 287 2311 .etnulus
300 2284 423 2315 exsistat,
440 2285 482 2311 vel
498 2292 561 2311 reus
576 2284 777 2314 maledictionis
791 2295 796 2312 :
815 2285 879 2320 quin
896 2293 961 2320 pro-

172 2327 253 2362 pitius
269 2328 304 2356 sit
317 2328 442 2356 Christus
457 2328 529 2355 Deus
543 2333 647 2360 noster.
665 2330 716 2361 bis,
731 2329 831 2364 quibus
846 2329 962 2364 parrici—

169 2374 264 2401 darum
284 2375 329 2402 illa
349 2375 447 2410 injuria
462 2375 595 2410 obrepsit,
614 2380 642 2403 et
657 2376 703 2411 qui
726 2376 859 2403 adversus
875 2376 962 2410 ipsius

171 2422 256 2455 legem
279 2428 429 2456 vocemque
456 2421 663 2450 insurrexerunt
678 2431 684 2448 :
699 2422 882 2456 clementique
908 2429 956 2448 sua

1015 917 1060 938 τος
1077 907 1182 934 ἐκείνου
1197 906 1244 933 καὶ
1260 905 1497 940 συνθεολογοῦπος
1514 905 1579 939 ἡμῖν
1590 904 1640 937 τὴν
1652 903 1799 932 εὐσέϐειαν,

1014 954 1053 988 τῷ
1077 953 1202 988 συμϐόλῳ
1217 955 1263 987 τῆς
1281 952 1399 982 πίστεως
1425 951 1466 985 τῷ
1479 950 1524 977 διὰ
1541 949 1634 976 πασῶν
1649 948 1702 975 τῶν
1718 949 1802 974 οἰκου-

1017 999 1135 1035 μενικῶν
1162 999 1279 1025 συνόδων
1303 998 1376 1024 κατὰ
1390 997 1441 1032 τὴν
1456 995 1626 1029 Δεσποτικὴν
1641 994 1733 1028 φωνὴν
1758 994 1802 1019 καὶ

1016 1044 1212 1081 κηρυσσομένῳ
1224 1044 1272 1071 καὶ
1288 1042 1496 1079 κρατυνομὲνῳ,
1512 1042 1550 1073 ὡς
1571 1041 1733 1076 ὁμόφρονες,
1758 1038 1802 1065 καὶ

1015 1094 1091 1128 φωνῇ
1108 1092 1155 1119 καὶ
1172 1091 1293 1127 γλώσσῃ,
1318 1091 1366 1118 καὶ
1385 1089 1519 1124 ῑδιοχείρῳ
1535 1089 1629 1123 γραφῇ
1647 1086 1801 1120 καθυπεση-

1016 1140 1144 1174 μήναντο,

1050 1186 1121 1219 KG’.
1133 1184 1242 1212 Τούτων
1258 1183 1344 1215 οὕτως
1356 1183 1483 1218 ἐχόντων,
1497 1182 1546 1216 τῆς
1565 1179 1724 1214 Ῥωμαῖκῆς
1744 1177 1803 1204 Ἔκ-

1014 1231 1128 1266 κλησίας
1146 1233 1203 1263 τοῖς
1218 1231 1309 1262 ἄλλοις
1322 1231 1468 1264 τέσσαρσιν
1485 1226 1689 1262 ὰρχιερατικοῖς
1699 1224 1804 1260 θρόνοις

1013 1277 1154 1313 ὀμοφώνου
1181 1286 1210 1304 τε
1233 1278 1279 1304 καὶ
1294 1276 1421 1312 ὁμοδόξου
1435 1274 1621 1308 καθεστώσης,
1640 1272 1698 1303 πῶς
1714 1272 1739 1298 οἱ
1757 1269 1804 1296 τοῦ

1013 1323 1078 1358 Χὰμ
1109 1323 1236 1358 μιμηταὶ,
1258 1322 1313 1348 τῶν
1329 1321 1459 1356 Πατέρων
1474 1319 1575 1349 αὐτῶν,
1592 1318 1630 1350 ὥς
1655 1325 1730 1352 φασι,
1755 1315 1803 1350 τὴν

1013 1369 1208 1404 ἀσχημοσύνην
1220 1369 1269 1395 οὐκ
1285 1367 1449 1403 ὲρυθριῶσιν
1463 1365 1674 1393 ἀνακαλύπτειν,
1691 1363 1738 1389 καὶ
1763 1361 1805 1393 εἰς

1014 1415 1112 1451 χλεύην
1126 1416 1191 1442 πᾶσι
1205 1414 1373 1449 προτιθέναι;
1394 1413 1492 1448 Ἐχρῆν
1506 1411 1560 1445 γὰρ
1585 1410 1684 1441 αὐτοὺς
1703 1409 1727 1435 εί
1756 1408 1803 1441 ζη-

1012 1462 1088 1489 τοῦσι
1102 1463 1230 1497 Πατέρων
1249 1461 1351 1496 φωνὰς.
1367 1460 1435 1495 πρὸς
1458 1458 1506 1489 τὰς
1529 1457 1670 1488 συνοδικὰς
1686 1456 1805 1491 ἀναδρα-

1016 1509 1075 1542 μεῖν
1088 1508 1196 1542 ψήφους
1208 1515 1216 1522 σ
1234 1507 1303 1542 πρὸς
1319 1506 1368 1537 τὰς
1384 1505 1439 1532 τῶν
1453 1504 1607 1539 ἀρχιερέων
1619 1504 1668 1536 τῆς
1694 1501 1806 1536 Ῥώμης

1015 1551 1106 1586 φωνὰς
1131 1551 1348 1578 ἀπευθύνεσθαι·
1376 1550 1445 1585 πρὸς
1463 1549 1518 1575 τῶν
1542 1548 1630 1575 ἄλλων
1646 1546 1731 1581 ἁγίων
1758 1545 1806 1572 καὶ

1015 1598 1153 1633 θεοφόρων
1179 1597 1258 1632 ἡμῶν
1288 1596 1417 1631 Πατέρων
1442 1596 1487 1622 τὸν
1502 1594 1582 1629 χορὸν
1601 1592 1804 1626 καταφεύγειν·

1014 1644 1082 1670 ἀλλὰ
1099 1644 1135 1679 μὴ
1149 1643 1206 1677 ἅμα
1218 1652 1246 1669 τε
1269 1643 1344 1673 τινὰς
1367 1642 1491 1677 Πατέρας
1512 1641 1609 1670 ποιεῖν,
1626 1639 1675 1665 καὶ
1699 1638 1807 1673 πικρῶς

1013 1689 1125 1721 τούτους
1136 1689 1328 1719 ὲνδιαϐἁλλειν,
1341 1688 1385 1715 διὰ
1392 1689 1442 1723 τῆς
1455 1687 1524 1714 κατὰ
1538 1686 1585 1712 τοῦ
1597 1684 1687 1712 κοινοῦ
1701 1684 1806 1710 Δεσπό-

1013 1736 1060 1761 τοῦ
1075 1736 1297 1766 ἐπαναστάσεως,
1329 1732 1388 1760 εἶτα
1403 1733 1509 1763 τούτοις
1526 1731 1607 1758 πάλιν
1630 1731 1668 1761 ὡς
1683 1729 1809 1763 γνώμονι

1013 1783 1060 1809 καὶ
1077 1782 1170 1808 κανόνι
1198 1782 1248 1816 τῆς
1280 1781 1398 1812 πίστεως
1414 1779 1542 1815 χρῆσθαι.
1572 1778 1646 1803 Ἔδει
1661 1777 1688 1802 δὲ
1705 1777 1807 1807 αὐτοὺς

1017 1827 1160 1854 καὶτοῦτο
1175 1828 1302 1862 συνορᾷν,
1328 1827 1365 1858 ὡς
1387 1826 1455 1852 πολὺ
1479 1824 1579 1860 μᾶλλον
1604 1822 1806 1858 ἐξυϐρίζουσιν,

1015 1873 1062 1905 οὒς
1091 1874 1190 1905 αὐτοὺς
1230 1874 1301 1900 κατὰ
1340 1872 1387 1899 τοῦ
1426 1871 1561 1898 Δεσπότου
1592 1868 1808 1903 προκομίζουσιν

1014 1919 1073 1946 ἀλλ’
1088 1919 1149 1954 οὐχὶ
1160 1919 1277 1954 τιμῶσιν
1301 1918 1347 1949 οὒς
1363 1918 1488 1951 Πατέρας
1500 1917 1710 1952 ἐπιγράφονται.
1733 1915 1811 1941 Ἀλλ’

1012 1966 1036 1991 εί
1051 1965 1098 1991 καὶ⁸
1115 1965 1199 1999 μηδὲν
1224 1964 1316 1995 αὐτοῖς
1344 1964 1395 1997 τῆς
1419 1962 1560 1997 Πατρικῆς
1588 1961 1692 1997 ὕϐρεως
1714 1960 1806 1995 μέλει,

1012 2011 1096 2046 ἐχρῆν
1108 2011 1183 2044 ὅμως
1196 2009 1312 2036 δεδιέναι
1324 2018 1354 2036 τε
1365 2009 1412 2036 καὶ
1427 2009 1624 2035 διευλαϐεῖσθαι
1638 2009 1687 2042 τὴν
1697 2007 1745 2034 τοῦ
1758 2016 1809 2033 κα-

1012 2057 1160 2092 τάρξαντος
1172 2056 1222 2090 τῆς
1235 2056 1402 2090 πατραλοίας
1412 2055 1467 2090 (18)
1478 2055 1569 2081 θεόθεν
1583 2054 1808 2089 ἐπενηνεγμένην

1013 2103 1082 2137 ἀρὰν
1089 2103 1136 2129 καὶ
1144 2102 1243 2136 ψῆφον,
1255 2103 1302 2128 καὶ
1312 2102 1444 2136 μηδαμῶς
1450 2102 1495 2128 τὸν
1505 2101 1641 2136 ἐπάρατον
1649 2100 1808 2136 μιμεῖσθαι.

1014 2147 1074 2182 μηδ’
1090 2146 1292 2173 ἀνακαλύπτειν
1307 2147 1417 2181 μᾶλλον,
1431 2147 1490 2173 ἀλλ’
1505 2145 1711 2178 ἐπικαλύπτειν,
1725 2146 1811 2181 εἴπερ

1013 2201 1039 2219 τι
1058 2193 1115 2224 τοῖς
1132 2192 1221 2218 αὐτῶν
1236 2193 1374 2227 Πατράσιν
1384 2191 1477 2227 ἑώρων
1490 2191 1739 2227 ἀσχημονούμενον.

976 2221 999 2249 D
1050 2221 1115 2265 KZ’:
1142 2237 1213 2263 Ἀλλ’
1229 2237 1284 2263 εἴθε
1298 2221 1358 2271 εἴγε
1375 2221 1470 2272 μηθεὶς
1484 2221 1613 2272 εἴη’-μήτε
1634 2221 1683 2270 τῆς
1698 2236 1811 2262 ἐκείνου

1010 2283 1137 2318 πράξεως
1152 2283 1285 2318 μιμητὴς,
1303 2284 1372 2318 μήτε
1384 2283 1477 2317 ἔνοχος
1489 2283 1540 2317 τῆς
1554 2283 1637 2318 ἀρᾶς·
1654 2281 1711 2308 ἀλλ’
1725 2282 1811 2310 ﬁam:

1013 2329 1061 2364 μὲν
1076 2329 1119 2365 εἴη
1135 2329 1252 2365 Χριστὸς
1266 2331 1279 2356 ὁ
1293 2329 1359 2360 Θεὸς
1371 2330 1460 2364 ἡμῶν,
1474 2331 1530 2360 τοῖς
1541 2338 1569 2355 τε
1581 2330 1614 2364 τῇ
1628 2328 1682 2354 τῶν
1694 2337 1811 2363 πατρα-

1011 2376 1092 2403 λοιῶν
1109 2376 1284 2412 ὑποσυρεῐσιν
1315 2375 1403 2409 ὕϐρει,
1435 2375 1481 2401 καὶ
1502 2377 1558 2406 τοῖς
1585 2374 1812 2406 κατεξαναστᾶσι

1013 2422 1062 2457 τῆς
1078 2421 1163 2448 αὑτοῦ
1175 2421 1337 2457 νομοθεσίας
1352 2422 1400 2448 καὶ
1418 2421 1510 2456 φωνῆς
1521 2430 1528 2436 ·
1542 2422 1588 2448 καὶ
1603 2421 1812 2455 φιλανθρώπως

944 2482 1061 2510 ΝΟΤΙΕ.

206 2537 262 2576 (18)
281 2537 338 2576 ἰ’οᾷ
349 2538 557 2576 κατάρξαντος
567 2539 622 2574 τῆς
636 2541 828 2573 πατραλοίας.
839 2540 929 2576 Longe
944 2550 958 2568 a

169 2573 259 2600 Pltotii
279 2573 372 2610 verbis
394 2579 422 2601 et
433 2582 515 2602 sensu
535 2575 643 2607 Metius,
659 2577 704 2608 qui
724 2576 848 2603 adversus
868 2573 957 2610 pa'rri-

169 2608 338 2646 cidas‘t‘llam
353 2610 539 2644 promulgavit.
561 2610 621 2637 Non
634 2612 801 2646 promulgata
816 2608 893 2644 quasi
910 2619 954 2646 ge-

170 2644 285 2671 neratim
326 2644 353 2670 in
393 2646 542 2679 parricidas
578 2644 753 2678 maledictio;
783 2647 830 2673 sed
865 2644 958 2674 θεόῦεν

168 2679 359 2716 ἐνηνεγμιὲνηἈ
370 2687 385 2705 a
414 2679 469 2707 Deo
484 2680 557 2707 illata
578 2680 604 2706 in
619 2686 710 2715 caput,
728 2682 797 2713 quod
816 2683 876 2716 ejus
891 2690 956 2709 auc-

169 2719 211 2741 tor
225 2715 337 2742 sceleris
349 2714 428 2745 l‘oret.
442 2723 490 2742 sua
503 2716 546 2742 illa
563 2714 674 2750 paterna
688 2717 814 2743 irrisione
827 2714 838 2743 ξ’
849 2726 862 2743 a
877 2718 954 2750 cujus

168 2749 402 2785 exetnploinsulse
417 2751 537 2778 deterret
549 2758 606 2781 eos,
620 2752 664 2785 qui
680 2752 846 2778 Dominicam
858 2760 953 2779 vocem

168 2791 200 2809 ex
227 2784 346 2821 Patrum
364 2793 447 2821 sensu
476 2791 558 2820 atque
586 2784 696 2812 vocibus
728 2787 952 2821 interpretentur,

168 2825 222 2858 rion
236 2819 289 2858 tqui
311 2819 347 2845 illi
367 2819 462 2858 _Patres
480 2819 636 2858 opponant:
652 2821 702 2848 nisi
722 2827 763 2848 est
781 2819 850 2849 idem
871 2822 955 2849 hardo

170 2852 271 2880 homini
295 2862 327 2880 ac
348 2855 427 2888 plane
450 2852 532 2888 caedo,
549 2856 701 2884 divinarqu
723 2865 819 2884 vocum
845 2857 955 2885 divinus

1014 2542 1159 2575 interpres,
1171 2545 1199 2567 et
1215 2541 1387 2568 adversarius
1404 2541 1591 2575 malignusque
1611 2540 1810 2567 calumniator.

1013 2585 1045 2603 ac
1056 2577 1228 2610 depravator.
1239 2577 1281 2603 Ab
1292 2577 1351 2603 aliis
1365 2577 1541 2611 supersedeo,
1556 2584 1590 2602 ne
1600 2576 1658 2601 viro
1671 2575 1785 2611 inscita:
1795 2583 1812 2611 ς

1012 2609 1114 2643 videar,
1149 2612 1194 2646 qui
1226 2612 1311 2646 magis
1341 2609 1522 2638 illustrissimo
1550 2611 1694 2637 Annalium
1727 2609 1810 2636 l’atri

1012 2646 1113 2674 Graeca:
1139 2647 1237 2682 linguae
1265 2647 1389 2673 notitiatn
1420 2646 1536 2680 aliquant
1565 2646 1727 2682 optaverim,
1745 2650 1814 2682 inut

1011 2682 1130 2717 melioris
1151 2681 1308 2716 interpretis
1332 2682 1458 2717 copiam:
1481 2682 1566 2716 qualis
1588 2681 1706 2717 denique
1725 2681 1751 2707 ei
1781 2681 1814 2706 in

1011 2716 1156 2744 Theodoro
1172 2718 1281 2745 Studita
1301 2717 1352 2744 fuit
1368 2716 1495 2744 'Jaeobus
1517 2716 1680 2743 Sirmundus
1701 2717 1715 2742 ὁ
1749 2724 1816 2749 μα-

1009 2752 1136 2788 καρίτης,
1148 2761 1179 2779 ac
1191 2754 1212 2780 si
1225 2753 1269 2788 qui
1282 2753 1413 2786 ejusmodi
1427 2753 1481 2778 veri
1495 2753 1657 2788 interpretes
1670 2751 1818 2788 et‘Ecclw

1009 2786 1109 2814 siaStici
1124 2808 1130 2820 ,
1147 2788 1185 2815 rei
1208 2786 1400 2816 ecclesiasticae
1418 2795 1529 2823 operam
1552 2786 1739 2815 ecclesiastico
1755 2794 1819 2817 na-

1008 2823 1106 2850 \‘arint.
