1928 3097
154 119 205 153 821

729 121 996 152 EPISTOLARUM
1016 121 1131 150 LIBER
1150 121 1191 150 ΙΙ.

1713 119 1767 151 8⁵22

156 172 307 210 μεταγάγοι
331 172 378 200 τοῦ
403 174 569 209 σφάλματος,
598 175 646 201 καὶ
666 175 849 211 καταλλαγείη
881 178 937 208 τοῖς

997 176 1109 204 )onitate
1126 183 1158 203 ac
1171 175 1354 203 misericordia
1376 175 1411 203 ab
1434 183 1526 202 errore
1540 175 1661 208 reducat,
1676 180 1703 203 et
1723 184 1766 204 re-

155 219 306 254 ὑῦρισταῖς,
325 219 373 245 καὶ
387 219 454 254 πρὸς
470 219 615 254 διόρθωσιν
634 220 700 247 ιδεῖν
714 222 934 256 παρασκευάσοι·

154 264 202 290 καὶ
228 265 261 299 τῇ
287 264 397 300 εὐλογίᾳ
423 265 476 291 τῶν
491 265 718 300 περιστειλάντων
737 266 786 302 τὴν
802 267 937 303 πατρικὴν

154 310 346 346 ἀσχημοσύνην
362 311 512 345 περιλάὸοι·
530 312 577 338 καὶ
594 311 696 348 μηδένα
711 312 758 339 τοῦ
774 312 867 339 λοιποῦ
882 321 938 340 τια-

157 357 310 392 ραχωρήσοι
327 357 454 391 γενέσθαι
473 357 572 393 βρῶμα
587 358 636 384 καὶ
653 359 765 394 θήραμα
792 359 839 386 τοῦ
853 359 937 395 ἀρχε-

156 401 240 428 κάκου
257 402 349 437 θηρός.
364 403 420 438 Τῆς
431 404 481 438 σῆς
493 404 615 438 κεφαλῆς
627 405 713 439 ἱερᾶς,
728 405 791 437 τοὺς
806 405 875 441 ὑπὲρ
888 406 937 440 τῆς

154 447 265 474 ἐκείνων
277 449 415 484 σωτηρίας
428 448 537 483 ἀγῶνας
561 449 763 485 ἀναδεχομένης
773 471 781 484 ,
797 451 846 477 καὶ
867 452 938 478 κατὰ

154 492 201 519 τοῦ
215 493 303 520 κοινοῦ
325 495 375 529 τῆς
397 494 504 529 φύσεως
520 494 651 530 πολεμίου
665 496 918 532 τροπαιοφορούσης
930 516 937 528 ,

154 539 202 564 καὶ
214 538 263 573 τὴν
275 538 329 565 τῶν
343 539 559 575 πεπλανημένων
575 541 712 576 σωτηρίαν
725 542 784 577 Θεῷ
799 551 939 578 καρποφο-

155 583 256 619 ρούσης
270 585 318 611 καὶ
331 586 533 621 προσαγούσης,
545 582 623 613 δι’ὦν
635 587 682 613 καὶ
695 587 709 613 ὁ
721 587 790 621 προς
806 588 879 622 ἡμᾶς
890 587 938 621 τῆς

156 630 231 662 θείας
256 631 367 666 ἀγάπης
389 631 469 667 ἔρως,
495 632 627 664 ἄσὸεστός
652 642 681 659 τε
699 633 940 669 καὶάδιάρρηκτος

156 676 349 712 συπηρηθείη,
358 678 387 704 ὲν
399 677 473 712 αὑτῷ
486 678 595 714 Χριστῷ
608 678 646 713 τῷ
653 678 772 714 ἀληθινῷ
782 680 841 714 Θεῷ
851 679 938 714 ἡμῶν·

157 723 363 759 πρεσϐευούσης
380 724 430 759 τῆς
455 725 607 759 ὑπεραγίας
629 726 778 760 Δεσποίνης
799 726 878 761 ἡμῶν
890 726 941 761 τῆς

155 769 288 795 Θεοτόχου
299 778 305 785 ·
325 769 379 796 τῶν
391 769 515 797 θεοειδῶν
531 770 654 804 ἀγγέλων
669 791 676 802 ,
698 771 745 797 καὶ
761 772 867 798 πάντων
887 771 941 798 τῶν

157 814 253 847 ἁγίων.
278 815 374 849 Ἀμήν.

177 905 302 914 ———

985 221 1145 250 concilietur
1167 221 1206 249 sic
1225 221 1253 248 in
1275 221 1349 248 illum
1373 221 1472 256 injuria
1490 221 1650 256 procacibus
1663 242 1671 254 ,
1699 229 1768 256 prae—

985 273 1093 303 stetque
1105 272 1134 295 ut
1148 267 1285 295 emendari
1302 267 1438 300 studeant,
1451 272 1531 302 atque
1542 268 1610 295 intra
1622 275 1715 295 eorum
1731 269 1769 295 al-

986 315 1056 350 legat
1072 319 1183 347 sortem,
1205 313 1250 348 qui
1277 318 1418 348 paternam
1437 313 1600 340 obtexerunt
1625 313 1769 348 turpitudi-

986 368 1048 387 nem
1063 368 1070 387 :
1085 359 1275 394 neminemque
1298 359 1426 394 deinceps
1451 367 1540 387 escam
1567 360 1638 387 sinat
1660 359 1718 386 ﬁeri
1743 363 1770 386 et

986 405 1105 441 praedam
1119 405 1193 438 [οι-ω,
1212 413 1272 440 quae
1288 405 1420 432 malorum
1433 409 1528 432 auctor
1544 412 1576 432 ac
1591 413 1691 440 auspex
1708 409 1767 437 est;

986 451 1050 478 dum
1065 451 1250 479 venerandum
1267 454 1348 486 caput
1372 455 1458 485 tuum,
1481 459 1531 486 pro
1554 452 1662 479 illorum
1683 452 1770 479 salute

987 497 1136 524 certamina
1162 496 1298 530 sustinet,
1324 503 1351 524 et
1370 497 1500 525 adversus
1524 505 1696 525 communem
1719 498 1769 525 hu—

987 543 1061 570 mani
1076 543 1183 578 generis
1196 543 1303 570 hostem
1322 548 1422 579 tropaea
1435 544 1523 579 erigit;
1540 543 1714 579 fructumque
1731 551 1772 571 sa-

987 586 1051 614 lutis
1070 594 1164 614 eorum
1180 587 1227 622 qui
1243 595 1335 615 errore
1356 588 1423 623 lapsi
1446 593 1510 616 sunt
1526 588 1580 616 Deo
1605 589 1671 621 edit.
1693 588 1772 623 eique

988 632 1078 665 aﬁ‘ert,
1101 633 1200 667 quibus
1219 638 1247 660 et
1270 633 1367 661 divinae
1382 634 1521 662 charitatis
1541 642 1604 670 erga
1623 642 1673 661 nos
1696 642 1772 662 amor

989 678 1216 714 inexstinguibilis
1233 679 1466 714 inconcussusque
1480 679 1620 712 consistat;
1635 679 1662 706 in
1677 679 1770 706 eodem

989 724 1096 751 Christo
1116 729 1143 751 et
1158 725 1213 751 Deo
1229 729 1335 757 nostro,
1354 724 1585 752 intercedentibus
1604 724 1771 752 sanctissima

990 770 1103 797 Domina
1118 775 1210 798 nostra
1218 769 1266 797 Dei
1275 770 1423 803 Genitrice,
1431 770 1588 805 angelisquc
1596 770 1773 798 deiformibus

953 812 977 840 B
991 823 1022 843 ac
1034 815 1134 843 sanctis
1149 816 1286 843 omnibus.
1303 817 1398 843 Amen.

422 974 606 1014 PHO'I‘II
646 974 1008 1015 EPISTOLARUM
1041 975 1192 1015 LIBER
1228 974 1511 1015 SECUNDUS.

246 1064 425 1094 EPISTOLAE
449 1065 495 1093 AD
513 1065 711 1098 EPISCOPOS,
727 1064 909 1098 CLERICOS,
931 1064 1126 1099 llIONAClIOS,
1143 1064 1455 1098 SANCTIMONIALES,
1468 1065 1677 1100 PLERUMQUE

494 1123 712 1156 FAMILIARES,
727 1123 1027 1152 COMMENDATITUE
1050 1124 1120 1152 AUT
1143 1123 1436 1152 CONSOLATORIE.

686 1289 796 1314 SERIES
814 1289 921 1314 PRIMA.
941 1302 971 1307 -—
987 1289 1031 1314 AD
1049 1288 1230 1314 EPISCOPOS.

459 1361 570 1388 ΕΠΙΣΤ.
590 1361 630 1388 Λ’.

283 1405 407 1441 Ἰωάννῃ
418 1408 622 1443 μητροπολίτῃ
641 1408 822 1441 Ἡρακλείας.

1318 1359 1425 1387 EPIST.
1447 1360 1469 1388 Ι.

1155 1407 1251 1433 Joanm'
1271 1406 1442 1440 metropolitw
1461 1406 1604 1434 Heraclea.

795 1464 929 1489 Montacut.
943 1464 994 1495 (ep.
1009 1464 1034 1493 9,
1046 1471 1070 1495 p.
1088 1463 1138 1492 72).

201 1516 372 1553 ’Δτιολοφύρῃ
397 1517 432 1544 τὰ
446 1517 479 1544 σὰ
489 1537 497 1550 ,
514 1517 555 1543 ὃτι
574 1517 607 1544 τὰ
622 1517 744 1553 ἡμέτερα
758 1519 875 1552 ἀγνοεῖς.
891 1517 944 1544 Είδ’

1033 1517 1121 1544 Tuum
1138 1516 1223 1552 ipsius
1236 1516 1362 1552 deploras
1375 1519 1487 1548 statum,
1515 1523 1578 1543 nam
1593 1515 1701 1550 ignoras
1715 1523 1779 1542 nos-

161 1563 177 1591 ὃ
192 1563 342 1599 πάσχομεν,
357 1563 442 1599 ᾔδεις,
455 1563 503 1590 καὶ
519 1563 587 1598 πρὸς
602 1563 674 1595 οἵους
693 1563 791 1595 ἄθλους
804 1563 863 1590 καθ’
880 1564 945 1591 ἑκά-

161 1618 228 1645 στην
244 1609 433 1644 ἀποδυόμεθα,
463 1606 538 1645 οἴμαι
559 1609 592 1637 ἄν
615 1618 645 1636 σε
661 1609 756 1636 λυπεῖν
780 1611 812 1636 τὸ
824 1610 873 1642 τὰς
898 1610 947 1641 σὰς

160 1656 319 1692 ἐξαριθμεῖν
333 1655 380 1682 καὶ
395 1655 504 1691 θρηνεῖν
518 1656 673 1691 συμφοράς.
691 1656 746 1682 Καὶ
758 1655 812 1682 τῶν
829 1655 948 1691 βροντῶν

160 1702 216 1736 γὰρ
234 1701 298 1733 τοὺς
318 1701 454 1734 ἐξαισίους
475 1702 572 1737 ἤχους,
588 1701 697 1728 ἐπειδὰν
722 1701 790 1728 πολὺ
807 1702 948 1737 καταρρα-

161 1748 242 1781 γῶσι,
259 1746 379 1782 μείζους,
396 1749 452 1779 τοῖς
475 1748 542 1774 ὠσὶν
559 1747 671 1778 ἀλύπως
687 1748 782 1782 φέρειν
801 1747 912 1782 μᾶλλον,
929 1747 946 1782 ἢ

162 1794 304 1829 πρότερον,
320 1793 476 1826 ἐθιζόμεθα.
493 1794 526 1820 Τί
542 1791 588 1820 οὖν
605 1794 646 1820 δεῖ
659 1793 790 1828 ποιεῖν;ἢ
808 1793 948 1829 καρτερῶς

165 1838 287 1865 ὲναθλείν
298 1840 355 1870 τοῖς
371 1839 554 1873 ἐμπίπτουσιν
565 1847 572 1854 ο
587 1838 708 1873 ἀκριὸῶς
726 1838 840 1870 εἰδότας,
856 1838 917 1865 καθ’
931 1838 949 1865 ἃ.

160 1885 194 1919 δή
209 1893 261 1911 που
277 1884 324 1911 καὶ
345 1885 380 1911 τὰ
394 1884 453 1911 θεῖα
469 1885 516 1912 καὶ
532 1885 591 1920 ἱερὰ
612 1883 824 1919 διαμαρτύρεται
845 1884 947 1918 Λόγια,

162 1931 200 1961 ὡς
216 1931 230 1957 ὁ
241 1929 337 1967 παρὼν
360 1930 417 1965 βίος
426 1931 476 1957 οὐκ
498 1931 556 1957 ἐστι
570 1931 676 1966 τρυφῆς
692 1931 739 1957 καὶ
753 1930 886 1966 βραδείων
902 1931 948 1956 καὶ

163 1975 299 2007 ἐπάθλων,
311 1976 368 2003 ἀλλ’
383 1976 498 2010 ἀγώνων
512 1976 559 2002 καὶ
574 1975 662 2002 πόνων
677 1976 724 2002 καὶ
738 1975 946 2010 παλαισμάτων·

162 2023 197 2048 τὰ
215 2022 243 2048 δὲ
256 2022 336 2057 γέρα,
356 2022 404 2049 καὶ
422 2022 486 2054 τοὺς
502 2022 660 2056 στεφάνους,
675 2022 722 2048 καὶ
735 2021 784 2056 τὴν
799 2021 949 2048 ἀπόλαυσιν

163 2067 268 2094 ἐκεῖθεν
293 2068 431 2103 προσῆκεν
453 2068 604 2102 ἐπιζητεῖν,
632 2067 756 2099 ἐκεῖθεν,
776 2066 800 2092 εί
826 2066 863 2102 μὴ
878 2066 949 2102 μέγα

164 2114 263 2147 εἰπεῖν,
278 2114 345 2141 Θεοῦ
359 2114 551 2150 φιλανθρωπίᾳ
565 2114 612 2141 καὶ
625 2114 789 2153 εὑρήσομεν.

473 2255 585 2282 ΕΠΙΣΤ.
605 2256 642 2283 B'.

284 2302 439 2334 Εὑσταθίῳ
453 2301 618 2336 πατριάρχῃ
639 2301 825 2335 Ἀντιοχείας.

999 1567 1081 1590 trum.
1094 1562 1172 1596 Quod
1188 1562 1211 1590 si
1225 1562 1269 1589 illa
1284 1569 1472 1598 cognosceres,
1493 1569 1553 1596 quae
1577 1568 1627 1589 nos
1649 1561 1776 1596 patimur,

999 1613 1024 1634 et
1041 1607 1075 1634 ad
1090 1614 1149 1642 quae
1165 1607 1312 1634 certamina
1327 1606 1449 1642 quotidie
1464 1605 1666 1639 descendimus,
1682 1605 1779 1641 opinor

999 1656 1025 1680 te
1039 1652 1112 1680 nolle
1130 1652 1244 1679 ulterius
1257 1651 1381 1687 proprias
1393 1655 1453 1678 tuas
1464 1657 1625 1678 enumerare
1636 1650 1679 1678 vel
1688 1650 1780 1685 deplo-

1000 1704 1060 1724 rare
1075 1697 1207 1724 miserias.
1222 1696 1376 1724 Fulminum
1394 1700 1468 1723 certe
1484 1703 1566 1723 sonos
1582 1701 1609 1723 et
1628 1695 1778 1723 tonitruum

1000 1742 1144 1774 infaustos,
1172 1742 1236 1770 dum
1260 1742 1363 1777 majore
1385 1749 1447 1769 cum
1467 1741 1582 1769 horrore
1602 1741 1779 1774 incutiantur,

999 1796 1059 1816 cum
1073 1793 1148 1815 metu
1163 1787 1278 1815 sufferre
1298 1787 1444 1815 assuefacti
1465 1794 1561 1814 sumus
1587 1787 1683 1819 multo,
1699 1794 1780 1821 quam

999 1834 1075 1866 olim,
1098 1833 1214 1861 minore.
1243 1832 1313 1865 Quid
1334 1831 1467 1868 agendum
1489 1832 1592 1867 igitur?
1612 1830 1685 1858 Nihil
1707 1835 1781 1858 certe

999 1881 1072 1908 aliud
1081 1887 1163 1915 quam
1179 1879 1330 1906 animosius
1346 1877 1486 1906 colluctari
1506 1885 1569 1905 cum
1584 1877 1618 1905 iis
1638 1885 1699 1912 quze
1711 1877 1782 1905 acci-

998 1926 1115 1953 derunt:
1130 1929 1161 1951 ut
1179 1923 1226 1959 qui
1237 1923 1356 1952 sciamus
1372 1923 1485 1958 optime,
1501 1915 1586 1958 quod.
1598 1930 1674 1950 sacra
1704 1922 1782 1949 nobis

999 1975 1027 1998 ct
1044 1970 1135 1998 divina
1155 1969 1265 1997 oracula
1282 1973 1440 2004 suggerunt,
1462 1976 1517 1996 non
1533 1976 1593 1996 eSse
1607 1969 1690 1996 vitam
1712 1968 1783 1995 hanc

998 2020 1161 2052 prmsentem
1175 2015 1240 2043 luxu
1254 2014 1459 2046 transeundam,
1476 2014 1548 2041 haud
1565 2014 1593 2041 in
1606 2014 1652 2041 illa
1668 2013 1783 2042 corollas

999 2066 1028 2090 et
1046 2061 1159 2096 praemia
1178 2059 1404 2092 condonari,-sed
1416 2060 1579 2091 certamina,
1596 2059 1714 2089 labores.
1727 2059 1783 2086 col-

999 2108 1165 2135 Iuctamenta
1204 2106 1364 2139 suhelmda;
1402 2106 1622 2139 retributionem,
1656 2112 1781 2137 coronas,

1000 2141 1160 2181 fr‘uitionem
1175 2152 1237 2180 inde
1249 2152 1443 2188 exspectanda.
1456 2151 1529 2179 unde
1542 2151 1636 2184 etiam,
1651 2151 1679 2178 id
1691 2155 1734 2178 est
1749 2151 1785 2179 de

965 2199 988 2227 D
1002 2200 1081 2234 coelo,
1097 2207 1146 2235 per
1163 2199 1282 2227 divinam
1300 2199 1513 2226 misericordiam
1536 2198 1580 2225 illa
1602 2199 1782 2226 inveniemus.

1313 2253 1420 2281 EPIST.
1440 2254 1473 2281 II.

1135 2300 1273 2328 Eustathia
1298 2300 1457 2335 patriarcha:
1481 2300 1650 2327 Antias/aeno.

803 2356 936 2381 Montacut.
949 2358 1001 2388 (ep.
1018 2357 1057 2387 11,
1070 2363 1095 2388 p.
1107 2356 1158 2387 75).

200 2413 255 2448 Τῆς
266 2411 327 2439 ὁδοῦ
344 2411 376 2438 τδ
391 2411 489 2446 μῆκος,
506 2410 553 2437 καὶ
572 2410 626 2437 τῶν
645 2411 750 2446 ἐχθρῶν
764 2411 778 2436 ὁ
793 2410 885 2445 φόϐος,
901 2411 949 2438 λα-

165 2459 281 2490 κονίξειν
299 2459 367 2494 ἡμῖν
388 2457 559 2484 ὑποτίθεται·
583 2457 630 2483 καὶ¹
654 2457 711 2491 εῐγε
734 2456 860 2492 ἀλλήλοις
885 2465 948 2483 συν-

163 2506 264 2538 έκειτο,
276 2504 323 2530 καὶ
345 2503 477 2530 σκυτάλαι
503 2503 536 2530 ἂν
551 2503 601 2538 τὴν
620 2502 765 2537 επιστολὴν
784 2501 947 2537 διεκόμιζον.

164 2550 247 2577 Φασὶν
270 2549 317 2576 οὖν
345 2558 391 2575 σου
416 2549 466 2584 τὴν
493 2549 631 2585 ἱερατικὴν
657 2549 816 2583 τελειότητα
833 2550 899 2584 ὲρᾷν
918 2558 948 2576 τε

164 2596 256 2632 ὴμῶν,
280 2595 329 2622 καὶ
355 2595 419 2622 ἰδεῖν
442 2595 584 2630 ἐφίεσθαι·
608 2596 654 2622 καὶ
671 2596 752 2630 ἡμεῖς
769 2595 809 2629 δὲ,
825 2596 891 2628 ῐσθι,
913 2596 951 2628 ὼς

165 2643 242 2670 οὐδὲν
263 2642 375 2669 ἔλαττον
393 2642 434 2675 (τι
452 2642 507 2677 γὰρ
527 2643 580 2678 χρὴ
595 2643 655 2669 νυνὶ
671 2642 898 2676 διαφιλονικεῖν;)
914 2641 952 2672 ὡς

165 2688 243 2724 παρὰ
258 2688 326 2714 πολὺ
342 2687 433 2720 πλέον,
450 2688 522 2714 κατὰ
531 2688 578 2714 τὸν
592 2688 670 2715 Θεῖον
681 2687 775 2714 τοῦτον
792 2687 881 2722 ἔρωτα
894 2687 952 2714 δια-

167 2733 293 2768 κείμεθα.
319 2733 351 2760 Εί
369 2731 417 2760 οὖν
433 2735 490 2765 τοῖς
509 2733 598 2768 λόγοις
615 2734 663 2761 καὶ
678 2734 793 2770 ἀλήθεια
819 2733 951 2768 ἐπικάθη-

166 2789 222 2812 ται,
235 2780 266 2806 τὺ
280 2779 384 2807 κωλῦον
394 2779 470 2807 οὐδὲν
479 2780 543 2812 τοὺς
555 2780 678 2815 ἀλλήλων
688 2780 818 2816 ἐραστὰς,
836 2780 909 2815 ἔργῳ
920 2788 950 2806 τε

167 2827 214 2852 τὸν
233 2826 313 2853 πόθον
329 2826 513 2862 παραστῆσαι,
529 2827 575 2853 καὶ
593 2826 717 2862 ἀλλήλοις
732 2826 949 2862 ἐμφανισθῆναι,

1042 2411 1096 2438 Viae
1114 2410 1266 2446 longitudo,
1294 2414 1321 2437 et
1336 2410 1455 2438 hostium
1472 2414 1574 2444 metus,
1595 2416 1785 2446 argumentum

1003 2456 1179 2492 suppeditant
1199 2455 1352 2484 laconismi.
1372 2455 1404 2483 Et
1418 2460 1493 2484 certe
1508 2456 1530 2484 si
1545 2457 1597 2484 hoc
1606 2461 1700 2485 mutuo
1714 2459 1785 2493 pacti

1002 2503 1153 2534 fueramus,
1168 2502 1273 2529 scutale
1298 2502 1442 2537 epistolam
1469 2503 1628 2538 expeditam
1655 2505 1785 2533 traderet.

1004 2550 1102 2577 Fertur
1112 2549 1306 2577 sacerdotalem
1315 2553 1389 2577 tuam
1399 2549 1595 2585 perfectionem
1604 2559 1655 2580 nos
1663 2553 1785 2588 diligere,

1004 2600 1032 2623 et
1052 2600 1225 2630 conspectam
1248 2603 1364 2630 cupere:
1388 2596 1498 2624 noveris
1521 2601 1612 2625 autem
1638 2605 1688 2625 nos
1713 2598 1786 2633 (nam

1004 2642 1068 2677 quid
1083 2641 1127 2669 hic
1150 2649 1220 2676 opus
1239 2642 1438 2669 contestatione
1451 2642 1476 2678 ἲ)
1492 2650 1546 2670 non
1560 2644 1660 2676 minus,
1678 2644 1701 2671 si
1732 2652 1787 2672 non

1005 2687 1101 2721 magis,
1117 2687 1169 2714 hoc
1196 2687 1346 2714 secundum
1376 2687 1460 2715 Deum
1488 2687 1587 2716 aﬂ'ectu
1610 2688 1736 2716 detineri.
1759 2690 1788 2716 Si

1008 2732 1101 2759 verbis
1117 2733 1200 2768 igitur
1215 2740 1308 2760 comes
1319 2733 1440 2761 adhaeret
1453 2734 1564 2766 veritas,
1581 2735 1647 2762 nihil
1664 2735 1787 2770 impedit.

1002 2779 1150 2814 quominus
1167 2779 1213 2815 qui
1228 2787 1258 2808 se
1280 2783 1377 2807 mutuo
1390 2779 1505 2815 diligunt
1519 2780 1608 2816 reipsa
1623 2781 1788 2810 desiderium

1003 2825 1162 2860 adimplere,
1178 2826 1256 2854 alteri
1287 2825 1401 2853 alterum
1417 2825 1546 2860 patefieri,
1563 2832 1591 2854 et
1614 2826 1678 2855 imlc
1701 2829 1783 2855 resul-
