1928 3097
147 131 200 162 823

705 131 836 162 PHOTII
855 132 1105 164 PATRIARCHE
1125 133 1179 164 ΟΡ.

1709 129 1761 161 824

150 194 224 217 tante
245 190 383 218 communi
402 189 517 217 utilitate
535 189 672 216 oblectari.
694 189 792 216 Itinera
809 190 931 225 quamvis

990 191 1031 216 ut
1047 190 1096 226 τῆς
1110 190 1223 217 αὐτόθεν
1238 189 1430 225 ἀναφυομένης
1443 188 1536 222 κοινῆς
1548 187 1682 223 ὠφελείας
1695 196 1762 215 κατ-

151 237 241 272 longa,
256 236 302 263 ubi
317 236 367 263 alis
379 235 481 262 amoris
495 234 604 262 dilectio
617 235 771 267 instruitur,
788 241 815 263 et
835 243 931 270 quam-

151 281 193 309 vis
213 281 380 313 difﬁcillima,
400 280 528 315 expedite
553 285 581 307 et
601 280 699 308 leviter
720 285 931 308 transmeantur.

149 328 227 361 Quod
241 332 338 354 caetera
354 326 461 359 attinet,
485 326 594 352 Patrum
614 331 640 353 et
678 326 792 353 fratrum
820 327 932 361 optime,

150 373 209 400 vale
217 382 225 406 ;
233 373 304 400 scias
313 380 363 399 nos
376 376 450 399 tuam
459 376 617 406 exspectare
626 371 808 406 praesentiam.
824 372 932 399 interim

151 418 277 447 desiderii
289 418 424 450 ardorem,
439 425 487 453 spe
497 417 595 444 futurae
608 418 810 446 consecutionis
824 418 932 446 refocil-

152 465 246 492 lemus.
261 463 334 490 Vale.

466 509 580 543 Propria
593 517 674 538 manu
689 510 861 536 curabatur.

458 554 568 582 EPIST.
589 554 634 581 ΙΙΙ.

303 600 400 626 Jaunni
420 601 592 634 metropolilaz
613 601 782 630 Nicomeditt.

981 236 1159 270 ἐντρυφῆσαι.
1179 235 1253 266 Ὁδὸς
1270 236 1323 270 γὰρ
1340 235 1385 262 καὶ
1400 235 1496 269 μῆκος,
1511 233 1552 266 οἷς
1565 234 1580 260 ό
1592 233 1643 269 τῆς
1655 234 1764 268 ἀγάπης

981 281 1051 316 ἔρως
1065 281 1254 315 διεπτέρωται,
1268 280 1318 307 κᾶν
1330 281 1534 315 δυσχερέστατα
1545 279 1600 314 εἴη,
1617 280 1703 315 ῥᾷστα
1718 279 1764 306 καὶ

981 328 1089 362 κούφως
1113 327 1323 363 διεπεραίνεται.
1348 327 1388 353 Τὰ
1415 327 1443 353 δὲ
1465 327 1542 359 ἄλλα,
1568 326 1699 360 Πατέρων
1718 325 1764 352 καὶ

981 373 1103 408 ἀδελφῶν
1130 374 1238 408 ἄριστε,
1269 374 1392 409 ἔρρωσο,
1425 372 1502 404 εἰδὼς
1530 371 1764 407 ἀπεκδεχομένους

984 421 1058 454 ἡμᾶς
1069 420 1118 455 τὴν
1137 421 1186 455 σὴν
1206 420 1367 454 παρουσίαν,
1383 419 1430 446 καὶ
1445 419 1475 445 τὸ
1485 419 1596 450 διακαὲς
1610 419 1658 445 τοῦ
1670 418 1764 450 πόθου,

983 467 1017 501 τῇ
1031 465 1119 493 ἐλπίδι
1132 466 1182 501 τῆς
1197 465 1339 500 ἐπιτυχίας
1349 465 1545 499 ἀναψύχοντας.
1560 465 1694 500 Ἐρρωω.

1371 510 1502 545 Ἐγζρὰφη
1517 510 1696 545 αὐτοχειρίᾳ.

1295 555 1408 583 ΕΠΙΣΤ.
1427 556 1463 583 Γ.

1093 601 1217 635 Ἰωάννῃ
1237 602 1444 636 μητροπολιτῃ
1458 601 1663 636 Νικομηδείας.

785 647 917 672 Monlaeut.
932 647 982 672 (en.
999 647 1037 672 17.
1050 654 1075 672 υ.
1087 647 1138 672 77L

785 647 917 672 Monlaeut.
932 648 937 677 1

187 687 243 714 Nec
259 687 374 715 illudcre
392 688 464 721 novi,
480 697 532 716 nec
549 689 623 716 ferre
644 689 788 717 illudentes
811 697 932 724 possum.

999 647 1037 676 17,
1069 665 1075 672 .
1087 648 1116 671 77
1132 667 1138 672 .

1019 654 1088 717 θεῖτε
1107 647 1215 722 τέαίζειν
1236 687 1310 721 οἶδα,
1324 689 1386 716 οὔτε
1402 689 1554 721 ’παιζόντων
1568 689 1721 725 ἀνέχεσθαι.
1737 689 1768 715 Εἰ

151 733 180 762 Si
195 738 222 760 tu
238 734 319 761 homo
335 734 438 769 antiqui
453 734 520 762 adeo
539 735 632 768 moris,
658 740 685 762 ct
702 735 816 770 simplex
840 735 935 767 fueris,

153 783 183 806 ut
202 786 264 805 cum
280 779 329 806 sim
337 787 369 806 us
386 780 480 808 allecti
497 781 681 812 contumeliis,
696 780 755 815 eius
775 788 856 808 sensu
881 788 935 808 non

153 823 224 859 tangi
241 824 339 851 debere
351 832 410 857 nos,
426 825 556 860 opineris,
570 825 641 852 haud
656 833 764 860 aequum
777 829 847 858 erat,
863 830 892 852 ut
907 830 936 852 tu

154 876 203 896 nos
220 869 345 900 laederes,
363 877 396 897 eo
408 870 475 897 ‘ﬁne
486 870 562 905 quasi
576 878 681 897 morum
697 875 805 897 tuorum
831 870 935 904 simpli-

154 914 221 941 citas
233 914 340 949 culpam
348 919 519 947 extenuaret,
535 920 563 942 et
576 915 704 942 leviorem
721 915 855 942 redderet.
867 915 935 942 Cum

155 967 218 987 vero
241 968 290 994 per
314 959 369 992 illa,
395 968 456 995 quae
477 968 559 988 ausus
577 969 606 988 es
634 961 734 993 facere,
760 961 880 988 studiese
907 961 934 988 id

154 1006 251 1040 egeris;
269 1011 298 1033 ut
316 1013 427 1034 sensum
441 1015 549 1034 onmem
565 1015 580 1034 a
599 1007 678 1034 nobis
691 1007 817 1034 sull‘urari
830 1016 933 1042 posses,

155 1050 206 1077 hac
221 1055 265 1077 tua
280 1051 434 1078 rusticitate
447 1052 547 1080 duxisti
573 1053 705 1088 ingestam
731 1053 811 1080 nobis
834 1054 936 1081 calum-

155 1096 226 1123 niam
238 1105 244 1123 :
255 1104 307 1124 nec
321 1097 425 1124 resilire
438 1098 540 1133 poteris
554 1099 587 1126 ad
605 1099 676 1126 illam
692 1106 772 1134 quam
786 1099 813 1126 in
826 1107 934 1127 scenam

155 1141 281 1176 producis
307 1143 386 1170 nobis
420 1143 570 1171 levitatem.
601 1145 792 1172 Verumtamen
820 1154 855 1173 ne
882 1154 935 1173 non

155 1191 208 1213 tam
222 1187 386 1222 corrigendi,
403 1195 484 1222 quam
502 1188 633 1223 puniendi
649 1196 729 1215 causa
740 1189 832 1216 videar
846 1197 937 1224 repre-

155 1232 314 1259 hensionem
331 1236 448 1266 struere,
465 1241 526 1260 cum
548 1233 663 1268 iustitiae
686 1233 776 1261 omnia
803 1235 935 1261 scrutanti

153 1281 181 1303 et
196 1278 349 1311 pervitlenti
366 1279 533 1308 satisfecisse
560 1279 774 1314 deprehenderis
788 1288 835 1314 pro
863 1280 933 1314 inju-

154 1322 201 1349 riis
214 1326 241 1349 et
254 1324 426 1351 contumeliis
440 1324 539 1358 quibus
551 1332 645 1351 sumus
662 1324 762 1356 allecti.
778 1330 834 1352 tum
854 1330 935 1353 temet

984 732 1031 762 οὖν
1045 735 1131 766 οὕτως
1148 734 1181 771 ᾗς
1202 735 1409 770 αὺτὺςσὰρχαῖος
1423 735 1470 762 καὶ
1494 735 1605 766 ἁπλοῦς,
1621 734 1690 762 ὥστε
1707 735 1768 770 μηδ’

985 781 1057 816 ἡμᾶς
1080 779 1368 816 προπηλακιζομένους
1393 780 1569 808 αἰσθάνεσθαι
1583 780 1699 812 οῐεσθαι,
1719 780 1769 806 οὐκ

985 826 1039 852 ἔδει
1064 834 1093 852 σε
1116 827 1290 860 κακουργεῖν,
1314 826 1358 852 ἵνα
1385 826 1431 852 σοῦ
1451 826 1481 853 τὸ
1504 826 1654 861 ἁμάρτημα
1679 826 1696 860 ἡ
1715 824 1770 851 τῶν

985 870 1057 905 ἠοῶν
1071 871 1190 906 ἁπλότης
1208 870 1312 897 ἐδείκνυ
1330 871 1503 905 κουφότερον.
1524 871 1598 897 Ἐπεὶ
1612 870 1641 896 δὲ
1655 870 1704 896 καὶ
1722 871 1770 905 τὴν

985 916 1111 950 αἴσθησιν
1128 916 1217 951 ἡμῶν,
1237 916 1272 942 δι’
1283 914 1319 943 ὧν
1336 916 1499 951 ἐτόλμησας,
1518 915 1632 951 μελέτην
1646 915 1707 942 ἔθου
1721 915 1771 951 λῃ-

986 962 1108 994 στεῦσαι,
1125 963 1172 988 καὶ
1186 962 1335 998 δυστροπίᾳ
1348 962 1397 998 τὴν
1417 962 1477 989 καθ’
1499 962 1577 998 ἡμῶν
1592 961 1670 996 ὓϐριν
1687 961 1772 997 ηὔξη-

986 1016 1035 1039 σας
1046 1015 1053 1022 ·
1075 1008 1205 1041 οὐδεμίαν
1220 1007 1292 1043 ἔχεις
1306 1007 1481 1043 ἀναχώρησιν
1495 1009 1535 1039 εἰς
1557 1007 1604 1043 τὴν
1618 1006 1677 1034 νυνὶ
1696 1006 1773 1042 παρὰ

986 1053 1033 1080 σοῦ
1057 1054 1307 1089 σκηνοποιουμένην
1323 1054 1488 1089 κουφότητα.
1505 1054 1579 1090 Πλὴν
1592 1053 1636 1080 ἶνα
1648 1052 1686 1088 μὴ
1703 1051 1774 1084 δόξω

987 1099 1032 1125 τὺν
1052 1099 1161 1134 ἔλεγχον
1177 1099 1300 1133 ἐπάγειν,
1318 1100 1348 1125 οὐ
1364 1099 1533 1134 διορθώσεως
1553 1098 1621 1125 ἀλλὰ
1636 1098 1773 1128 κολάσεως

985 1144 1076 1176 ἕνεκα,
1093 1144 1137 1171 ὅτε
1151 1145 1183 1180 τῇ
1196 1145 1361 1180 παντεφόρῳ
1378 1145 1441 1180 δίκῃ
1459 1145 1538 1176 δίκας
1558 1143 1772 1179 εἰσπράττεσθαι

984 1190 1034 1224 τῆς
1047 1191 1085 1221 εἰς
1099 1191 1172 1225 ἡμᾶς
1186 1190 1353 1225 κακουργίας
1365 1191 1411 1216 καὶ
1423 1190 1538 1225 ὕϐρεως,
1551 1190 1588 1221 ὼς
1601 1189 1682 1221 αὐτὸς
1695 1189 1772 1224 ὁρᾷς.

986 1235 1088 1267 ἑάλως·
1111 1236 1170 1262 τότε
1194 1244 1223 1262 σε
1239 1236 1289 1270 τῆς
1315 1236 1364 1270 σῆς
1380 1236 1487 1267 δικαίας
1509 1236 1604 1271 ποινῆς
1622 1235 1692 1261 ὲκὼν
1716 1235 1774 1261 ἀδι-

986 1280 1085 1307 κοῦντα
1097 1281 1210 1317 ἀφίημι,
1223 1281 1301 1308 τοῦτο
1316 1282 1395 1317 μόνον
1417 1281 1550 1314 ἐπειπὼν,
1565 1281 1602 1313 ὡς
1617 1280 1775 1315 μεμνῆσθαί

987 1335 1016 1353 σε
1040 1327 1104 1363 χρὴ,
1131 1327 1171 1354 ὅτι
1203 1328 1240 1363 μὴ
1259 1329 1291 1362 τῇ
1309 1329 1342 1363 σῇ
1361 1327 1416 1354 τῶν
1436 1328 1545 1362 τρόπων
1563 1326 1713 1361 κακοηθείᾳ
1726 1325 1778 1353 καὶ

153 1376 203 1402 ego
219 1368 318 1403 injuria
337 1377 380 1396 me
397 1369 560 1397 atlicientem
575 1369 662 1397 libens
677 1370 773 1397 merito
789 1371 937 1398 immunem

990 1373 1131 1409 δεινότητι,
1157 1374 1218 1410 (ἐφ’
1238 1373 1279 1406 οἷς
1306 1374 1370 1405 ἴσως
1389 1373 1461 1408 μέγα
1480 1372 1605 1408 φρονεῖς)
1621 1374 1654 1407 τῇ
1669 1371 1691 1398 δ’
1707 1372 1776 1406 ἡμε-

154 1413 287 1441 dimittam
301 1423 316 1442 a
332 1415 474 1451 supplicio,
487 1416 539 1443 hoc
552 1420 657 1442 tantum
677 1416 933 1450 commonefaciens,

155 1459 233 1493 cujus
247 1466 354 1495 oportet
367 1461 532 1492 meminisse,
549 1469 649 1496 nempe
666 1470 774 1496 poenam
790 1467 818 1489 et
833 1464 936 1498 suppli-

988 1419 1055 1455 τέρᾳ
1089 1421 1144 1447 τῶν
1169 1420 1415 1447 ὲπιᾶουλευοέντων
1445 1419 1608 1455 χρηστότητι
1639 1416 1777 1453 (Χριστοῦ

989 1466 1042 1501 γάρ
1059 1467 1143 1502 ἐσμεν
1157 1466 1300 1502 μαθηταὶ),
1316 1466 1365 1501 τὴν
1377 1465 1512 1501 τιμωρίαν
1529 1465 1666 1499 διέφυγες.

155 1505 225 1532 cium
242 1511 269 1534 te
283 1507 482 1543 subterfugisse
494 1515 549 1535 non
565 1513 677 1542 propter
692 1515 799 1535 morum
824 1513 932 1537 tuorum
953 1512 996 1538 vel
1015 1513 1191 1546 scaevitatem,
1225 1514 1268 1542 vel
1291 1514 1391 1542 malam
1417 1512 1656 1542 consuetudinem,
1689 1509 1778 1545 (unde

155 1553 291 1588 fortassis,
308 1555 392 1582 altum
420 1555 517 1590 sapis,)
531 1556 578 1583 sed
607 1563 655 1591 per
674 1561 807 1590 nostram,
836 1558 936 1593 quibus
956 1559 1139 1594 insidiabaris,
1159 1563 1320 1595 bonitatem,
1354 1562 1458 1598 quippe
1490 1561 1537 1596 qui
1566 1560 1651 1588 simus
1675 1557 1780 1586 Christi

154 1600 278 1636 discipuli
293 1606 321 1630 et
331 1606 490 1630 sectatores.

459 1647 568 1675 EPIST.
588 1647 632 1675 IV.

329 1694 434 1729 Ignatio
449 1693 598 1729 Lophorum
624 1694 753 1729 episcopo.

1303 1653 1415 1679 ΕΠΙΣΤ.
1432 1653 1468 1679 Δ’.

1162 1697 1295 1732 ἰιινατίῳ
1310 1697 1467 1731 ἐπισκόπῳ
1484 1697 1602 1732 Δόφων.
1629 1718 1638 1730 ,

781 1742 924 1773 (Montacut.
942 1744 993 1776 (ep.
1008 1744 1048 1774 25,
1059 1744 1143 1775 p.8t).

192 1782 268 1809 Dolet
284 1782 333 1809 tibi
350 1781 422 1816 quod
450 1782 588 1809 inhibeam
605 1781 653 1809 tibi
669 1782 769 1816 injuste
796 1791 894 1818 agere;
912 1788 940 1810 at

156 1828 221 1856 mihi
239 1826 323 1863 magis
335 1827 408 1862 juste
424 1827 516 1854 dolere
530 1827 620 1859 debet,
640 1826 711 1858 quod
736 1834 790 1853 non
823 1827 938 1862 impedi~

155 1872 240 1899 vcrim
270 1872 328 1898 haec
362 1871 420 1905 ipsa
452 1871 583 1897 exordiri.
613 1870 660 1897 Sin
691 1871 811 1897 dolorem
847 1879 938 1899 meum

155 1917 294 1945 occultum
306 1924 419 1946 necesse
433 1921 475 1943 est
491 1916 578 1948 eﬂari,
592 1918 662 1951 quod
678 1917 738 1951 ipse
756 1917 806 1944 tibi
825 1925 934 1944 causam

157 1962 338 1994 cxhibuerim,
359 1962 431 1989 unde
446 1970 507 1990 cum
524 1962 580 1989 fieri
598 1963 709 1990 volebas
724 1963 875 1997 improbus,
890 1964 937 1990 im-

156 2009 256 2044 probus
276 2015 371 2035 revera
389 2016 450 2035 esse
474 2009 571 2042 possis,
588 2009 664 2036 vides
692 2013 722 2035 ut
749 2009 939 2043 mcmctipsum
952 1999 979 2028 Ῑ)

155 2058 293 2081 auctorem
312 2053 365 2080 tuis
383 2053 602 2088 improbitatibus
615 2054 759 2081 ascribam.
777 2055 847 2087 Quid
872 2056 940 2082 reris

157 2099 191 2126 de
210 2106 252 2125 mc
263 2098 362 2125 dicturi
378 2103 442 2125 sunt
459 2098 515 2130 alii,
533 2106 595 2125 cum
611 2099 644 2125 de
668 2099 723 2126 tuis
742 2099 819 2126 lactis
834 2101 942 2135 ringatt-

158 2151 211 2176 tur,
225 2152 313 2179 neque
330 2144 432 2171 habent
455 2145 579 2172 elabendi
603 2144 781 2172 facultatem?
805 2147 941 2181 quomodo

156 2192 275 2218 laturum
287 2191 396 2217 illorum
414 2190 584 2222 alll‘ictiones,
602 2199 717 2225 quarum
743 2196 771 2218 tu
800 2199 830 2218 es
850 2192 942 2219 archi-

157 2241 255 2269 tectus,
270 2245 443 2264 communem
473 2236 617 2264 Dominum
637 2238 728 2264 reris?
742 2237 839 2265 Annon
858 2238 942 2266 infes—

157 2288 214 2310 tum
241 2284 390 2318 experiere,
423 2283 470 2318 qui
499 2283 635 2310 hominem
662 2284 783 2310 avexerit
813 2284 942 2319 dignitate

156 2338 231 2361 cum,
259 2337 341 2364 quem
372 2337 423 2364 par
459 2334 517 2356 erat
552 2337 614 2356 cum
639 2329 739 2356 inﬁmis
771 2331 942 2357 subditorum

156 2375 316 2402 accenseri?
335 2376 384 2402 hoc
412 2376 494 2402 modo
520 2383 563 2402 me
580 2378 607 2401 in
635 2379 661 2401 te
676 2376 824 2402 animatum
854 2380 940 2410 puta:

157 2422 228 2456 quod
246 2422 267 2449 si
287 2430 342 2449 non
359 2423 475 2450 libenter
491 2427 520 2450 et
533 2422 696 2457 quantocius
716 2423 839 2457 improbe
863 2431 943 2458 agerc

157 2468 299 2501 desiveris,
318 2469 387 2496 scito
414 2468 484 2495 mihi.
513 2469 671 2495 incmnbcre
697 2468 898 2500 necessitatem,
914 2473 945 2496 ut

159 2518 186 2541 lc
211 2513 321 2547 penitus
349 2521 363 2540 a
392 2513 533 2548 meiipsius
550 2518 579 2541 et
601 2513 731 2541 Ecclesia:
751 2514 944 2541 communione

157 2559 323 2588 abscindam.

465 2605 574 2634 EPIST.
596 2606 627 2633 Υ,

300 2652 409 2687 Georgia
436 2651 596 2679 Nicomediae
621 2651 802 2685 metropolittz.

1035 1785 1151 1817 ’Δλγεῖς,
1174 1784 1215 1810 ὅτι
1229 1793 1258 1811 σε
1272 1783 1320 1811 νῦν
1335 1783 1479 1810 ἀδικοῦντα
1494 1782 1649 1810 διακωλὺιυ’
1670 1782 1727 1816 ἐγὼ
1749 1778 1782 1808 δὲ

995 1831 1094 1866 μᾶλλον
1109 1830 1155 1857 καὶ
1180 1829 1357 1865 δικαιότερον,
1372 1830 1412 1856 ὅτι
1429 1829 1466 1864 μὴ
1481 1829 1567 1855 πάλαι
1579 1828 1640 1864 μηδ’
1658 1828 1753 1863 ἄρχειν
1765 1835 1777 1846 ἰ

991 1876 1118 1912 τοιαύτης
1136 1876 1271 1910 πράξεως.
1288 1876 1319 1902 Εί
1332 1876 1358 1901 δὲ
1377 1875 1425 1902 καὶ
1436 1875 1467 1901 τὺ
1485 1875 1549 1909 ἐμὸν
1563 1873 1679 1909 κρύφιον
1696 1872 1780 1906 ἄλγος

991 1924 1052 1950 δέον
1075 1923 1193 1956 ἐξειπεῖν
1212 1923 1252 1949 ὅτι
1271 1930 1312 1948 σοι
1328 1922 1464 1957 παρέσχον
1480 1920 1618 1955 ἀφορμὴν,
1633 1919 1665 1946 δι’
1679 1916 1713 1954 ἧς
1727 1927 1777 1945 κα-

991 1969 1069 2000 κῶςδ
1087 1967 1238 2003 βουληθεὶς,
1257 1967 1388 2002 ἐδυνήθης
1413 1965 1551 2000 γενέσθαι,
1573 1966 1649 2000 ὁρᾷς,
1666 1964 1704 1996 ὡς
1722 1963 1782 1989 τῶν

993 2014 1048 2040 σῶν
1065 2014 1252 2048 ἀδικημάτων,
1269 2013 1350 2044 αὐτὸς
1364 2012 1481 2047 ἐμαυτὸν
1496 2012 1579 2038 αἴτιον
1599 2011 1654 2044 ἐγὼ
1669 2009 1779 2045 γράφω.

994 2060 1027 2085 Τί
1049 2059 1082 2086 ἂν
1105 2057 1151 2086 οὖν
1166 2059 1215 2085 οἴει
1237 2058 1300 2090 τοὺς
1321 2058 1416 2089 ἄλλους
1432 2058 1521 2092 λέγειν
1537 2058 1601 2092 περὶ
1617 2055 1694 2091 ἐμοῦ,
1715 2056 1780 2082 ὅταν

990 2107 1046 2137 τοῖς
1064 2106 1119 2136 σοῖς
1142 2104 1284 2137 ἀνιῶνται,
1308 2103 1356 2130 καὶ
1383 2105 1479 2138 φυγεῖν
1502 2103 1553 2129 οὐκ
1567 2102 1670 2137 ἔχουσι,
1695 2100 1724 2128 τὸ
1742 2101 1783 2136 μὴ

991 2151 1133 2186 δυαρορεϊν
1142 2156 1152 2169 ε
1165 2159 1172 2184 ;
1191 2150 1248 2181 πῶς
1263 2150 1291 2176 δὲ
1303 2151 1359 2181 τοῖς
1370 2150 1490 2181 ἐκείνων,
1504 2148 1573 2184 ἆπερ
1586 2148 1666 2179 αὐτὸς
1678 2146 1780 2177 διέθου,

992 2198 1163 2232 παθήμασιν,
1180 2198 1211 2224 οὐ
1234 2197 1279 2224 ’τὸν
1302 2197 1391 2223 κοινὸν
1412 2197 1549 2231 Δεσπότην
1567 2196 1693 2230 εὑρήσειν
1715 2194 1779 2221 δυσ-

994 2244 1073 2279 μενῆ,
1103 2243 1189 2279 ἀρχὴν
1212 2244 1412 2279 ἐγχειρήσαντα
1435 2243 1528 2278 ἀνδρὶ,
1552 2239 1574 2276 ᾧ
1601 2243 1727 2276 γρείσσον
1746 2238 1781 2276 ἦν

992 2290 1049 2321 τοῖς
1062 2289 1115 2315 τῶν
1133 2289 1292 2324 ἀρχομένων
1307 2289 1429 2324 ἐσχάτοις
1443 2288 1686 2321 ἀντεξετάζεσθαις
1701 2286 1783 2313 Οὕτω

995 2344 1027 2370 με
1042 2335 1198 2369 λογίζεσθαι
1213 2325 1306 2370 νόμιζε
1323 2335 1389 2370 περὶ
1400 2334 1446 2361 σοῦ
1457 2343 1464 2349 ·
1480 2335 1526 2360 καὶ
1539 2335 1561 2360 εί
1576 2334 1613 2370 μὴ
1626 2334 1722 2360 θᾶττον
1734 2334 1784 2360 καί

993 2381 1078 2415 ἡδέως
1105 2381 1205 2407 σαυτοῦ
1227 2382 1261 2407 τὰ
1290 2381 1445 2416 ἀδικήματα
1473 2380 1634 2415 περικόψῃς,
1658 2380 1782 2413 ἀνάγκην

994 2424 1064 2452 εἶναί
1083 2435 1138 2461 μοι,
1149 2426 1216 2461 ἐμοῦ
1233 2435 1263 2452 τε
1279 2427 1326 2453 καὶ
1345 2427 1394 2462 τῆς
1415 2427 1481 2461 ὅλης
1498 2426 1673 2461 Ἐκκλησίας,
1690 2424 1786 2452 τέλεόν

995 2480 1026 2498 σε.
1039 2472 1176 2506 διακόψαι.

1305 2606 1416 2632 ΕΠΙΣΤ.
1438 2605 1476 2632 E’.

1096 2651 1231 2686 Γεωργίῳ
1245 2651 1452 2686 μητροπολίτῃ
1472 2651 1678 2686 Νικομηδείεις.

795 2696 929 2721 lilontarut.
945 2698 996 2728 (ep.
1007 2697 1047 2727 2i,
1060 2704 1084 2728 p.
1103 2697 1153 2726 Si).

193 2743 289 2770 Virum
314 2742 429 2777 probum
446 2745 473 2769 ct
496 2741 641 2768 honestum
660 2744 686 2767 te
712 2740 870 2775 pradicant.
897 2740 943 2772 qui

1034 2740 1121 2767 Καλόν
1134 2748 1165 2766 σε
1179 2740 1226 2768 καὶ
1238 2740 1341 2775 ἀγαθὸν
1354 2740 1381 2768 ei.
1394 2740 1508 2768 αὐτόθεν
1525 2740 1689 2776 φημίξωσιν
1699 2740 1787 2777 ἧκαν.

803 2796 918 2824 νΑίιΙιιΕ
939 2795 1144 2825 LECTIONES.

196 2851 209 2866 ι
227 2844 407 2880 ἴσκᾶρχτντα.
446 2844 459 2865 ι’
480 2844 522 2870 ἴσ.
544 2842 638 2873 κακός.

680 2848 690 2861 ε
713 2842 755 2870 io.
769 2842 956 2877 ὁυσαρεστείν.
