1931 3080
186 109 239 142 827

763 119 894 150 ΡΗΟΤΙΙ
915 121 1163 154 ΡΑΤΒῘᾹΒΟΗᾹΞ
1183 125 1236 156 CP.

1759 130 1810 162 828

187 168 268 204 reris)
283 168 344 197 sine
359 176 487 206 respectu
499 172 661 202 taxaverim.
681 173 737 211 Ego
757 179 785 203 te
811 183 867 203 non
884 176 971 204 minus

1026 178 1192 214 ἐπλήξαμεν.
1216 180 1286 215 Ἐγὼ
1299 180 1328 208 δὲ
1345 182 1421 210 οὐδὲν
1436 182 1556 218 ἔλαττον,
1572 183 1614 211 ὅτι
1627 184 1742 212 σεαυτὸν
1755 194 1809 212 τοι-

187 215 295 246 incuso,
314 216 359 251 qui
384 221 411 244 te
431 217 544 252 dignum
559 219 666 248 dederis
689 221 765 249 hisce
786 223 978 257 reprehensio-

186 261 278 294 nibus,
295 267 322 288 et
347 270 396 290 nos
416 263 540 299 adegeris
553 270 584 293 ut
598 266 632 293 ad
656 266 708 294 ista
736 267 860 302 dicenda,
877 273 976 304 praeter

185 307 425 341 consuetudinem,
457 311 662 340 accederemus.
693 313 721 340 Si
755 318 845 341 autem
878 323 974 342 revera

185 359 332 386 permissus
347 353 444 387 fueris,
457 359 485 382 et
501 356 665 390 profundius
680 359 865 393 penetraverit
877 368 973 395 repre-

183 397 346 426 hensionum
365 400 467 435 cuspis,
489 405 547 428 tute
563 402 713 431 declarabis
728 425 735 436 ,
754 404 819 432 dum
834 405 878 432 illa
895 414 974 433 aver-

184 443 263 476 seris,
279 451 339 478 quae
356 445 439 472 telum
458 446 509 474 hoc
532 455 547 474 a
571 448 650 476 nobis
666 454 847 478 extorserunt.
865 451 903 479 ita
916 452 976 488 pla-

183 497 243 523 gam
273 491 320 518 tibi
344 492 488 528 ingestam,
507 503 554 529 per
583 496 627 524 Dei
653 497 866 526 misericordiam
883 521 889 532 ,
917 508 973 527 non

182 537 263 564 modo
279 541 448 570 persanaturi
464 549 558 569 sumus
574 563 581 574 ,
598 543 645 570 scd
660 544 790 580 deinceps
803 549 829 573 te
844 550 875 573 ut
887 553 975 574 mem-

181 583 263 612 brum
279 587 363 614 nostri
380 589 502 623 corporis
515 590 731 620 confovebimus.

484 635 593 671 EPIST.
626 635 673 664 Ix.

341 677 473 706 Theodoro
491 681 662 716 metropolitaz
677 681 825 711 Laodicew.

811 743 945 770 Montacut.
960 744 1012 776 (ep.

217 787 331 816 Occasio
344 797 427 823 nunc,
444 798 459 818 ο
472 790 570 824 amice,
586 791 711 827 offertur,
726 794 748 821 si
767 794 826 830 ipse
835 795 965 829 volueris,
982 799 1003 827 Β

179 838 205 860 et
220 838 315 861 noster
325 833 397 862 ﬁlius
408 835 533 869 exsistas,
543 837 586 864 vel
600 837 712 865 minime
719 839 896 868 reformidare
904 849 974 868 inor-

181 880 276 907 talium
296 880 395 913 minas,
410 881 476 909 dum
500 882 644 912 immotum
665 890 692 912 te
712 890 824 920 praestes
846 887 972 915 veritatis

179 925 321 958 alhletam,
338 925 440 954 illustre
464 927 576 956 laudum
595 931 760 964 praeconium
775 931 809 959 de
823 932 892 960 coelo
904 940 971 960 con-

179 970 268 1004 sequi,
281 977 308 997 et
323 971 454 999 victorem
467 973 568 1000 ibidem
580 975 713 1002 declarari
728 985 734 1003 :
751 976 794 1004 vel
809 977 873 1004 dum
897 977 970 1005 veri-

181 1019 264 1043 tatem
291 1016 394 1051 prodis,
419 1021 448 1045 et
475 1019 598 1054 proditor
618 1022 750 1054 censeris,
772 1023 918 1058 temporali
938 1028 966 1051 et

181 1062 265 1091 ﬂuida
283 1064 420 1099 voluptate
433 1069 461 1092 et
472 1065 557 1100 gloria
569 1066 633 1094 frui.

495 1111 606 1140 EPIST.
621 1112 655 1140 Χ.

520 1159 625 1187 Eidem.

1027 223 1114 251 ούτων
1128 224 1202 258 ἀξιον
1221 226 1441 262 παρεσκεύασας,
1458 228 1505 254 καὶ
1524 229 1599 264 ἡμᾶς
1617 228 1714 262 ἐλθεῖν,
1736 229 1809 265 παρὰ

1025 270 1057 297 τὸ
1074 270 1208 307 ἡμέτερον
1219 270 1295 307 ἦθος,
1311 274 1351 305 είς
1369 274 1432 304 τοὺς
1447 275 1511 309 περὶ
1528 275 1558 302 σὲ
1575 275 1671 310 λόγους
1690 276 1809 310 ἠνάγκα-

1027 324 1087 348 σας.
1103 317 1135 344 El
1152 317 1174 344 δ’
1187 317 1296 354 ἀληθῶς
1311 319 1445 354 ἐπλήγης,
1458 321 1503 346 καὶ
1518 321 1599 355 μέχρι
1616 320 1745 356 βάθουςιή
1757 320 1809 347 τῶν

1026 362 1146 398 ἐλέγχων
1170 363 1246 399 ἀκμὴ
1267 363 1395 398 ἔφθασεν,
1413 365 1509 397 δείξεις
1522 366 1613 392 ἐκεῖνα
1627 365 1731 400 φυγὼν,
1745 365 1778 392 δι’
1793 365 1810 392 ἃ

1027 410 1058 436 τὸ
1073 409 1148 445 βέλος
1162 410 1326 446 ἀφήκαμεν·
1349 411 1395 437 καὶ
1412 410 1459 437 σοῠ
1475 412 1523 447 τὴν
1546 412 1653 448 πληγὴν
1666 413 1714 439 σὺν
1730 412 1809 446 εὐμέ-

1027 456 1087 491 νείᾳ
1110 456 1177 483 Θεοῦ
1191 457 1221 483 οὺ
1239 457 1319 492 μόνον
1334 456 1508 493 ἐξιασόμεθα,
1533 458 1601 485 ἀλλὰ
1616 458 1702 484 καὶτὸ
1720 458 1816 491 λοιπὸν,

1026 501 1068 534 ὡς’
1080 502 1177 537 μέλους
1192 503 1432 539 ἀντιποιησόμεθα.
1476 513 1482 520 ι

1338 635 1450 663 ΕΠΙΣΤ.
1470 635 1508 662 6'.

1132 679 1270 715 Θεοδώρῳ
1284 681 1489 716 μητροπολίτῃ
1509 680 1692 714 Λαοδικείας.

1025 743 1066 774 '10,
1075 750 1101 774 p.
1113 741 1181 773 120).

1052 795 1109 822 Νὖν
1124 793 1231 829 καιρὸς,
1246 789 1269 820 ὧ
1283 792 1354 828 φίλε,
1369 793 1393 818 ει
1409 791 1499 827 βούλει
1516 791 1557 823 δὲ,
1568 792 1616 818 καὶ
1630 791 1726 818 τέκνον
1743 791 1809 826 ἠμί-

1026 850 1115 877 τερον,
1129 841 1147 876 ἢ
1162 841 1211 873 τὰς
1224 839 1253 872 ἐξ
1263 839 1416 875 ἀνθρώπων
1433 838 1547 869 ἀπειλὰς
1560 837 1590 864 οὐ
1605 837 1719 870 δεδιότα,
1734 839 1810 873 στερσ

1026 888 1073 924 ρδν
1088 887 1206 922 ὀφθῆναι
1223 887 1272 922 τῆς
1287 885 1417 921 ἀληθείας
1433 885 1602 920 ὑπέρμαχον,
1620 884 1667 910 καὶ
1682 883 1810 919 λαμπρᾶς

1024 936 1116 970 τυχεῖν
1139 934 1190 969 τῆς
1218 933 1322 960 ἐκεῖθεν
1341 932 1480 967 εὐφημίας
1503 931 1550 958 καὶ
1579 931 1771 966 ἀναῤῥήσεωςυ
1792 930 1808 965 ἢ

1024 979 1184 1016 προσκαίρῳ
1200 979 1248 1006 καὶ
1266 978 1366 1014 ῥεούσῃ
1379 978 1460 1013 ἡδονῇ
1476 977 1524 1004 καὶ
1538 976 1602 1013 δόξῃ
1616 976 1750 1012 προδότην
1759 975 1809 1010 τῆς

1022 1026 1108 1054 ἀϊδίου
1124 1026 1172 1053 καὶ
1185 1023 1255 1052 εἶναι
1268 1024 1315 1051 καὶ
1328 1023 1521 1059 ὀνομάζεσθαι.

1330 1116 1443 1143 ΕΠΙΣΤ.
1469 1117 1496 1143 l'.

1342 1161 1384 1194 Τῷ
1403 1161 1503 1194 ai:er

806 1209 938 1235 Montaeut.
952 1210 1004 1242 (ep.
1018 1211 1058 1242 7i,
1070 1218 1094 1243 ρ.
1110 1211 1176 1242 120).

215 1256 243 1284 Si
273 1256 336 1286 ﬁnis
366 1258 498 1287 doctrina:
523 1264 551 1287 et
580 1260 767 1288 institutionis
797 1262 833 1290 sit
866 1263 971 1298 pudore

179 1303 302 1338 suipsius
314 1305 410 1338 teneri,
421 1310 549 1334 extremae
560 1306 642 1334 fuerit
655 1307 845 1336 ineruditionis
858 1316 971 1337 necesse

178 1353 232 1382 est,
249 1350 324 1378 nullo
348 1351 463 1379 aliorum
493 1353 595 1387 pudore
625 1354 740 1382 moveri.
759 1355 793 1381 At
813 1354 921 1390 gloriari
935 1355 970 1382 de

179 1395 212 1422 iis
227 1403 287 1430 qua:
309 1397 469 1425 occultanda
484 1399 574 1433 potius
587 1399 704 1432 fuerant,
722 1400 852 1428 terminos
867 1400 973 1428 excedit

179 1442 306 1470 humana:
323 1442 517 1478 improbitatis.

479 1490 588 1518 EPIST.
615 1491 663 1518 XI.

325 1535 457 1563 Theodoro
477 1538 648 1571 melropolitw
664 1537 812 1565 Laodicea.

1057 1265 1089 1291 Ei.
1106 1265 1182 1296 τέλος
1200 1264 1324 1295 παιδείας
1335 1261 1366 1290 τὸ
1383 1262 1479 1289 ἑαυτὸν
1492 1261 1680 1297 αίσχύνεσθαι,
1692 1261 1808 1297 ἐσχάτης

1022 1310 1200 1342 ἀπαιδευσίας
1220 1310 1250 1337 τὸ
1278 1309 1346 1345 μηδέ
1365 1309 1430 1341 τοὺς
1452 1308 1551 1340 ἄλλους
1565 1307 1741 1343 αἰσχύνεσθαι
1754 1315 1761 1323 '
1777 1307 1809 1334 τὸ

1022 1357 1050 1384 δὲ
1065 1357 1112 1384 καὶ
1127 1357 1169 1391 ἐφ’
1191 1353 1231 1388 οἷς
1253 1355 1475 1390 ὲγκαλύπτεσθαι
1496 1355 1637 1390 προσῆκεν
1648 1375 1655 1386 ,
1670 1353 1809 1388 ἐγκαλλω-

1023 1402 1161 1434 πίζεσθαι,
1175 1401 1321 1436 ὑπερόριον
1333 1401 1381 1427 καὶ
1394 1401 1445 1435 τῆς
1459 1399 1633 1435 ἀνθρωπίνης
1645 1399 1755 1429 κακίας.

1320 1489 1430 1516 ΕΠΙΣΤ.
1459 1488 1511 1515 lA'.

1133 1536 1270 1571 Θεοδώρῳ
1287 1535 1494 1570 μητροπολίτῃ
1514 1534 1699 1566 Λαοδικείας.

808 1596 940 1621 Montacut.
953 1596 1005 1628 (ep.
1015 1596 1055 1627 87,
1066 1603 1090 1627 p.
1107 1596 1173 1627 152).

213 1645 280 1679 Quae
296 1645 331 1674 de
357 1652 383 1674 te
403 1647 484 1676 fando
498 1649 662 1684 accepimus,
676 1649 698 1677 si
708 1657 772 1677 vera
784 1655 863 1685 sunt,
875 1649 967 1677 tardor

179 1691 299 1726 quidem,
319 1697 347 1720 et
369 1693 414 1720 vix
432 1698 459 1721 tu
472 1694 560 1729 qualis
579 1694 626 1726 sis,
651 1694 792 1727 intellexi;
815 1695 857 1722 sin
884 1694 962 1727 falsa,

178 1738 241 1772 quis
257 1738 348 1766 fueras
370 1740 404 1767 ab
429 1739 508 1767 initio
529 1740 654 1776 cognovi.
691 1740 719 1767 ln
743 1744 876 1775 quantum
902 1748 968 1776 ergo

178 1783 266 1811 virum
282 1785 360 1813 decet
376 1793 436 1813 esse
447 1785 550 1813 bonum
569 1790 597 1814 et
613 1786 769 1818 honestum,
791 1794 845 1814 non
867 1787 967 1814 malum

177 1835 206 1858 et
220 1831 386 1867 improbum,
396 1837 478 1860 etme
491 1833 620 1869 gaudere,
641 1842 696 1861 non
712 1842 783 1869 mgre
794 1834 877 1867 ferre,
894 1834 966 1869 quod

178 1883 205 1905 te
221 1878 340 1906 amicum
367 1879 434 1906 mihi
455 1880 618 1914 conciliavi;
632 1880 659 1908 in
676 1886 782 1908 tantum
809 1885 835 1908 te
860 1886 968 1915 oportet

177 1924 280 1952 evitare
288 1925 343 1958 illa,
354 1933 415 1960 quae
426 1934 519 1954 rumor
527 1932 569 1955 est
582 1931 609 1954 te
620 1933 794 1962 perpetrare;
807 1931 865 1954 esto
876 1931 967 1954 autem

178 1971 268 1998 omnis
283 1971 341 1999 haec
358 1971 440 2004 fama,
453 1980 560 2007 precor,
576 1973 692 2001 veritate
704 1973 845 2001 destituta.

477 2018 587 2045 EPIST.
608 2019 664 2046 All.

272 2060 415 2097 Eulampio
435 2064 630 2099 archiepiscopo
646 2070 670 2091 et
687 2063 878 2099 sceuophylaci.

1056 1649 1145 1683 ’Λπερ
1159 1648 1294 1683 ἀκούομεν
1307 1647 1372 1683 περὶ
1388 1646 1446 1680 σοῦ,
1461 1646 1486 1673 εἰ
1499 1646 1548 1679 μὲν
1561 1645 1648 1681 ἀληθῆ
1664 1646 1743 1678 εἰσιν,
1758 1645 1808 1680 ὀψὲ

1020 1695 1068 1722 καὶ
1081 1695 1156 1730 μόλις
1167 1694 1339 1729 γινώσκομεν
1351 1694 1426 1725 ὅστις
1441 1691 1480 1720 εἳ·
1493 1693 1555 1720 είδέ
1568 1693 1664 1728 ψευδῆ,
1681 1692 1810 1728 ἀπαρχῆς

1020 1741 1142 1775 ἔγνωμεν
1156 1740 1210 1774 ἄρα
1230 1740 1304 1771 ὅστις
1320 1737 1355 1766 εἴ.
1373 1739 1448 1774 Ὀσῳ
1469 1736 1516 1765 οὖν
1528 1738 1652 1773 διαφέρει
1668 1737 1748 1764 καλὸν
1761 1737 1810 1763 καὶ

1020 1786 1121 1821 ἀγαθὸν
1147 1783 1216 1812 εἶναι
1243 1785 1290 1812 τοῦ
1314 1785 1416 1820 φαῦλον
1435 1786 1482 1812 καὶ
1503 1785 1638 1821 μοχθηρὸν
1665 1783 1808 1819 γίνεσθαι·

1021 1831 1093 1867 κάμὲ
1114 1831 1220 1867 χαίρειν
1246 1831 1307 1857 ἀντὶ
1332 1830 1379 1857 τοῦ
1405 1831 1560 1866 δυσφορεῖν,
1581 1831 1624 1865 ἐφ’
1648 1827 1670 1864 ᾧ
1687 1838 1718 1856 σε
1733 1829 1810 1864 φίλον

1015 1876 1196 1912 ἐποιησάμην,
1208 1876 1336 1903 τοσοῦτον
1348 1876 1389 1902 δεῖ
1401 1885 1429 1903 σε
1444 1877 1540 1910 φυγεῖν
1553 1876 1571 1903 ἆ
1583 1876 1613 1902 σέ
1626 1876 1694 1910 φασί
1707 1877 1807 1903 ποιεῖν’

1016 1923 1060 1958 εἴη
1089 1923 1134 1955 δὲ,
1164 1923 1273 1950 πάντων
1299 1922 1400 1954 ἕνεκα,
1424 1922 1475 1957 τῆς
1504 1921 1633 1957 ἀληθείας
1663 1921 1767 1956 ἣρεμος
1791 1922 1809 1957 ἡ

1017 1971 1106 2005 φήμη-

1318 2014 1430 2041 ΕΠΙΣΤ.
1458 2013 1508 2040 IB'.

1052 2061 1215 2095 Εὑλαμπίῳ
1230 2061 1456 2095 ἀρχιεπισκόπῳ
1475 2059 1522 2086 καὶ
1539 2059 1758 2093 σκευοφύλακι,

794 2121 927 2146 Montacut.
945 2121 996 2152 (ep.
1012 2120 1053 2151 95,
1069 2127 1093 2151 p.
1112 2119 1178 2149 155).

212 2172 271 2200 Non
289 2179 405 2208 possunt
421 2175 541 2202 tenebrae
559 2182 612 2202 una
628 2182 689 2202 cum
708 2175 769 2202 luce
788 2175 895 2207 adesse,
907 2175 965 2202 odit

1053 2172 1110 2199 Οὐκ
1123 2170 1211 2198 eoo.“
1232 2171 1271 2206 τῷ
1292 2171 1362 2206 φωτὶ
1378 2171 1565 2206 συμπαρεῖναι
1580 2171 1611 2197 τὸ
1633 2171 1729 2203 σκότος
1739 2179 1746 2187 ·
1762 2180 1812 2206 μι-

177 2217 250 2245 enim
280 2220 381 2247 veritas
409 2227 585 2255 congressum
602 2219 746 2247 mendacii.
764 2219 829 2247 Post
851 2224 928 2247 tuum
952 2227 968 2247 a

178 2263 256 2292 nobis
271 2264 433 2298 discessum,
449 2265 497 2300 qui
508 2265 615 2292 titulum
628 2265 759 2292 mentitur
768 2265 844 2292 alluit
859 2265 968 2293 Emma-

178 2309 252 2343 nuel,
275 2310 321 2345 qui
339 2318 370 2338 ea
398 2311 478 2339 nobis
494 2312 679 2339 manifestavit
696 2319 756 2346 quae
773 2319 822 2346 par
848 2316 876 2339 et
902 2319 966 2346 pr0<

178 2357 268 2384 habile
287 2357 339 2385 fuit
357 2363 482 2386 acturum
505 2359 592 2392 illum,
620 2364 645 2386 et
670 2367 731 2394 quin
766 2366 857 2386 mores
876 2358 963 2394 ipsius

178 2402 322 2431 decebant.

468 2455 574 2484 EPiST.
605 2455 675 2483 Xlll.

330 2501 445 2529 Antonio
458 2501 588 2536 Bosphori
612 2502 816 2536 archiepiscopo.

1020 2217 1101 2244 σεῖδέ
1116 2218 1163 2244 καὶ
1176 2216 1226 2252 τὴν
1241 2216 1351 2244 σύνοδον
1365 2216 1413 2243 τοῦ
1428 2217 1543 2252 ψεύδους
1556 2217 1572 2252 ἡ
1589 2216 1716 2253 ἀλήθεια.
1731 2217 1813 2244 Μετὰ

1018 2263 1067 2299 τὴν
1088 2262 1137 2298 σὴν
1150 2263 1195 2297 ἀφ’
1210 2263 1289 2298 ἡμῶν
1306 2262 1491 2298 ἀναχώρησιν,
1506 2263 1521 2288 ὁ
1536 2262 1586 2297 τὴν
1606 2261 1702 2298 κλῆσιν
1713 2262 1813 2296 ψευδό-

1021 2318 1100 2345 μενος
1115 2309 1264 2344 ἐφέστηκεν
1285 2308 1471 2343 Ἐμμανουήλ,
1484 2304 1529 2334 οἷα
1540 2307 1613 2339 είκὺς
1628 2305 1662 2343 ἦν
1678 2308 1813 2343 πράττειν

1020 2356 1103 2383 αὑτὸν
1124 2357 1170 2382 καὶ
1197 2355 1251 2382 ’τῶν
1273 2355 1381 2382 οἰκείων
1403 2355 1513 2389 τρόπων
1538 2354 1638 2387 ἀξίως,
1657 2354 1813 2382 ἐπιδεικνύ-

1023 2409 1112 2437 μενος.

1323 2453 1436 2481 ΕΠΙΣΤ.
1456 2455 1505 2481 ΙΓ¹.

1135 2499 1276 2532 Ἀντωνίῳ
1291 2500 1516 2534 ἀρχιεπισκόπῳ
1531 2501 1703 2545 Βοαφόρου.

796 2560 931 2585 Montacut.
950 2561 1002 2591 (ep.
1018 2557 1059 2587 96,
1071 2564 1096 2588 p.
1113 2556 1178 2588 156).

215 2610 286 2639 Olim
297 2615 356 2638 erat
367 2611 472 2639 Axinus
485 2610 628 2647 Scythicus
641 2615 750 2646 pontus.
766 2610 834 2638 Nam
849 2611 968 2638 advenas

179 2656 326 2690 intrantes,
338 2656 410 2691 quod
426 2655 508 2684 fando
521 2656 662 2689 horribile,
677 2656 856 2684 devorabam.
872 2655 968 2682 Milesii

181 2710 247 2730 vero
261 2703 289 2730 in
304 2702 439 2730 Euxinum
452 2702 680 2730 transiormarant
697 2710 745 2737 per
771 2702 925 2729 comitatem
941 2706 968 2729 et

181 2749 340 2778 civilitatem
373 2749 569 2782 introductam,
603 2750 723 2777 cicurata
762 2749 902 2777 barbarica
942 2753 971 2777 et

179 2794 542 2824 bestialiconsuetudine.ln
554 2796 680 2832 praesenti
703 2804 752 2831 per
771 2801 795 2823 te
810 2800 906 2823 ettuos
920 2803 970 2831 pro

181 2841 281 2870 virtute
304 2846 445 2877 susceptos
463 2843 571 2870 labores
605 2847 632 2870 et
651 2843 800 2871 certamina
829 2847 856 2870 et
880 2842 971 2869 nmlti-

1057 2609 1112 2638 *Ην
1133 2619 1199 2637 ποτε
1216 2609 1339 2642 ’Λξεινος
1361 2610 1376 2636 ὁ
1393 2609 1527 2641 Σκυθικὸς
1546 2610 1653 2641 πόντος.
1678 2609 1816 2636 Ἐποιεῖτο

1023 2657 1077 2691 γὰρ
1100 2656 1193 2692 βορὰν,
1211 2656 1324 2692 φρικτὸν
1350 2655 1484 2688 ἀκοῦσαι,
1501 2656 1549 2682 καὶ
1563 2656 1628 2687 τοὺς
1644 2655 1817 2690 ἐμπλέοντας

1022 2704 1077 2730 τῶν
1093 2703 1187 2736 ξένων.
1204 2702 1332 2738 Μιλήσιοι
1345 2702 1374 2728 δὲ
1385 2702 1577 2738 φιλανθρωπίᾳ
1593 2702 1639 2728 καὶ
1654 2701 1751 2736 ἡμέρῳ
1764 2710 1818 2728 πο-

1023 2749 1121 2785 λιτεία,
1145 2749 1176 2776 τὸ
1201 2758 1231 2776 ’τε
1256 2749 1388 2784 Θηριῶδες
1404 2749 1451 2776 καὶ
1476 2749 1612 2785 βάρϐαρον
1633 2747 1817 2784 ἐξημέρωσαν

1024 2794 1098 2832 ἦθος,
1117 2796 1163 2822 καὶ
1187 2795 1227 2826 εἰς
1250 2794 1375 2828 Εὔξεινον
1397 2795 1479 2822 αὑτὸν
1497 2794 1690 2831 μετεποίησαν.
1706 2794 1764 2821 Νῦν
1784 2794 1817 2821 δὲ

1024 2841 1067 2869 διὰ
1088 2841 1153 2873 σοῦ,
1178 2842 1304 2874 καὶτοὺς
1329 2842 1392 2874 σοὺς
1416 2841 1486 2876 ὑπὲρ
1509 2841 1611 2876 ἀρετῆς
1635 2840 1744 2874 ἀγῶνας
1764 2841 1817 2867 καὶ
