1931 3080
149 146 203 179 829

725 143 994 174 EPISTOLARUM
1014 143 1132 174 LIBER
1154 143 1195 173 II.

1722 147 1777 180 830

150 204 249 235 πόνους
264 204 312 230 καὶ
335 203 383 239 τὴν
398 202 482 238 ἄλλην
497 203 562 239 περὶ
575 203 606 230 τὸ
620 203 698 230 Θεῖον
712 202 741 230 ϐε
747 203 870 238 ραπείαν,
886 203 935 229 οὐκ

989 203 1085 237 plicem
1100 201 1225 230 Numinis
1241 202 1355 234 cultum,
1369 210 1424 230 non
1440 203 1563 231 Euxinus
1578 203 1626 231 sed
1646 209 1673 232 et
1688 204 1776 234 Euse-

151 249 279 282 Εὔξεινος
296 249 387 284 μόνον,
412 249 480 276 ἀλλὰ
495 250 542 277 καὶ
558 249 694 286 Εὐσεϐὴς,
711 250 780 284 μετὰ
794 249 841 276 τοῦ
856 247 936 281 εἶναι,

152 297 200 323 καὶ
212 295 375 332 ὀνομάζεται
385 295 408 323 ί.
419 296 508 331 Πόσης
520 295 571 322 οῐει
581 304 624 331 με,
638 295 725 322 ταῦτα
736 296 783 322 καὶ
795 295 937 322 ὲννοῦοντα

151 342 199 368 καὶ
213 342 364 377 γράφοντα,
389 342 476 377 χαρᾶς
492 341 539 368 καὶ
558 340 727 376 εὐφροσύνης
750 339 936 376 πληροῦσθαι;

152 387 183 414 El
197 388 226 414 δὲ
242 387 288 414 καὶ
303 387 366 419 τοὺς
390 387 484 414 αὐτόθι
511 387 663 419 Ἰουδαίους,
685 387 725 418 εἰς
740 387 791 421 τὴν
813 386 937 421 ὑπακοὴν

151 433 269 468 Χριστοῦ
282 432 498 468 αἰχμαλωτίσας,
511 433 565 460 ἀπὸ
576 433 626 468 τῆς
639 433 718 465 σκιᾶς
729 433 776 459 καὶ
786 432 833 459 τοῦ
849 432 938 467 γράμ-

152 487 247 514 ματος,
263 479 309 505 ἐπὶ
328 478 378 514 τὴν
402 479 493 514 χάριν,
512 479 549 510 ὡς
563 478 696 515 ἔγραψας,
720 479 900 514 μεταστήσεις
911 479 933 510 δ,

150 524 257 560 ἀπέχω,
285 525 333 551 καὶ
359 524 514 560 περισσεύω
544 524 597 551 τῶν
626 524 717 551 καλῶν
739 524 855 550 ἐλπίδων
872 523 935 554 τοὺς

150 569 268 605 ὡραίους
280 571 414 606 καρποὺς,
428 569 461 601 ἃς
473 570 520 597 ἐπὶ
535 570 576 597 σοὶ
587 570 730 602 διαπαντὸς
749 570 872 605 ἔτρεφον.

449 628 561 654 ΕΠΙΣΤ.
586 626 634 655 IA'.

254 673 387 707 Ζαχαρία
399 673 604 708 μητροπολίτῃ
623 671 826 706 Χαλκηδόνος.

987 249 1044 280 bes,
1061 255 1121 275 cum
1136 247 1197 275 talis
1212 248 1337 281 exsistat,
1349 249 1516 276 nominatur.
1531 249 1638 282 Quanto
1651 258 1694 278 me
1709 260 1775 287 gau-

987 291 1043 324 dio,
1061 298 1114 326 qua
1130 291 1310 326 iucunditate,
1327 292 1390 319 dum
1412 293 1463 320 hoc
1475 293 1563 328 ipsum
1581 295 1671 322 scribo
1684 297 1775 331 reple-

987 340 1043 364 tum
1059 337 1211 364 arbitraris?
1226 336 1302 370 Quod
1329 338 1350 365 si
1367 337 1473 366 Juda'os
1498 339 1544 374 qui
1563 340 1630 366 inibi
1653 345 1717 368 Sunt
1734 350 1775 369 ca-

987 383 1076 417 ptivos
1097 383 1124 409 in
1139 382 1241 411 Christi
1257 383 1436 411 obedientiam
1452 385 1572 417 duxeris,
1587 386 1619 412 ab
1633 387 1728 414 umbra
1748 392 1776 414 et

984 427 1084 461 littera,
1099 430 1324 464 quemadmodum
1340 430 1446 462 scribis,
1470 430 1497 457 in
1524 431 1638 464 gratiam
1652 436 1773 460 transtu-

984 474 1058 508 leris,
1077 475 1210 508 abstineo,
1229 480 1254 503 et
1268 484 1330 503 cum
1350 477 1515 503 abundantia
1530 476 1636 510 favebo,
1653 483 1775 506 maturos

989 520 1082 548 illosce
1094 521 1204 556 optima:
1215 522 1273 557 spei
1287 522 1401 555 fructus,
1417 530 1485 557 quos
1500 523 1631 550 continuo
1646 524 1679 551 de
1692 528 1776 551 temet

988 566 1047 602 ipso
1064 567 1154 596 foveo.

1278 625 1388 653 EPIST.
1409 626 1478 654 XIV.

1136 670 1275 699 Zacharia:
1290 672 1463 700 Chalcedonis
1483 673 1620 708 metropal.

766 717 898 742 Montaeut.
917 716 968 748 (ep.
987 715 1040 746 H16,
1055 724 1079 748 p.
1096 716 1162 748 151).

185 763 217 789 El.
231 761 286 796 ἐγὼ
308 762 354 789 τὸν
377 762 443 797 ὲμδν
467 761 606 797 Ζαχαρίαν
631 760 733 795 ἀγνοῶ,
754 762 801 787 καὶ
815 759 934 795 ἐμαυτοῦ

1024 759 1052 785 Si
1072 766 1163 786 meum
1176 758 1298 794 ignorent
1323 759 1493 792 Zachariam,
1511 765 1539 788 et
1570 762 1679 789 meimei
1706 762 1776 790 obli-

148 807 347 842 ὲπιλέλησμαι·
361 806 419 834 ἀλλ’
432 807 522 842 ήμῶν,
537 807 575 838 ὡς
590 806 688 839 ἔοικεν,
702 807 806 837 ἐκεῖνος
820 805 868 839 (οὐ
883 805 937 840 γὰρ

148 853 202 888 ἔχω
212 853 239 880 τί
258 853 440 889 μετριώτερον
453 852 563 888 εἴπωλ)
581 848 765 888 ἐπιλέλησταιξ
782 851 819 878 Οὐ
835 851 888 885 γὰρ
904 850 937 877 ἂν

148 900 222 934 ἡμᾶς
237 899 417 931 ὑπετόπαζεν,
431 899 582 934 ἀνθρώπων
599 898 698 932 λόγοις,
712 899 762 932 τῆς
780 897 843 933 περὶ
856 896 938 923 αὐτὸν

147 945 242 981 δόξης,
264 946 298 981 ἢν
319 946 351 972 ἐκ
372 945 488 972 παλαιοῦ
506 945 688 980 φυλάττομεν,
715 942 936 978 παρασύρεσθαι.

155 992 184 1019 '0
198 992 227 1019 δὲ
243 993 290 1019 καὶ
304 991 427 1027 φοϐεῖται
441 991 485 1018 διὰ
500 991 587 1018 ταῦτα
603 991 695 1025 φόϐον,
712 990 741 1016 ἐν
755 986 795 1021 οἷς
809 989 840 1016 οὐ
857 989 937 1024 μόνον

147 1039 197 1065 οὐκ
207 1038 265 1064 ἐστι
279 1037 370 1072 φόϐος,
383 1038 439 1064 ἀλλ’
453 1037 514 1064 οὺδέ
527 1045 568 1068 τις
583 1037 677 1071 φόϐου,
693 1037 750 1068 τοῖς
762 1036 837 1071 ἡμᾶς
851 1035 937 1070 ἐγνω-

149 1085 234 1118 κόσιν,
251 1084 372 1111 ὑπόνοια.
388 1085 420 1111 El
431 1084 485 1120 γὰρ
501 1084 574 1119 ἡμᾶς
587 1085 600 1110 ό
614 1083 729 1119 μακρὸς,
748 1083 777 1110 ὃν
796 1084 828 1110 ὲκ
841 1084 937 1116 παιδὸς

149 1131 243 1166 σχεδὸν
256 1130 380 1165 ἔγνωμεν
394 1139 434 1162 σε,
450 1131 557 1165 χρόνος,
576 1131 623 1157 καὶ
636 1132 650 1157 ό
662 1130 744 1162 πολὺς
757 1131 804 1157 καὶ
819 1127 851 1157 οὗ
865 1131 937 1166 μέγα

149 1176 227 1207 κλέος
242 1177 312 1212 ὑπὲρ
327 1177 415 1212 ἡμῶν,
433 1177 533 1212 μᾶλλον
543 1177 571 1203 δὲ
586 1176 706 1212 Χριστοῦ
721 1176 767 1204 καὶ
781 1176 834 1203 τῶν
853 1176 936 1204 αὐτοῦ

150 1222 354 1258 θεσπισμάτων,
378 1222 452 1256 ἀγὼν
472 1223 519 1250 καὶ
533 1223 643 1258 δρόμος,
659 1222 737 1250 οὔπω
751 1225 850 1259 πεῖραν
863 1223 936 1258 ἔχειν

148 1268 197 1303 τῆς
220 1268 270 1304 σῆς
292 1268 476 1304 ὲνεγύμνασεν
493 1269 605 1304 ἀρετῆς,
620 1270 670 1295 οὐκ
689 1267 747 1295 οἶδα
760 1270 836 1301 ὅπως
854 1270 936 1305 ἡμεῖς

147 1322 177 1341 τε
194 1313 255 1349 οὐχὶ
271 1315 361 1345 κακοὶ,
381 1315 451 1350 μετὰ
470 1314 517 1341 τοῦ
536 1316 661 1350 ἀνοήτου,
677 1314 803 1350 δόξαιμεν
825 1315 873 1343 ἄν·
890 1315 937 1342 καὶ

147 1361 172 1386 οἰ
183 1359 297 1392 δεδιότες
322 1361 359 1396 μή
381 1369 408 1387 τι
431 1359 565 1395 πάθοιμεν
579 1351 711 1393 τοιοῦτον,
727 1361 758 1387 τὸ
773 1361 810 1396 μὴ
828 1361 936 1395 ἀγνοεῖν

147 1405 232 1440 ἡμᾶς,
259 1406 289 1432 οὺ
311 1407 442 1440 φυγόντες
467 1406 598 1433 ἀλλ’ὅτιί
625 1406 695 1442 πλὴν
715 1407 762 1433 τοῦ
785 1407 935 1442 χειρίστους

147 1453 244 1484 ειπεϊν,
257 1452 464 1488 εὐπορήσουσιν.
483 1452 563 1479 Ἀλλὰ
576 1452 678 1479 τούτων
691 1461 720 1479 τε
734 1452 815 1480 ἕνεκα
827 1453 933 1489 Θάρρει,

148 1497 196 1524 καὶ
208 1499 293 1532 ἡμᾶς,
309 1498 403 1533 ὥσπερ
418 1501 475 1529 τοῖς
496 1498 597 1530 ἄλλοις,
614 1498 685 1524 οὕτω
699 1498 747 1525 καὶ
760 1498 807 1525 τὸ]
829 1499 866 1534 μὴ
882 1508 935 1525 πα-

149 1541 316 1578 ρασῦρεσθαι
327 1543 390 1573 τοὺς
399 1543 556 1578 λογισμοὺς,
572 1543 617 1577 ὑφ’
634 1543 934 1579 ἐτέριι›ν,,ὲπιγίνωσκε·

147 1588 191 1615 ἴνα
209 1588 247 1624 μὴ
263 1589 306 1615 διὰ
327 1590 402 1624 μιᾶς,
417 1589 448 1615 οὐ
464 1589 656 1625 προσηκούσης
673 1590 846 1626 ὑπολήψεως,
863 1590 936 1625 ἡμᾶς

144 1642 175 1661 τε
195 1634 244 1661 καὶ
261 1635 359 1661 σαύτὺν
385 1635 496 1669 μᾶλλον,
522 1636 628 1671 ὲναιτίᾳ
641 1636 654 1655 ¹ί
681 1635 798 1671 ποίησης
814 1635 933 1671 μεγάλῃ·

144 1680 193 1707 καὶ
208 1680 270 1712 τοὺς
291 1680 434 1715 ἀδελφοὺς,
449 1681 476 1707 εἴ
488 1689 515 1707 τι
529 1681 585 1716 ἄρα
599 1681 647 1708 καὶ
657 1681 829 1716 ἀνθρώπινον
844 1681 935 1713 αὺτοῖς

145 1726 291 1761 ὑποτρέχει
319 1726 405 1758 πάθος
417 1726 439 1759 1,
460 1728 516 1758 τοῖς
533 1729 590 1758 σοῖς
612 1726 854 1762 ἀνερεθιζομένους
869 1735 936 1761 προ-

143 1773 299 1807 τερήμασιν
314 1772 467 1806 άδελφικῶς
483 1772 549 1807 φέρε
571 1773 617 1798 καὶ
631 1772 812 1804 διαϐάσταζε·
836 1772 866 1799 οὐ
881 1773 936 1808 γὰρ

144 1817 189 1852 ἀφ’
203 1814 243 1849 οἷς
259 1818 335 1853 ἡμᾶς
354 1817 525 1853 εὐχαριστεῖν
542 1818 598 1849 δεῖ,
624 1818 715 1850 ἄλλοις
734 1817 936 1853 ἀπεχθάνεσθαι

145 1865 212 1900 χρή·
234 1864 287 1890 οὐδ’
308 1864 339 1897 ἐξ
351 1861 388 1891 ὧν
404 1864 463 1890 ἔστι
481 1864 574 1890 λαϐεῖν
590 1864 728 1898 ἀπόδειξιν
742 1864 872 1899 λαμπρὰν
887 1864 934 1891 τοῦ

146 1909 298 1945 πρωτεύειν
322 1910 407 1945 ἡμᾶς,
433 1910 477 1936 διὰ
502 1909 605 1936 τούτων
619 1910 763 1945 ὑφείλομεν
785 1910 853 1945 πρὸς
873 1911 936 1942 τοὺς

145 1954 250 1987 αἰτίους
264 1955 486 1991 δυσανασχετεῖν,
500 1955 548 1982 καὶ
561 1955 591 1982 τὸ
606 1956 704 1990 ἄλογον
722 1956 819 1988 πάθος,
832 1957 873 1988 εἰς
888 1956 934 1982 εῦ-

144 2000 223 2035 λογον
240 2001 331 2033 αὐτοῖς
342 2001 490 2035 ἀπολογίαν
506 2003 674 2036 μεταποιεῖν.
699 2002 779 2029 Ἀλλά
792 2004 838 2029 καὶ
849 2008 868 2022 ω
881 2002 935 2029 τῶν

147 2047 312 2082 εἰρημένων,
327 2047 407 2074 ἄλλον
422 2047 477 2074 ἴσθι
493 2048 588 2074 τοῦτο·
606 2048 647 2074 ὅτι
671 2049 815 2083 ὀφείλομεν
836 2049 933 2084 ἡμεῖς,

144 2093 169 2118 οἱ
189 2093 297 2119 δυνατοὶ
316 2092 352 2118 τὰ
368 2092 545 2127 ἀσθενήματα
571 2092 626 2118 τῶν
647 2093 785 2119 ἀδυνάτων
797 2096 810 2110 ιι
835 2092 934 2127 βαστά-

145 2137 219 2170 ζειν⁶
236 2139 284 2164 καὶ
305 2138 415 2165 πάντων
430 2138 459 2165 δὲ
479 2139 597 2174 μάλιστα
611 2139 700 2166 ἐκεῖνο
720 2139 764 2166 διὰ
782 2139 840 2174 βίου
857 2139 936 2174 μελέ-

145 2192 195 2217 την
216 2183 294 2210 ποιοῦ
308 2191 314 2198 '
331 2184 361 2209 τὸ
375 2185 469 2216 ποῖον;
487 2184 548 2211 Ὅτι
563 2185 579 2219 ή
595 2185 689 2220 ἀγάπη
708 2185 757 2211 οὐκ
773 2185 935 2220 ἀσχημονεῖ.

151 2229 265 2265 Ἐρεύνα
279 2229 369 2262 καλῶς
382 2230 407 2256 τί
427 2230 492 2256 ποτέ
508 2231 567 2257 ἐστι
581 2231 621 2264 τὺ,
637 2231 687 2257 οὐκ
702 2232 869 2266 ἀσχημονεῖ·
889 2231 935 2266 βά-

144 2277 189 2307 00;
203 2277 257 2312 γὰρ
269 2276 372 2310 ἄφατον
383 2277 510 2312 εὑρήσεις
523 2277 679 2311 ὡφειλείας.
693 2275 771 2309 Εἶτα,
787 2278 830 2304 διὰ
845 2279 871 2305 τί
886 2279 936 2305 οὐκ

143 2322 303 2357 ἀσχημονεῖ.
322 2322 383 2349 ’Ότι
402 2322 432 2349 οὐ
448 2323 539 2357 ζητεῖ,
563 2323 630 2357 φησὶ
642 2343 649 2355 ,
670 2323 704 2350 τὰ
732 2324 848 2358 ἑαυτῆς·
865 2324 935 2351 ἀλλὰ

143 2367 190 2393 καὶ
206 2367 296 2394 πάντα
311 2367 402 2400 στέγει
418 2367 507 2393 πάντα
527 2367 630 2399 ἐλπίζει
645 2371 657 2384 τ’
669 2375 676 2382 ·
694 2367 783 2402 ὑψηλὰ
798 2367 847 2402 μὲν
863 2367 932 2404 [καὶ]

141 2412 229 2440 ταῦτα
242 2413 387 2448 ἀνέχεσθαι
406 2413 488 2448 βάρη,
503 2414 550 2439 καὶ
566 2413 707 2447 βελτίωσιν
723 2414 767 2440 ἀεὶ
784 2414 831 2440 καὶ
853 2423 934 2448 μετα-

143 2459 224 2494 ϐολὴν
247 2460 293 2485 ἐπὶ
311 2459 341 2486 τὸ
358 2461 493 2495 κρεῖττον,
515 2459 638 2492 ἐλπίζειν
653 2459 700 2486 τοῦ
715 2461 839 2495 πλησίον.
856 2461 888 2487 Τί
905 2461 933 2487 δὲ

142 2505 217 2537 ἄλλο,
229 2501 251 2531 ὦ
263 2505 368 2532 Παύλου
380 2506 471 2541 σοφία,
487 2505 612 2539 πλοῦτος,
626 2506 672 2532 καὶ
688 2507 778 2542 χάρις,
791 2507 806 2540 ή
821 2507 931 2542 ἁγάπη;

142 2550 235 2584 φησὶν,
255 2550 383 2577 οὐδέποτε
399 2551 539 2577 ἐκπίπτει.
557 2548 592 2576 Ὦ
609 2550 749 2586 μακαρίας
765 2551 868 2586 φωνῆς,
885 2550 933 2576 καὶ

142 2596 352 2631 μακαριωτέρου
376 2597 520 2631 στόματος,
540 2596 588 2623 καὶ
612 2596 746 2631 κρείσσων
774 2596 930 2631 ἐγκωμίων,

141 2643 188 2672 καὶ
211 2641 362 2677 θαύματος,
386 2642 501 2678 γνώμη·
526 2642 665 2675 οὐδέποτε,
682 2642 775 2677 φησὶν,
792 2642 930 2670 ἐκπίπτει.

140 2688 199 2716 Κᾶν
216 2688 398 2721 στασιάζωσιν
412 2689 486 2716 ἄλλοι
498 2698 505 2704 ι
534 2688 585 2715 κᾶν
603 2689 721 2724 χαίρωσι
743 2689 860 2724 μάχαις·
880 2689 931 2716 κᾶν

988 813 1124 839 Viscerer;
1138 805 1186 832 sed
1203 805 1248 832 ille
1265 805 1318 833 mei
1335 808 1435 840 (neque
1453 807 1526 833 enim
1543 807 1619 834 eﬁ‘ari
1635 809 1700 842 quid
1712 817 1774 835 nio-

988 851 1109 878 deratius
1130 852 1253 886 possum)
1273 856 1301 879 ut
1317 852 1423 879 videtur
1433 853 1535 880 oblitus
1548 859 1587 880 est
1601 864 1606 881 :
1623 862 1673 881 nec
1687 855 1777 890 suspi-

988 902 1065 923 cetur
1080 904 1122 924 me
1136 897 1206 931 vulgi
1223 904 1359 929 sermone,
1377 897 1410 924 ab
1428 897 1474 925 illa
1488 906 1568 932 quam
1584 899 1640 933 jam
1656 900 1721 926 olim
1739 900 1775 927 de

987 953 1021 972 eo
1047 945 1099 973 fovi
1121 945 1279 980 opinionem
1309 946 1487 974 abstractum.
1514 947 1549 974 At
1575 947 1619 974 ille
1636 947 1672 975 ibi
1697 949 1776 976 valde

987 993 1066 1020 timet
1077 993 1122 1020 ubi
1134 1001 1190 1020 non
1208 996 1313 1019 tantum
1326 1001 1381 1020 non
1392 998 1434 1020 est
1460 994 1551 1026 timor,
1567 995 1615 1021 sed
1631 1003 1683 1022 nec
1696 995 1776 1023 timo-

987 1039 1025 1066 ris
1038 1039 1135 1074 aliqua.
1152 1039 1186 1066 ab
1200 1039 1234 1066 iis
1246 1039 1294 1074 qui
1305 1047 1348 1066 me
1359 1044 1502 1072 noverant,
1519 1041 1649 1075 suspicio.
1663 1040 1690 1068 Si
1702 1042 1775 1069 enim

987 1085 1149 1112 diuturnum
1180 1085 1245 1112 illud
1290 1088 1399 1119 tempus
1436 1085 1464 1112 in
1489 1093 1544 1120 quo
1575 1090 1602 1113 te
1629 1094 1644 1113 a
1682 1087 1776 1122 pueris

987 1130 1111 1166 cognovi,
1125 1138 1264 1165 magnum,
1278 1134 1306 1157 et
1318 1130 1398 1165 cujus
1411 1138 1507 1165 magna
1528 1131 1621 1166 gloria,
1637 1135 1774 1159 certamen

987 1185 1036 1212 pro
1052 1176 1142 1207 nobis,
1169 1181 1218 1203 aut
1239 1176 1350 1203 Christo
1373 1176 1476 1211 potius.
1497 1182 1668 1211 susceptum.
1694 1182 1722 1204 et
1747 1178 1776 1205 in

987 1223 1072 1257 ipsius
1090 1222 1226 1249 mandatis
1242 1229 1348 1254 cursus,
1365 1222 1486 1249 nondum
1502 1223 1537 1250 de
1552 1227 1598 1250 tua
1618 1224 1718 1251 virtute
1731 1231 1776 1251 me

987 1268 1176 1296 confirmatum
1202 1268 1330 1300 reddidit,
1360 1274 1436 1295 certe
1457 1277 1512 1296 non
1540 1269 1619 1296 video
1638 1271 1776 1304 quomodo

987 1324 1052 1347 non,
1070 1323 1131 1342 cum
1152 1315 1309 1349 insipiente,
1337 1315 1524 1349 iniquissimus
1547 1315 1654 1348 videar;
1678 1321 1706 1343 et
1729 1317 1776 1351 qui

986 1361 1145 1392 metuerint,
1158 1367 1194 1387 ne
1210 1360 1272 1394 quid
1293 1360 1345 1387 tale
1357 1360 1491 1395 patiamur
1504 1368 1564 1391 nos,
1580 1369 1613 1388 eo
1638 1362 1709 1396 quod
1724 1361 1775 1397 ipsi

987 1414 1037 1433 nos
1049 1414 1104 1433 non
1124 1406 1290 1438 n0verimus,
1306 1405 1478 1440 satisjustam
1496 1406 1637 1433 habebunt
1654 1414 1775 1440 causam,

987 1457 1017 1479 ut
1032 1453 1103 1479 inter
1113 1452 1249 1486 pessimos
1273 1459 1317 1478 me
1331 1455 1503 1478 recenseam.
1535 1451 1587 1478 Sed
1604 1456 1632 1478 tu
1649 1452 1724 1479 hisce
1741 1453 1776 1480 de

987 1499 1068 1526 rebus
1089 1499 1127 1525 sis
1150 1498 1383 1533 persuasissimus,
1400 1502 1427 1525 et
1451 1505 1494 1525 me
1519 1505 1668 1533 cognoscas
1682 1498 1774 1530 velim.

985 1544 1056 1571 sicut
1079 1543 1140 1570 aliis
1160 1543 1244 1575 notis,
1272 1543 1309 1570 ita
1334 1543 1406 1577 quod
1432 1547 1551 1570 mentem
1575 1543 1704 1570 aliorsum
1728 1551 1777 1578 per

985 1590 1052 1617 alios
1066 1589 1188 1624 pertrahi
1203 1589 1267 1616 nolo
1279 1597 1288 1615 :
1305 1589 1361 1616 noli
1377 1597 1441 1624 ergo
1455 1590 1490 1616 ob
1505 1589 1605 1616 nudam
1632 1597 1684 1617 nec
1706 1598 1774 1617 con-

985 1643 1078 1670 gruam
1094 1635 1160 1662 satis
1178 1634 1361 1669 suspicionem
1386 1639 1414 1662 et
1433 1642 1476 1662 me
1488 1639 1516 1662 et
1535 1640 1561 1662 te
1583 1635 1672 1670 potius
1687 1636 1777 1671 ipsum

985 1681 1126 1716 insigniter
1145 1688 1206 1708 reos
1222 1685 1361 1712 statuere;
1378 1681 1426 1708 sed
1450 1686 1478 1708 et
1491 1681 1588 1708 fratres
1602 1681 1682 1708 etiam
1711 1689 1776 1709 nos-

987 1731 1055 1760 tros,
1073 1728 1095 1754 si
1110 1727 1175 1761 quid
1188 1727 1308 1754 humano
1323 1734 1398 1754 more
1414 1726 1562 1761 patiantur,
1578 1728 1631 1754 tuis
1645 1727 1778 1755 excitatos

984 1772 1201 1808 prmeminentiis
1217 1771 1337 1799 fraterne
1355 1772 1468 1799 tolerato
1493 1776 1520 1799 et
1548 1772 1674 1804 suﬂcrto,
1687 1781 1777 1808 neque

986 1818 1059 1845 enim
1072 1825 1121 1852 par
1133 1821 1176 1844 est
1189 1821 1218 1844 ut
1233 1817 1294 1845 aliis
1321 1824 1531 1844 succenseamus
1552 1826 1600 1852 pro
1615 1818 1649 1845 iis
1664 1819 1697 1845 de
1716 1819 1777 1853 qui-

985 1863 1036 1891 bus
1045 1863 1123 1891 nobis
1136 1863 1247 1899 agendas
1255 1862 1418 1898 suntgralize
1431 1872 1438 1895 ;
1459 1871 1509 1890 nec
1522 1870 1537 1890 e
1557 1863 1655 1897 quibus
1664 1863 1777 1891 demon-

986 1910 1066 1937 strari
1093 1909 1197 1944 liquido
1223 1909 1332 1943 poterit,
1347 1916 1398 1936 nos
1422 1909 1548 1936 obtinere
1582 1909 1776 1944 principatum,

986 1959 1113 1982 tenemur
1126 1955 1161 1982 ob
1178 1955 1222 1982 illa
1238 1962 1403 1982 succensere
1424 1955 1457 1982 iis
1477 1955 1522 1990 qui
1535 1955 1685 1990 culpabiles
1697 1960 1774 1985 sunt.

987 2006 1018 2028 ut
1036 2001 1077 2028 sic
1091 2001 1275 2028 irrationalem
1287 2001 1442 2036 passionem
1466 2000 1492 2027 in
1509 2001 1696 2028 rationabilem
1711 2008 1777 2035 apo-

986 2046 1084 2082 logiam
1099 2052 1309 2074 commutemus.
1327 2046 1380 2074 Sed
1399 2051 1426 2073 et
1440 2046 1511 2074 aliud
1525 2054 1539 2074 e
1553 2047 1634 2074 dictis
1652 2050 1677 2074 te
1695 2046 1777 2073 intul-

989 2092 1072 2127 ligere
1088 2092 1180 2124 velim,
1197 2092 1248 2119 hoc
1274 2099 1385 2126 nempe,
1412 2092 1483 2126 quod
1503 2092 1634 2119 debemus
1657 2099 1708 2118 nos
1729 2091 1777 2126 qui

988 2137 1134 2165 validiores
1152 2145 1259 2168 smnus.
1284 2137 1457 2165 inﬁrmitates
1478 2138 1649 2166 inﬁrmorum
1667 2141 1777 2173 portare

988 2188 1016 2210 et
1030 2183 1177 2210 sustinere.
1196 2183 1333 2218 imprimis
1349 2191 1397 2218 per
1422 2189 1484 2211 tota;
1500 2184 1561 2210 vitae
1577 2192 1688 2211 cursum
1706 2184 1778 2211 illius

988 2229 1087 2256 habeto
1108 2236 1212 2261 curam,
1228 2229 1302 2263 quod
1327 2229 1396 2256 nihil
1421 2229 1550 2256 indecore
1577 2230 1657 2256 faciat
1680 2235 1778 2257 cautus

988 2282 1082 2307 arnor;
1100 2274 1194 2302 sedulo
1225 2275 1331 2310 inquire
1348 2274 1413 2309 quid
1441 2275 1493 2301 sibi
1517 2275 1591 2306 velit,
1614 2275 1686 2302 Nihil
1713 2275 1778 2303 facit

987 2321 1127 2353 indecore,
1144 2321 1229 2356 (certe
1245 2321 1405 2348 immensam
1417 2325 1444 2347 et
1458 2320 1637 2348 inuarabilem
1651 2321 1776 2348 utilitatis

984 2366 1107 2394 invenies
1120 2367 1356 2402 profunditatem.)
1373 2366 1509 2394 Nimirum
1519 2367 1592 2401 quod
1608 2375 1663 2394 non
1678 2367 1776 2402 quaerit

983 2421 1044 2447 qua:
1055 2421 1104 2440 sua
1117 2418 1192 2444 sunt,
1207 2413 1255 2440 sed
1275 2413 1367 2440 omnia
1383 2414 1461 2448 tegit,
1477 2418 1570 2448 sperat
1596 2413 1698 2446 omnia,
1727 2421 1774 2441 su-

982 2459 1075 2486 blimia
1092 2463 1155 2486 sunt
1171 2459 1221 2486 ista
1244 2466 1327 2486 onera
1344 2458 1511 2492 sufferenda,
1532 2459 1689 2488 emendatio
1702 2467 1775 2487 sem-

983 2513 1032 2540 per
1049 2510 1075 2532 et
1089 2505 1231 2533 conversio
1247 2505 1273 2531 in
1286 2505 1384 2532 melius
1396 2505 1531 2540 speranda
1546 2510 1588 2533 est
1598 2506 1631 2533 de
1642 2506 1775 2541 proximo.

987 2553 1055 2585 Quid
1074 2553 1147 2580 aliud
1170 2553 1229 2580 vult
1255 2552 1331 2580 Pauli
1357 2552 1502 2588 sapientia,
1529 2552 1640 2584 divitiat.
1666 2552 1776 2588 gratia?

986 2598 1124 2631 Charitas,
1151 2599 1251 2634 inquit.
1282 2607 1422 2634 nunquam
1457 2598 1667 2626 exciditzbeata
1696 2598 1776 2632 plane

987 2653 1050 2677 vox,
1065 2645 1149 2680 magis
1166 2646 1275 2672 beatum
1295 2653 1336 2677 os,
1355 2645 1493 2672 sententia
1510 2645 1604 2671 laudes
1619 2648 1646 2671 et
1659 2643 1775 2670 admira-

987 2692 1090 2718 tionem
1113 2698 1222 2718 omncm
1247 2690 1392 2718 excedens.
1417 2690 1560 2726 Nunquam
1576 2690 1637 2723 ait,
1663 2690 1774 2722 excidit,

804 2768 925 2797 VARle
939 2768 1141 2798 LECTIONES.

181 2846 194 2884 ξ
213 2856 247 2880 πρ
265 2848 432 2880 όνομαζέτω.
473 2849 485 2868 ε
505 2848 548 2875 Ῐσ.
564 2849 610 2874 καὶ
630 2849 660 2874 τὸ
675 2849 764 2884 σῶμα.
816 2851 829 2870 h
846 2851 943 2877 εἰπεῖν.

143 2882 240 2914 πὰὓος.

986 2856 993 2870 ι
1013 2850 1056 2879 to.
1083 2850 1146 2878 illa
1158 2859 1193 2878 τι.
1233 2855 1239 2874 I
1258 2849 1306 2886 τῷ.
1346 2849 1359 2868 ιι
1378 2850 1421 2877 Ζσ.
1435 2849 1462 2876 ἐν
1481 2849 1565 2886 αἰτίᾳ.
1609 2849 1618 2870 ι
1640 2850 1766 2886 subrepit

275 2887 295 2902 ω
315 2883 358 2909 Ic.
378 2884 420 2910 ἐκ.
461 2889 475 2903 η
490 2883 721 2912 άδυνατῡύντωνζ
743 2890 752 2903 ε
774 2885 862 2913 πάντα
876 2885 1009 2914 πιστεύει.
