1928 3097
170 148 220 179 831

730 148 861 178 PHOTII
882 149 1132 180 PA'I‘RHRCHJE
1151 150 1204 179 Cl’.

1739 147 1790 178 832

172 205 233 231 licet
251 203 450 230 tumultuentur
465 202 521 234 alii,
536 201 598 229 licet
623 204 874 232 concertationibus
890 212 947 239 gau-

1008 205 1042 230 τὰ
1056 204 1151 238 πρῶτα
1163 203 1263 238 ζητῶσι
1274 211 1279 217 '
1293 203 1344 229 xiv
1357 202 1452 237 φθόνος
1467 202 1557 233 αὖτοϊς
1566 201 1708 237 άνερεῦίζῃ
1718 211 1725 217 ·
1742 203 1789 228 καὶ

170 250 260 281 deant,
286 249 348 275 licet
375 248 499 282 primaria
525 254 668 282 quaerant,
688 249 751 276 licet
771 249 845 284 ipsos
872 250 956 277 exsti-

170 295 255 322 mulet
282 294 390 327 invidia,
410 293 473 321 lierl
493 302 589 321 manus
608 294 710 328 injuste
733 295 866 322 violentas
891 295 954 329 inji-

169 341 252 372 ciant,
267 340 329 367 licet
341 347 440 373 susque
457 340 573 366 hat-cant
592 340 696 374 deque;
713 348 851 374 nunquam
865 341 955 367 chari-

170 392 209 414 Ias
228 387 261 413 de
276 394 324 413 sua
341 386 457 412 statione
472 386 607 419 dejicitur,
628 394 678 413 nec
693 386 784 414 delicit
805 395 820 414 a
841 387 952 419 virtute,

169 439 222 456 non
232 431 369 464 desperat,
385 439 438 457 non
454 435 595 458 aversatur
605 431 741 463 dolentes;
759 439 866 466 semiper
877 440 954 459 oeca-

168 477 257 502 siones
272 476 378 510 quaerit,
392 483 500 511 semper
515 484 623 504 omnem
644 481 736 504 movet
751 478 879 512 lapidem,
895 485 953 505 om-

168 529 229 548 nem
244 522 293 548 init
309 523 465 549 methodum
482 527 594 550 utextra
616 530 645 550 se
659 523 809 550 desultores
833 523 860 550 in
887 531 951 557 pro-

169 568 255 602 prium
283 568 483 602 coniunctionis
507 573 535 595 et
562 569 673 596 unionis
699 574 806 603 pratum
829 569 950 596 reducat.

170 613 240 647 Ilaec,
253 621 269 641 ο
286 614 321 641 ﬁli
338 615 384 646 nﬁ,
396 615 422 641 in
435 614 543 641 Christo
559 615 700 647 meditare,
715 618 741 642 et
758 615 834 642 hisce
851 620 876 641 te
887 623 952 641 con-

167 660 268 692 forma,
288 659 336 687 tibi
354 661 511 687 concinens.
526 660 605 687 Certe
622 660 691 687 bene
703 661 777 688 noris
797 661 866 695 quod
885 661 952 687 nihil

168 706 210 732 his
228 706 345 740 panariis
361 706 445 742 magis
459 707 523 734 utile
539 707 660 742 reperire
676 707 778 742 poteris
797 717 804 735 :
820 711 949 735 caeterum

1005 249 1104 284 χειρῶν
1118 249 1238 284 ἄρχωσιν
1252 248 1359 275 ἀδίκων·
1372 248 1424 274 κᾶν
1436 247 1469 274 τὰ
1482 248 1538 274 άνω
1553 247 1689 282 στρέφωσι
1704 247 1788 274 nitur

1005 294 1131 320 οὐδέποτε
1146 296 1162 328 ἡ
1177 294 1270 329 ἀγάπη
1285 293 1334 328 τῆς
1348 293 1452 324 οἰκείας
1470 292 1550 326 ἕδρας
1565 292 1612 318 καὶ
1627 292 1728 326 ἀρετῆς
1742 292 1789 318 ἑκ-

1006 341 1110 372 πίπτει,
1135 340 1187 366 οὐδ’
1211 339 1406 374 ἀπογινώσκει,
1424 339 1478 365 οὐδ’
1502 337 1702 372 ἀποστρέφεται
1725 338 1788 369 τοὺς

1005 387 1204 423 λελυπηκότας·
1233 387 1290 413 ἀλλ’
1319 387 1362 412 ἀεὶ
1394 385 1544 421 προφάσεις
1571 384 1709 419 ἐπιζητεῖ,
1740 383 1787 410 καὶ

1007 433 1095 460 πάντα
1108 433 1192 464 κινεῖ,
1209 433 1255 458 καὶ
1273 431 1411 466 μεθοδεύει
1422 451 1429 463 ,
1447 431 1481 457 δι’
1494 427 1530 456 ὧν
1547 430 1645 461 αὐτοὺς
1661 431 1706 456 καὶ
1722 430 1789 455 ἀπο-

1007 479 1172 515 σκιρτῶντας
1182 479 1221 510 είς
1233 479 1277 504 τὸν
1286 479 1384 504 οἰκεῖον
1394 477 1442 511 τῆς
1453 477 1599 511 συναφείας
1610 477 1657 503 καὶ
1667 476 1788 507 ὲνὼσεως

1007 524 1175 560 συναγελάζῃ
1204 522 1334 558 λειμῶνα.
1355 524 1465 555 Ταῦτα,
1488 523 1580 549 τέκνον
1605 522 1737 557 ἡμέτερον
1759 521 1788 547 ὲν

1005 571 1114 606 Κυρίῳ.
1130 570 1246 605 μελέται
1267 571 1312 596 καὶ
1332 571 1437 600 τούτοις
1457 569 1552 595 ἑαυτὸν
1567 568 1696 604 ρύθμιζε,
1721 576 1786 594 κατ-

1005 616 1122 651 επᾴδων.
1137 616 1219 643 Οὐδὲν
1243 616 1306 651 γὰρ,
1329 615 1359 642 εὖ
1381 615 1445 646 ἴσθι,
1465 615 1518 640 τῶν
1533 614 1674 647 παναρίων
1685 613 1787 640 τούτων

1005 662 1133 697 εὑρήσεις
1149 661 1358 697 ὠφελιμώτερον
1369 669 1375 675 ·
1398 661 1432 687 τὰ
1446 661 1467 687 δ’
1483 661 1549 687 ἄλλοι
1573 659 1690 695 ἔρρωσο,
1708 659 1787 694 ἱερώ-

1005 717 1080 740 τατε,
1096 708 1146 744 τῆς
1162 707 1239 743 ἡμῶν
1259 707 1474 742 ὑπερευχόμενος
1491 706 1674 742 μετριότητος.

166 752 235 784 vale,
247 756 274 779 et
293 752 417 787 precibus
435 757 554 779 nostram
569 753 782 780 mediocritatem
802 754 1016 781 commendatam
1035 754 1114 781 habe.

458 790 566 829 EPIST'.
594 803 651 830 xv.

505 847 606 875 Eidem.

1307 800 1418 827 ΕῘΙΙΣΤ.
1439 797 1490 826 lE'.

1323 845 1364 878 Τῷ
1381 845 1470 878 αὐτῷ.

789 905 921 929 Montacut.
939 904 990 935 (ep.
1010 903 1063 934 107,
1080 910 1104 935 ρ.
1122 903 1187 935 152).

197 953 288 982 Gratia
303 954 410 982 Christo
427 963 492 983 vero
510 956 564 984 Deo
585 961 679 984 nostro
691 957 738 992 qui
762 957 791 984 in
818 957 946 985 omnibus

1032 957 1122 992 Χάρις
1147 955 1259 991 Χριστῷ
1283 955 1324 990 τῷ
1348 955 1468 990 ἀληθινῷ
1491 955 1552 990 Θεῷ
1575 954 1664 990 ἡμῶν,
1684 954 1722 990 τῷ
1742 955 1788 981 ἐπὶ

165 1007 214 1026 nos
224 999 390 1032 consolatur,
406 1001 452 1035 qui
467 1006 577 1028 naturas
587 1009 733 1036 generosas
749 1002 772 1030 si
786 1003 829 1030 vel
843 1003 948 1038 aliqua-

165 1051 244 1072 tenus
256 1046 290 1073 ab
305 1046 395 1073 innata
410 1047 511 1074 virtute
528 1047 694 1080 exorbitent,
711 1053 847 1084 potestate
855 1048 947 1082 donat,

163 1093 364 1126 utquantocius
382 1101 461 1120 suum
479 1093 585 1128 lapsum
599 1093 762 1130 intelligant,
775 1099 802 1122 et
816 1094 851 1122 ad
871 1102 948 1122 suam

163 1137 331 1164 nobilitatem
346 1142 374 1164 et
402 1138 563 1173 dignitatem
576 1139 780 1175 regrediantur;
798 1139 846 1175 qui
866 1139 947 1167 etiam

163 1191 246 1215 nunc,
261 1191 315 1210 non
329 1191 451 1211 mearum
470 1185 607 1212 rationum
624 1190 652 1213 et
671 1185 837 1219 orationum,
850 1191 880 1214 ut
893 1191 949 1214 tute

163 1233 252 1262 putes,
270 1227 295 1255 vi
312 1233 339 1255 et
355 1229 551 1262 admonitione,
567 1231 681 1265 gratiam
704 1231 816 1266 largitus
840 1236 893 1264 est,
920 1235 950 1258 ut

163 1274 230 1301 viles
243 1278 271 1301 et
284 1274 401 1302 humiles
421 1283 483 1302 cum
508 1276 640 1311 despectu
654 1277 760 1305 habitas
773 1278 950 1313 cogitationes

163 1319 283 1353 abjicias,
297 1320 345 1347 sed
364 1320 495 1348 facultate
506 1325 534 1348 et
559 1323 658 1350 robore
673 1327 726 1350 tua:
755 1323 842 1358 ipsius
868 1331 949 1358 quam

164 1365 285 1400 possides
301 1367 541 1401 magnanimitatis.
561 1368 590 1395 Si
619 1374 709 1396 autem
722 1370 814 1397 innata
826 1374 947 1404 etappo-

164 1412 215 1437 sita
233 1413 349 1447 propriae
366 1413 514 1442 voluntatis
528 1414 678 1448 amplitudo
692 1423 753 1449 qua;
775 1416 876 1450 optima
894 1420 946 1448 est,

164 1462 191 1484 et
207 1462 312 1486 caetera:
328 1464 380 1486 tuae
395 1460 621 1493 conversationis,
640 1461 699 1488 sine
715 1461 874 1489 difﬁcultate
902 1470 946 1489 re-

163 1503 250 1535 duxit,
266 1508 404 1540 utcunque
418 1514 507 1533 rerum
521 1507 736 1542 contingentium
748 1507 866 1539 occasio,
878 1508 949 1535 mul-

165 1549 247 1584 tipliui
261 1558 304 1579 me
319 1551 376 1579 alea
388 1551 518 1586 jactatum
532 1552 692 1584 turbaverit,
712 1557 741 1580 tu
757 1557 846 1581 tamen
865 1562 950 1589 usque

163 1596 191 1623 in
221 1597 339 1625 immota:
369 1600 494 1627 amicitiae
526 1599 696 1628 insti.utione
731 1600 862 1627 solidatus
888 1608 950 1635 per-

164 1643 254 1671 sistcs.
270 1643 347 1676 Vale,
363 1645 397 1671 mi
414 1645 450 1672 ﬁli
472 1646 667 1674 sacratissime.

455 1691 564 1719 EPIST.
585 1692 656 1719 XVI.

325 1736 449 1772 Gregorio
465 1736 603 1772 Syracusae
620 1738 772 1772 arc/tiept'sc.

999 1004 1067 1030 πᾶσι
1083 1001 1285 1038 παρακαλοῦντι
1301 1002 1386 1037 ἡμᾶς,
1401 1003 1440 1036 τῷ
1456 1001 1565 1033 καὶτὰς
1582 1000 1710 1034 γενναίας
1733 1001 1789 1027 τῶν

1000 1049 1106 1084 φύσεων
1125 1048 1225 1084 (ἔπιδ’
1240 1048 1272 1075 ἂν
1289 1047 1338 1083 τῆς
1362 1049 1466 1078 οἰκείας
1488 1047 1588 1083 ἀρετῆς
1604 1046 1699 1081 μικρὸν
1721 1046 1788 1073 ἀπο-

999 1094 1127 1129 κλίνωσι)
1151 1094 1246 1121 θᾶττόν
1271 1103 1300 1121 τε
1325 1094 1443 1130 συνορᾷν
1463 1092 1651 1128 δυναμοῦντιι²
1675 1092 1706 1118 τδ
1730 1092 1788 1118 ὀλί-

1000 1139 1104 1174 σθημα,
1119 1139 1166 1165 καὶ
1180 1138 1248 1174 πρὸς
1259 1139 1289 1165 τὸ
1299 1139 1397 1165 οἰκεῖον
1407 1140 1454 1164 καὶ
1464 1137 1574 1172 εὐγενὲς
1590 1136 1788 1172 ὲπανατρὲχειν

1000 1186 1119 1220 ἀξίωμα.
1146 1185 1195 1216 *ος
1220 1184 1268 1211 καὶ
1282 1183 1340 1216 νῦν,
1360 1185 1391 1210 οὑ
1406 1185 1440 1219 τῇ
1459 1183 1513 1210 τῶν
1529 1183 1670 1219 ἡμετέρων
1691 1182 1788 1216 λόγων.

1000 1232 1037 1263 ὡς
1061 1231 1094 1258 ἂν
1114 1231 1195 1262 αὐτὸς
1210 1230 1303 1265 φαίης,
1326 1230 1440 1263 δυνάμει
1462 1230 1509 1256 καὶ
1523 1229 1699 1265 παραινέσει·
1719 1228 1789 1255 ἀλλὰ

999 1277 1049 1311 τῆς
1070 1276 1186 1308 οἴκοθεν,
1212 1276 1261 1303 καὶ
1276 1275 1305 1308 ἐξ
1328 1275 1411 1302 αὐτοῦ
1429 1283 1470 1302 σοι
1488 1274 1727 1310 παρασχεσθεὶσης
1740 1281 1789 1308 με-

1000 1323 1153 1357 γαλονοίας,
1168 1323 1201 1356 τῇ
1217 1321 1296 1357 ῥώμῃ
1310 1321 1340 1348 τὸ
1352 1320 1459 1356 χυδαῖον
1474 1319 1523 1356 μὲν
1533 1319 1580 1347 καὶ
1591 1319 1721 1347 ταπεινὸν
1734 1319 1790 1346 τῶν

1000 1368 1137 1403 λογισμῶν
1147 1367 1296 1403 ἐχαρίτωσέ
1310 1375 1340 1394 σε
1351 1366 1559 1393 διαπτύσασθαι.
1573 1366 1603 1393 Et
1616 1365 1644 1392 δὲ
1658 1365 1689 1392 τὸ
1703 1372 1789 1400 προσ-

1001 1416 1067 1450 φυὲς
1081 1416 1128 1442 καὶ
1150 1415 1317 1450 κατάλληλον
1336 1413 1451 1450 μέγεθος
1465 1414 1514 1448 τῆς
1526 1413 1640 1448 ἀρίστης
1659 1411 1791 1447 προαιρέ-

1001 1469 1080 1493 σεως,
1097 1461 1205 1496 καὶτῆς
1224 1461 1307 1495 ἄλλης
1324 1461 1470 1493 πολιτείας,
1487 1461 1520 1487 ὲκ
1542 1459 1589 1486 τοῦ
1616 1459 1714 1494 ῥᾴστου
1739 1459 1789 1486 ἑπ-

1000 1507 1146 1541 ανήγαγεν,
1158 1507 1187 1533 ὲν
1202 1503 1242 1537 οἷς
1255 1506 1313 1541 atq;
1332 1514 1377 1541 μοι
1392 1505 1443 1532 κᾶν
1457 1505 1571 1540 μυρίους
1588 1504 1688 1536 κύὸους
1703 1504 1720 1539 ἡ
1734 1503 1791 1529 τῶν

1001 1553 1172 1587 πραγμάτων
1195 1552 1359 1588 ἀναῤῥίπτοι
1377 1551 1552 1587 περιπέτεια,
1571 1550 1653 1582 αὐτὸς
1677 1551 1791 1577 διαπαν-

979 1611 988 1615 -»
1000 1599 1044 1630 τὸς
1068 1601 1097 1625 ὲν
1116 1598 1259 1634 άκλονήτῳ
1278 1599 1328 1633 τῆς
1351 1599 1461 1633 ἀγάπης
1477 1598 1673 1632 ὲστηριγμένος
1686 1596 1790 1631 φρονή-

964 1643 986 1675 C
1005 1653 1082 1680 ματι.
1101 1645 1238 1680 Ἔρῤωσο,
1254 1645 1349 1671 τέκνον
1362 1643 1495 1679 ἡμέτερον
1509 1642 1665 1678 ἱερώτατον.

1299 1690 1411 1717 ΕΠΙΣΤ.
1427 1690 1485 1717 Ισι.

1299 1691 1411 1717 ΕΠΙΣΤ.
1427 1691 1485 1723 IG’.

1089 1738 1241 1772 Γρηγορίῳ
1256 1737 1481 1772 ἁρχιεπισκόπῳ
1495 1735 1703 1770 Συρακούσης.

782 1795 918 1822 Montacut.
938 1798 988 1829 (ep.
1006 1796 1060 1826 lll,
1078 1802 1101 1826 p.
1119 1795 1184 1825 154).

197 1843 371 1880 Quaecunque
382 1845 620 1882 archiepiscopalis
631 1851 675 1875 tua
685 1848 815 1876 sanctitas
826 1850 858 1876 ad
884 1857 950 1876 con-

162 1889 331 1917 stitutionem
345 1891 391 1917 Dei
404 1891 531 1919 Ecclesia?
550 1897 687 1927 operatur,
703 1893 736 1920 ab
750 1894 808 1928 ipso
817 1895 950 1930 principio

163 1943 222 1962 mea
247 1936 419 1964 mediocritas
444 1941 533 1965 tecum
555 1938 582 1965 in
603 1939 635 1965 iis
659 1939 813 1974 conspirat:
844 1945 874 1968 ut
895 1941 949 1968 fre-

162 1981 290 2015 quentius
305 1982 351 2009 tibi
371 1983 397 2009 in
415 1983 573 2011 memoriam
591 1992 720 2012 revocare
736 1993 791 2012 non
810 1986 845 2012 sit
862 1994 948 2021 opus,

163 2034 235 2054 nunc
265 2029 394 2062 temporis
423 2029 568 2064 pnecipue,
598 2038 659 2058 eum
691 2039 757 2058 voce
787 2039 949 2068 quacunque

162 2073 261 2100 clarius
275 2078 303 2101 et
314 2075 530 2102 consummatius
544 2083 594 2103 nos
609 2077 635 2104 id
649 2077 764 2104 doceant
779 2086 839 2112 quae
853 2084 948 2106 mutuo

162 2119 239 2147 nobis
261 2120 444 2154 contigerunt,
465 2130 496 2149 ac
518 2122 658 2157 utriusque
680 2129 779 2151 statum
803 2125 945 2159 aequalem,

161 2165 284 2193 eumdem
307 2167 440 2200 animum,
465 2168 643 2202 cogitationes
660 2170 769 2197 easdem
791 2176 945 2205 suggerant,

160 2211 312 2239 communis
341 2217 431 2240 nostra
461 2213 487 2240 in
520 2214 626 2241 Christo
655 2223 747 2247 causa,
780 2216 945 2250 persecutio,

160 2264 319 2285 communes
341 2259 490 2293 passiones,
511 2259 664 2287 ineﬂabiles
685 2261 784 2296 quibus
806 2270 944 2289 uterentur

159 2302 309 2330 conﬂictari
337 2309 448 2339 propter
476 2305 705 2340 observationem,
737 2311 764 2334 et
793 2309 943 2336 custodiam

159 2350 348 2377 mandatorum
368 2350 473 2377 Domini
491 2351 593 2379 nostri.
617 2352 729 2380 Intende
745 2358 835 2380 autem
851 2363 942 2389 porro,

158 2400 185 2423 ct
196 2399 270 2423 recto
294 2396 400 2423 tramite
422 2397 550 2429 incedito,
572 2405 669 2424 manus
693 2399 845 2433 imponens,
867 2408 944 2427 sacra

159 2449 300 2476 peragens,
315 2442 413 2470 Christi
429 2451 537 2478 gregem
552 2444 733 2479 multiplicans
749 2449 776 2472 et
795 2445 942 2480 adaugens,

159 2489 258 2523 templa
282 2490 436 2516 veneranda
459 2494 622 2517 construens
639 2495 665 2518 et
682 2491 828 2524 dedicans;
848 2493 943 2526 praaci-

158 2540 211 2568 pue
234 2541 295 2560 cum
313 2538 433 2568 tempora
456 2535 510 2562 sint
529 2535 678 2569 ejusmodi,
697 2535 724 2562 in
741 2535 839 2570 quibus
853 2543 945 2563 sacer-

157 2580 233 2607 dotes
245 2584 272 2606 et
283 2581 475 2614 sacerdotium,
487 2589 611 2617 magnam
626 2587 741 2616 partem,
759 2583 943 2610 miserandum

157 2627 183 2652 in
212 2625 322 2653 modum
351 2626 458 2654 silentio
487 2627 652 2659 obruuntur,
683 2631 711 2654 et
725 2635 758 2654 ex
787 2627 944 2655 hominibus

157 2672 331 2698 eliminantur
341 2680 348 2704 ;
359 2679 419 2699 cum
432 2673 530 2706 templa
544 2673 643 2707 passim
656 2672 775 2699 desolata
785 2673 903 2707 iaceant,
915 2677 943 2700 et

156 2716 284 2745 demolita
308 2717 418 2745 sintaut
438 2718 564 2752 expilata,
588 2725 637 2753 pro
655 2718 700 2745 illo
720 2718 815 2746 ordine
835 2723 862 2745 et
883 2719 941 2753 pul-

1040 1847 1109 1874 Ὅσα
1123 1847 1190 1881 πρὸς
1206 1845 1391 1880 καταρτισμδν
1401 1845 1449 1880 τῆς
1464 1844 1509 1871 τοῦ
1531 1842 1599 1871 Θεοῦ
1625 1842 1790 1878 Ἐκκλησέας

1003 1893 1019 1927 ὴ
1034 1891 1213 1928 ἀρχιερατικὴ
1231 1891 1307 1926 ὑμῶν
1319 1890 1515 1926 διαπράττεται
1539 1889 1650 1925 ὁσιότης
1662 1909 1669 1922 ,
1685 1888 1791 1916 ἄνωθεν

1001 1939 1048 1964 καὶ
1065 1938 1183 1973 ὲξαρχῆς
1196 1939 1246 1972 τὴν
1268 1936 1405 1971 ἡμετέραν
1423 1936 1494 1971 ἔχεις
1524 1934 1723 1970 συμφωνοῦσαν
1739 1943 1790 1969 με-

1000 1983 1129 2019 τριότητα
1140 1991 1146 1998 ·
1162 1982 1258 2018 διόπερ
1273 1983 1302 2008 οὐ
1315 1982 1399 2008 δεῖται
1411 1980 1539 2016 συνεχοῦς
1554 1981 1600 2007 ἐπὶ
1610 1980 1716 2012 τούτοις
1724 1980 1784 2007 ὑπο-

1001 2031 1142 2065 μνήσεως’
1162 2028 1279 2063 μάλιστά
1290 2036 1321 2061 γε
1332 2027 1388 2059 νῦν,
1405 2028 1449 2053 ὅτε
1476 2027 1568 2061 φωνῆς
1584 2027 1694 2061 ἁπάσης
1718 2026 1789 2069 λαμ-

999 2074 1131 2110 πρότερόν
1155 2082 1184 2099 τε
1212 2073 1260 2099 καὶ
1279 2072 1456 2108 τελειότερον,
1476 2072 1698 2099 ἀναδιδάσκουσιν
1714 2069 1789 2106 ἡμᾶς

998 2121 1032 2147 τά
1044 2120 1177 2155 ἀλλήλων,
1195 2121 1241 2145 καὶ
1254 2120 1294 2149 είς
1312 2119 1376 2153 μίαν
1393 2118 1506 2154 γνώμην
1532 2118 1579 2144 καὶ
1593 2118 1624 2144 τὸ
1646 2117 1710 2144 αὐτὸ
1727 2126 1789 2144 συν-

998 2166 1114 2193 άπτουσι
1128 2165 1253 2200 φρόνημα
1264 2173 1271 2179 ·
1286 2165 1330 2191 ὅτε
1347 2164 1436 2196 κοινὸς
1449 2163 1519 2200 ὑπὲρ
1529 2164 1647 2200 Χριστοῦ
1656 2163 1788 2198 διωγμὸς.

997 2214 1044 2240 καὶ
1058 2214 1092 2240 τὰ
1108 2213 1185 2240 κοινά
1203 2213 1276 2247 πάθη
1292 2213 1339 2239 καὶ
1353 2212 1531 2246 ἀνιστόρητα,
1553 2209 1593 2243 οἷς
1607 2211 1729 2238 ἐναολείν
1742 2211 1788 2238 διὰ

995 2261 1045 2296 τὴν
1062 2260 1225 2295 συντήρησιν
1240 2259 1294 2285 τῶν
1306 2258 1472 2286 δεσποτικῶν
1486 2258 1602 2284 ἐντολῶν
1626 2258 1674 2284 καὶ
1697 2264 1790 2292 παρα-

998 2305 1131 2341 φυλακὴν,
1145 2305 1304 2340 ἁξιοὺμεθα.
1322 2305 1443 2331 Ἔντεινε
1464 2303 1553 2331 τοίνυν
1570 2304 1618 2330 καὶ
1641 2302 1790 2330 κατευοδοῦ

999 2352 1159 2388 χειροηετῶν
1175 2360 1204 2378 τε
1217 2352 1264 2378 καὶ
1278 2351 1434 2386 ίεροτελῶν,
1449 2351 1496 2377 καὶ
1510 2350 1540 2376 τὸ
1558 2350 1682 2385 ποίμνιον
1697 2347 1790 2381 αὔξων

998 2399 1045 2426 καὶ
1059 2398 1202 2432 πληθύνων
1229 2397 1346 2433 Χριστοῦ
1358 2405 1364 2412 ’
1392 2397 1471 2428 ναούς
1486 2405 1516 2423 τε
1532 2397 1648 2428 σεπτοῦς
1674 2395 1791 2430 ἐγείρων

998 2443 1044 2469 καὶ
1063 2442 1257 2478 τελεσιουργῶν
1268 2451 1275 2457 ·
1290 2442 1346 2468 ἀλλ’
1364 2442 1433 2468 ὥστε
1450 2447 1464 2466 q
1476 2442 1523 2467 καὶ
1537 2442 1644 2477 καιροῖς
1656 2439 1791 2471 τοιούτοις

998 2489 1026 2514 ἐν
1043 2485 1083 2519 οἷς
1098 2489 1179 2523 ἱερεῖς
1195 2496 1222 2514 τε
1238 2489 1285 2514 καὶ
1302 2487 1446 2522 ἱερωσύνη,
1465 2487 1495 2513 τὸ
1507 2486 1589 2522 μέρος
1605 2485 1716 2511 ἐκείνων
1731 2484 1790 2511 τῶν

996 2532 1169 2567 τρισαθλίων,
1186 2534 1327 2568 σεσίγηται
1348 2533 1395 2559 καὶ
1410 2533 1440 2565 ἐξ
1453 2532 1604 2568 ἀνθρώπων
1614 2532 1764 2568 ἠφάνισται
1777 2539 1786 2546 ·

996 2578 1067 2605 ναῶν
1085 2587 1114 2605 τε
1144 2579 1245 2614 ἐρημία
1271 2579 1318 2605 καὶ
1334 2579 1467 2614 πόρθησις
1483 2579 1543 2605 ἀντὶ
1557 2580 1607 2614 τῆς
1623 2579 1688 2613 πρὶν
1703 2578 1788 2604 εὐκο-

996 2625 1089 2659 σμίας,
1105 2624 1135 2650 τὸ
1160 2624 1313 2659 Ῥωμαϊκὸν
1330 2625 1439 2660 κατέχει
1455 2624 1616 2659 πολίτευμα,
1628 2624 1674 2650 καὶ
1691 2631 1789 2658 μονον-

994 2671 1053 2706 ουχὶ
1081 2671 1114 2697 τὰ
1138 2670 1312 2706 Χριστιανῶν
1334 2672 1365 2697 ἐκ
1392 2670 1500 2705 βάθρων
1524 2670 1614 2697 αὐτῶν
1630 2669 1788 2704 ἀνατέτρα-

995 2726 1070 2744 πται·
1079 2715 1129 2749 οἷς,
1139 2717 1180 2748 τίς
1189 2717 1270 2750 ἀξίως
1279 2716 1356 2748 ἄλλος
1365 2717 1381 2752 ἢ
1391 2717 1523 2752 Ἱερεμίας
1534 2715 1720 2748 ὲπιστενάξειε
1741 2714 1788 2742 δυ-

789 2797 906 2825 VARI/E
927 2797 1128 2825 LECTIONES.

197 2879 209 2899 It
226 2875 273 2901 xii.
292 2877 493 2911 ἐνδυναμοῦντι.
534 2884 546 2904 tt
572 2879 655 2910 ἄλλως
674 2887 712 2906 τί.
