1928 3097
139 144 193 175 823
719 138 991 170 EPISTOLARUM
1012 138 1126 169 LIBER
1147 140 1186 169 Il.
1707 146 1760 178 834

138 201 218 231 νατδς
239 199 279 225 ὢν
305 198 416 230 οἰκείοις
435 197 541 232 θρήνοις
564 195 729 230 τηλικαύτης
745 195 861 230 ἐρημίας
879 195 912 220 ὲκ

979 195 1134 223 chritudine
1157 204 1209 231 qua
1231 198 1306 232 prius
1325 198 1445 226 Romana
1465 199 1616 234 respublica
1638 199 1761 227 ﬂorebat.

137 245 311 281 τοαγῳδῆσαι
339 244 386 270 καὶ
407 242 580 277 παραστῆσαι
603 241 734 276 μέγεθοςς
754 239 823 267 ἀλλὰ
843 239 913 266 ταῦτλ

981 245 1008 266 et
1036 240 1259 269 Christianismus
1283 247 1385 270 tantum
1406 251 1460 270 non
1485 251 1517 271 ex
1543 244 1602 272 imis
1623 245 1763 272 subruitur

141 292 190 324 μὲν
202 291 249 317 καὶ
263 288 428 324 σιωπώμενα
444 288 590 322 κέκραγεν.
603 286 638 312 Σὺ
655 285 682 312 δέ
696 294 741 319 μοι
761 286 796 312 τά
809 293 839 311 τε
858 283 913 311 ἄλλ(

981 285 1175 314 fundamentis.
1192 287 1371 323 lngemiscore
1385 289 1417 316 ad
1432 289 1500 321 haec,
1516 297 1565 324 pro
1584 290 1687 317 meritis
1702 291 1763 325 quis

136 337 252 373 ἔρρωσο,
271 336 318 362 καὶ
331 336 381 367 τῆς
397 334 474 370 ἡμῶν
490 332 641 372 ὑπερεύγσου
656 331 840 366 μετριότητος.

979 330 1048 357 alius
1073 331 1211 359 suiTecerit
1233 341 1313 367 quam
1338 333 1479 365 Jercmias,
1505 334 1550 368 qui
1570 334 1685 368 propriis
1705 335 1763 361 suis

136 384 215 411 lessis
238 387 266 410 et
280 380 414 413 lamentis,
437 384 517 407 tanta:
538 379 671 407 vastitatis
689 382 716 404 et
738 376 911 404 tlesolationis
934 377 1148 411 magnitudinem
1167 383 1194 405 et
1210 379 1362 413 exprimere
1381 379 1476 414 possit,
1496 384 1523 406 et
1549 380 1648 414 tragice
1666 380 1761 415 duplo-

137 431 218 458 rare‘!
246 429 293 457 sed
317 429 376 456 haec
398 428 508 455 silentio
531 434 623 461 pressa
645 426 797 454 exclamant
827 429 928 452 tamen.
962 422 1002 450 Tu
1019 429 1116 452 caatera
1130 426 1200 458 vale,
1213 431 1242 453 et
1256 434 1304 461 pro
1319 434 1378 453 mea
1392 426 1578 454 mediocritate
1591 427 1661 461 apud
1677 426 1761 454 Deum

136 476 263 512 precibus
276 475 424 502 intercedc.

438 542 547 569 ΕΠΙΣΤ.
572 541 622 568 IZ'.

438 543 514 569 ΕΠΙΣ
540 562 547 569 .
572 543 622 568 IZ'.

213 588 346 623 Ἰγ-νατίῳ
358 543 561 622 ,ιιητροπολῖῃ
574 585 852 616 Κλιτυὸιουπόλεως.

1259 537 1366 565 El’lST.
1386 537 1463 565 XVII.

1128 581 1235 618 Ignatio
1252 588 1363 618 κιαι-ορ.
1378 583 1619 617 Claudiopolitano.

745 641 877 666 Montacut.
895 643 946 674 (ep.
962 641 1016 672 115,
1031 647 1056 672 p.
1072 640 1140 671 156).

170 694 225 722 Ἦν
244 704 309 722 ποτε
325 695 440 730 φευκτὸν
455 696 502 722 καὶ
531 695 645 730 φοϐερὸν
671 695 702 721 τὸ
716 695 850 730 ἀνάθεμα.
875 696 918 722 ὅτε

134 742 205 769 κατὰ
219 742 272 768 τῶν
286 742 384 777 ἐνόχων
397 743 445 777 τῆς
464 741 601 772 ἀσεϐείας,
619 742 688 776 ὑπὲρ
702 741 756 767 τῶν
767 741 817 775 τῆς
839 741 918 767 εὐσε-

133 788 211 819 ϐείας
225 788 363 824 κηρύκων,
379 788 502 822 ἐφέρετο.
524 788 582 821 Ἀφ’
597 784 627 814 οὗ
644 787 671 813 δὲ
695 788 712 822 ὴ
728 787 852 822 τολμηρὰ
872 788 918 813 καὶ

1009 694 1074 721 Erat
1100 694 1164 720 olim
1198 694 1316 721 terribile
1341 696 1494 728 anathema,
1521 700 1549 722 et
1586 696 1758 732 fugiendum;

973 748 1071 775 nempe
1097 748 1158 767 cum
1176 749 1190 767 a
1210 741 1331 768 veritatis
1347 742 1526 775 praeconibus,
1545 748 1637 769 contra
1658 750 1717 770 reos
1733 748 1760 770 et

976 785 1113 820 improbos
1130 787 1277 814 ferebatur.
1303 787 1340 813 Ex
1357 795 1410 821 quo
1428 795 1491 813 vero
1520 788 1607 814 audax
1627 793 1654 815 et
1673 788 1760 823 impu-

133 834 310 870 ἀναίσχυντος
337 833 392 860 τῶν
421 833 577 868 ἀλαστόρων
595 833 718 865 ἀπόνοια,
742 834 815 868 παρὰ
829 834 913 860 πάντα

971 831 1038 858 dens
1057 832 1202 859 alastorum
1224 832 1402 866 quorumdam
1427 833 1546 865 vesania,
1566 838 1659 861 eontra
1688 834 1760 868 leges

134 880 233 914 θεσμὸν
249 879 320 906 θεῖόν
333 888 363 906 τε
383 879 430 906 καὶ
452 879 632 914 ἀνθρώπινον,
656 879 702 905 καὶ
729 879 805 914 παρὰ
831 879 920 905 πάντα

133 926 215 960 λόγον,
225 925 379 960 Ἑλληνικόν
392 934 422 952 τε
434 925 480 951 καὶ
493 924 640 960 βάρϐαρον,
649 924 679 950 τὸ
688 925 786 951 οἰκεῖον
796 924 920 959 ἀνάθεμα

132 969 202 995 κατὰ
212 969 267 996 τῶν
277 969 427 1004 προμάχων
441 969 489 1004 τῆς
505 969 661 1004 ὀρθοδοξίας
677 969 857 1004 ἀναστρέφειν
874 970 920 995 ὲκ-

132 1015 280 1050 φρυάξατο,
292 1016 338 1042 καὶ
352 1015 400 1052 τὴν
416 1015 583 1051 βαρὸαρικὴν
602 1015 701 1050 μανίαν
726 1015 919 1050 ἐκκλησιαστι-

132 1061 182 1095 κὴν
193 1061 364 1096 παρανομίαν
374 1061 580 1097 ὲφιλὸνείκησαν
591 1061 809 1096 ἀπεργάσασθαι,
820 1062 919 1088 αὐτίκα

132 1107 180 1133 καὶ
201 1107 231 1133 τὸ
254 1107 368 1143 φρικτὸν
396 1108 483 1134 ἐκεῖνο
500 1108 545 1133 καὶ
565 1107 660 1142 ποινῆς
690 1108 799 1141 ἀπάσης
831 1107 919 1142 πέρας

131 1149 254 1186 ἔσχατον,
271 1153 311 1183 είς
326 1151 427 1185 μύθους
442 1152 490 1178 καὶ
503 1151 616 1185 παίγνια
631 1152 839 1186 μεταπέπτωκε·
853 1152 919 1187 μᾶλ-

132 1199 176 1225 λον
193 1199 232 1231 δὲ,
246 1201 302 1230 τοῖς
323 1198 448 1225 εὐσεὸἐσι
473 1199 521 1226 καὶ
551 1199 659 1234 αἱρετὸν
675 1192 917 1234 παρεσκεύασται.

133 1243 202 1270 Οὐδὲ
214 1243 268 1277 γὰρ
282 1242 338 1269 οὐδ’
366 1244 382 1278 ἡ
401 1244 551 1279 πάντολμος
576 1243 630 1270 τῶν
645 1244 750 1279 ἐχθρῶν
777 1245 826 1279 τῆς
850 1244 918 1279 ἀλη-

133 1291 208 1323 Θείας
217 1291 325 1326 γνώμη,
336 1291 385 1322 τὰς
400 1292 505 1324 ποινὰς,
523 1291 571 1317 καὶ
585 1291 702 1326 μάλιστα
712 1292 760 1322 τὰς
774 1291 919 1326 ἐκκλησια-

133 1336 240 1369 στικὰς,
252 1338 324 1364 ποιεῖ
332 1336 461 1372 φοϐερὰς,
475 1336 543 1363 ἀλλὰ
553 1336 607 1363 τῶν
620 1337 778 1371 πασχόντων
791 1336 821 1362 τδ
836 1336 918 1362 ὑπεύ-

132 1382 221 1416 θυνον,
236 1383 274 1414 ὡς
288 1383 318 1409 τό
333 1391 365 1417 γε
376 1382 521 1409 ἀνεύθυνον
533 1383 577 1408 καὶ
602 1383 642 1413 είς
659 1381 759 1417 χλεύην
773 1382 823 1413 τὰς
845 1381 918 1408 ὲκεί-

130 1438 184 1456 νων
199 1430 334 1465 τιμωρίας
346 1430 451 1465 τρέπει,
464 1429 511 1455 καὶ
533 1427 594 1455 κατ’
606 1428 719 1455 ἐκείνων
737 1428 767 1454 τὸ
782 1427 917 1462 δικαίωμα

131 1475 180 1510 τῆς
197 1475 332 1510 τιμωρίας
348 1475 523 1510 ἀναστρέφει,
537 1474 583 1501 καὶ
601 1474 639 1510 τῷ
659 1475 705 1500 ὑπ’
724 1474 814 1502 αὐτῶν
829 1483 916 1509 τιμω-

132 1520 256 1556 ρουμένῳ
271 1521 418 1554 στεφάνους
437 1520 600 1555 ἀκηράτους.
614 1520 659 1546 καὶ
674 1518 806 1546 ἀθάνατον
825 1519 915 1553 δόξαν,

130 1567 191 1593 ἀντὶ
207 1566 314 1601 ποινῆς,
338 1566 533 1602 ἀπεργάζεται.
563 1565 602 1591 Δι’
627 1565 641 1592 ὃ
667 1566 715 1592 καὶ
731 1565 847 1597 ἕκαστος
859 1566 914 1592 τῶν

129 1611 250 1639 εὐσεϐῶν
264 1612 310 1639 καὶ
325 1612 420 1646 ἁγίων,
434 1612 480 1638 ὑπ’
495 1611 583 1638 αὐτῶν
601 1610 826 1646 ὴλλοτριωμένων
847 1612 916 1647 Χρι-

130 1657 205 1691 στοῦ,
220 1657 348 1693 μυριάκις
363 1657 480 1693 αἱρεῖται
503 1654 768 1691 προπηλακίζεσθαι,
785 1655 831 1682 καὶ
849 1656 913 1681 ἀνα-

129 1703 322 1738 θεματίςεσθαι
338 1704 355 1739 ἢ
375 1704 432 1734 τοῖς
455 1702 544 1729 αὐτῶν
557 1701 739 1737 μισοχρίστοις
757 1701 803 1727 καὶ
819 1701 914 1727 θεστυ-

129 1749 205 1782 γέσιν
224 1749 292 1786 μετὰ
314 1748 444 1784 λαμπρᾶς
463 1748 513 1782 τῆς
529 1748 666 1782 εὐφημίας
687 1747 849 1782 κοινωνῆσαι
867 1755 914 1774 πο-

127 1795 306 1830 νηρεύμασιν.

427 1840 538 1867 ΕΠΙΣΤ.
556 1840 611 1869 IH'.

258 1886 379 1921 Μιχαὴλ
390 1886 594 1922 μητροπολίτῃ
608 1885 793 1920 Μιτυλήνης.

971 885 1067 904 omnes
1080 877 1187 905 divinas
1196 883 1224 905 et
1236 878 1384 910 humanas;
1400 882 1495 905 contra
1504 886 1611 906 omnem
1626 880 1758 907 rationem

970 922 1101 954 Graecam,
1121 923 1273 954 barbaram,
1296 923 1415 957 ipsorum
1437 925 1581 951 anathema
1604 924 1631 950 in
1657 933 1759 960 propu-

970 972 1095 1002 gnatores
1123 969 1279 996 orthodoxae
1306 968 1413 1003 pietatis
1439 969 1523 1004 jaciat
1546 970 1706 1002 insolenter,
1729 976 1759 998 et

971 1012 1078 1040 furores
1111 1013 1277 1045 barbaricos,
1304 1014 1501 1042 ecclesiasticas
1529 1017 1758 1051 transgressiones

970 1065 1066 1094 magna
1091 1060 1268 1087 contentione
1288 1059 1426 1087 habendas
1445 1062 1629 1095 contendunt;
1645 1070 1659 1088 e
1675 1063 1758 1090 resti-

970 1103 1013 1138 gio
1035 1104 1102 1131 illud
1127 1105 1337 1138 formidandum,
1362 1110 1388 1132 ct
1414 1107 1534 1134 omniunt
1563 1108 1756 1142 suppliciorum

970 1154 1134 1182 extremum,
1155 1151 1182 1177 in
1199 1150 1317 1177 fabulam
1333 1156 1360 1178 et
1376 1151 1521 1179 ludibrium
1541 1154 1645 1180 evasit:
1667 1159 1757 1188 potius

969 1195 1019 1222 viri
1035 1196 1072 1231 pii
1090 1196 1156 1223 illud
1172 1197 1374 1230 exoptaverint;
1396 1204 1450 1223 non
1470 1198 1541 1224 enirn
1557 1198 1690 1225 sententia
1710 1207 1757 1233 per

970 1241 1166 1269 audacissimos
1197 1242 1318 1269 veritatis
1346 1243 1438 1269 hostes
1462 1243 1514 1270 lata
1542 1251 1635 1278 poenas
1661 1246 1754 1274 saltent

969 1287 1165 1315 ecclesiasticas
1181 1283 1365 1316 formidabiles
1383 1289 1457 1318 facit.
1481 1291 1528 1318 sed
1551 1299 1641 1320 reatus
1662 1302 1756 1321 eorum

970 1333 996 1359 in
1012 1341 1080 1368 quos
1095 1333 1294 1368 intorquentur.
1310 1335 1389 1367 Quod
1403 1335 1424 1363 si
1437 1335 1570 1365 innocens
1584 1340 1645 1373 quis
1661 1340 1754 1372 lui-rit,

969 1379 1096 1406 ridendas
1107 1380 1213 1407 illorum
1226 1387 1321 1414 poenas
1341 1384 1475 1417 propitiat,
1493 1389 1520 1411 et
1533 1384 1560 1411 in
1578 1385 1756 1419 ipsorummet

966 1424 1098 1459 judicium
1115 1430 1211 1457 mutat.
1232 1427 1267 1453 illi
1290 1434 1379 1455 autem
1403 1437 1482 1464 quem
1510 1431 1658 1459 multarunt
1678 1441 1755 1460 coro-

968 1478 1030 1497 nam
1055 1471 1318 1506 imtuarcescibilem,
1337 1478 1364 1501 et
1381 1474 1559 1503 immortalem
1578 1477 1689 1512 gloriam
1706 1487 1755 1513 pro

928 1515 950 1546 C.
967 1516 1107 1551 suppliciis
1127 1522 1261 1552 procurat.
1279 1518 1410 1552 Quocirca
1425 1521 1539 1556 quisque
1563 1523 1623 1557 pius
1638 1529 1666 1551 et
1691 1533 1755 1551 san-

967 1569 1028 1590 ctus
1049 1564 1090 1591 vir
1105 1565 1178 1592 mille
1195 1566 1283 1592 modis
1300 1568 1442 1601 optaverit,
1463 1569 1552 1603 potius
1568 1570 1603 1597 ab
1625 1571 1658 1598 iis
1676 1572 1721 1606 qui
1738 1580 1754 1600 a

965 1608 1076 1636 Christo
1097 1610 1176 1636 alieni
1206 1614 1271 1637 sunt
1296 1612 1468 1639 contumeliis
1488 1614 1567 1644 allici.
1593 1619 1620 1641 et
1642 1617 1754 1644 anathe-

965 1658 1038 1681 mate
1059 1653 1145 1688 feriri,
1166 1664 1246 1690 quam
1269 1664 1330 1683 cum
1355 1657 1501 1691 splendore
1522 1663 1549 1687 et
1570 1662 1700 1696 applausu
1720 1663 1754 1690 de

965 1699 1085 1735 ipsorum
1098 1701 1281 1737 impietatibus
1290 1703 1460 1739 participare,
1476 1707 1520 1741 qui
1531 1707 1641 1735 Christo
1652 1710 1750 1742 odiosi.

966 1750 995 1773 et
1011 1746 1065 1774 Deo
1080 1747 1159 1775 invisi
1173 1754 1246 1776 sunt.

1246 1849 1353 1878 EPIST.
1374 1851 1467 1880 XVIII.

1123 1894 1245 1922 Miclzaelt‘
1261 1896 1398 1933 Mitylene:
1416 1899 1596 1933 mehopolilw.

737 1940 872 1966 Montacut.
890 1941 941 1974 (ep.
959 1945 1012 1977 “6,
1028 1954 1055 1978 p.
1072 1948 1137 1980 157).

161 1994 265 2029 Ὥσπερ
275 1994 337 2025 τοὺς
346 1993 393 2020 τοῦ
408 1995 543 2021 Δεσπότου
556 1993 679 2029 μαθητὰς
691 1993 723 2020 τδ
737 1995 909 2030 μισόχριστον

123 2040 179 2066 τῶν
193 2039 327 2068 Ἰουδαίων
337 2039 474 2075 συνέδριον
486 2038 717 2074 ἀποσυναγώγους
736 2040 907 2074 ποιήσαντες,

989 1999 1221 2032 Quemadmodum
1232 2004 1379 2040 discipulos
1385 2007 1490 2035 Domini
1499 2008 1584 2035 nostri
1593 2008 1747 2037 Judaeorum

961 2045 1172 2076 Christiosorum
1184 2052 1338 2085 synedrium
1349 2061 1364 2079 e
1376 2055 1518 2089 synagogis
1527 2055 1678 2089 ejicientes,
1687 2056 1747 2084 illos

123 2087 246 2119 ἐκείνους
271 2087 319 2123 μὲν
346 2088 446 2123 μᾶλλον
460 2096 500 2123 τῳ
525 2087 683 2122 Διδασκάλῳ
710 2087 757 2114 καὶ
785 2088 907 2123 Δεσπότῃ

966 2100 994 2119 30
1010 2093 1081 2121 facto
1092 2115 1099 2127 ,
1121 2097 1206 2131 magis
1226 2097 1358 2132 magistro
1372 2087 1399 2126 et
1417 2087 1532 2127 Domino
1544 2101 1642 2128 dedere
1663 2110 1748 2137 copu-

125 2132 346 2167 προσῳκείωσαν,
363 2132 476 2164 ἑαυτοὺς
490 2133 518 2158 δὲ
533 2132 623 2159 τέλεον
634 2133 681 2159 καὶ
695 2132 744 2166 τῆς
758 2132 834 2164 θείας
859 2141 911 2167 μυ-

126 2177 291 2210 σταγωγίας,
303 2178 351 2204 καὶ
363 2178 412 2212 τῆς
424 2177 546 2213 οὐρανῶν
563 2177 702 2212 gae-lata;
715 2177 908 2213 ὴλλοτρίωσαν.

124 2222 202 2248 Οὕτω
218 2222 265 2248 καὶ
288 2222 336 2249 νῦν
359 2224 383 2249 ot
403 2223 456 2249 τῶν
480 2223 614 2251 Ἰουδαίων
634 2224 762 2258 μιμηταὶ,
779 2224 841 2255 τοὺς
857 2224 909 2250 τῶν

121 2267 279 2294 ἀποστόλων
304 2268 448 2303 ζηλωτὰς,
475 2270 705 2304 ἀποσυναγώγους
735 2271 908 2305 ποιήσαντες,

122 2314 196 2348 ἡμᾶς
213 2313 262 2348 μὲν
272 2315 329 2346 τοῖς
343 2314 496 2346 θεσπεσίοις
512 2315 626 2347 ἐκείνοις
636 2316 684 2342 καὶ
698 2316 845 2347 αὑτόπταις
861 2316 908 2344 τοῦ

122 2361 221 2393 Λόγου,
235 2361 355 2396 συνῆψαν
372 2370 402 2387 τε
419 2361 520 2395 μᾶλλον
539 2361 587 2387 καὶ⁵
608 2362 777 2396 συνήνωσαν.
805 2362 834 2389 'H
854 2362 908 2398 γὰρ

123 2406 247 2432 κοινωνία
273 2406 328 2432 τῶν
342 2406 437 2432 παθῶν
463 2407 662 2441 ἀκριϐεστέραν
679 2409 793 2434 ποιεῖται
806 2408 855 2443 τὴν
878 2409 907 2435 ὲν

120 2449 170 2484 βίῳ
186 2451 231 2477 καὶ
249 2450 339 2477 πίστει
354 2452 511 2485 συνάφειαν·
530 2451 642 2483 ἑαυτοὺς
652 2451 680 2477 δὲ
705 2452 752 2478 καὶ
766 2453 816 2487 τῆς
833 2453 906 2479 ὲκεί-

119 2504 173 2522 νων
199 2496 371 2528 διδασκαλίας
388 2517 395 2530 ,
425 2497 540 2532 καὶτῆς
574 2497 709 2532 ἡμετέρας
739 2498 904 2533 ὀρθοδοξίας,

119 2541 244 2572 ἐλεεινῶς
258 2551 288 2568 τε
304 2543 350 2570 καὶ
366 2542 466 2574 ἀθλίως
496 2542 663 2577 ὲναπέτεμον
675 2551 681 2556 ·
709 2543 756 2569 καὶ
773 2543 821 2577 τῆς
836 2544 905 2578 Χρι-

120 2588 235 2614 στιανῶν
248 2588 315 2620 ὅλως
332 2589 379 2615 καὶ
393 2589 515 2624 κλήσεως
528 2589 575 2615 καὶ
586 2589 722 2620 πολιτείας
735 2590 784 2624 τὴν
801 2590 904 2616 ἑαυτῶν

119 2634 217 2668 μοῖραν
231 2633 398 2668 δικάσαντες,
411 2635 450 2666 εὶς
465 2635 513 2669 τὴν
529 2634 582 2661 τῶν
607 2634 750 2666 Ἰουδαίων,
772 2634 818 2666 οὓς
832 2644 903 2670 παρ-

116 2677 267 2712 εζήλωσαν,
279 2679 326 2705 καὶ
341 2680 538 2715 χριστομαχίαν
553 2679 600 2707 καὶ
612 2680 770 2714 μιαιφονίαν
784 2680 903 2715 φερόμε-

120 2731 156 2749 δοι
168 2724 390 2752 ἐκπεπτώκασιν.

962 2138 1042 2171 latos,
1062 2144 1090 2166 at
1106 2141 1212 2175 seipsos
1242 2143 1350 2177 penitus
1374 2152 1389 2171 a
1408 2145 1512 2172 cmlcsti
1532 2147 1696 2182 mystagogia
1719 2153 1747 2175 et

961 2191 1044 2219 regno
1069 2187 1201 2215 ctelorum
1234 2189 1338 2217 alienos
1372 2191 1525 2218 reddidere.
1551 2192 1591 2219 Ad
1617 2194 1746 2221 eumdem

960 2230 1069 2257 modum
1087 2236 1114 2258 et
1127 2240 1201 2260 nunc
1214 2233 1369 2261 Judatorum
1388 2235 1537 2263 imitatores
1560 2237 1746 2271 apostolorum

959 2275 1060 2302 zclotas
1076 2284 1126 2304 nos
1148 2285 1163 2304 e
1178 2280 1319 2315 synagogis
1333 2280 1484 2315 ejicientes,
1503 2289 1536 2308 eo
1554 2281 1626 2309 facto
1645 2282 1745 2310 divinis

959 2320 1020 2353 illis,
1047 2327 1075 2350 et
1103 2322 1185 2351 Verbi
1206 2325 1339 2353 incarnati
1361 2327 1560 2361 spectatoribus
1581 2336 1630 2355 nos
1659 2329 1746 2364 magis

958 2366 1119 2401 conjunetos
1144 2370 1322 2403 adunierunt;
1346 2371 1480 2406 siquidem
1501 2381 1659 2401 communes
1680 2382 1743 2409 pas—

957 2411 1059 2445 siones,
1085 2415 1286 2443 exactissimatn
1307 2417 1368 2444 vita:
1391 2422 1418 2445 et
1439 2418 1500 2446 ﬁdei
1520 2419 1741 2454 eonjunctionem

957 2464 1122 2492 operantur;
1143 2465 1229 2488 semet
1244 2465 1334 2490 autem
1356 2463 1430 2498 ipsos
1448 2464 1482 2491 ab
1498 2472 1592 2491 eorutn
1607 2465 1740 2498 doctrina,

956 2507 984 2528 ct
1003 2504 1152 2532 orthodoxa
1169 2510 1262 2533 nostra
1280 2508 1341 2540 title.
1358 2509 1487 2537 miserum
1504 2515 1531 2537 et
1556 2511 1740 2538 miserandum

956 2545 983 2573 in
1005 2548 1114 2575 modum
1129 2550 1318 2585 absciderunt;
1337 2558 1365 2580 et
1386 2561 1447 2581 cum
1467 2555 1583 2589 separati
1601 2561 1664 2583 sunt
1680 2564 1741 2583 om-

954 2590 1021 2617 nino
1035 2598 1050 2618 a
1069 2592 1286 2622 Christianorum
1307 2597 1418 2624 nomine
1433 2604 1461 2625 et
1475 2599 1567 2633 politia
1578 2620 1586 2634 ,
1602 2600 1741 2627 inJuda-o-

955 2643 1015 2662 rum
1045 2645 1114 2671 quos
1143 2639 1200 2667 zelo
1230 2640 1390 2675 imitantur,
1420 2645 1616 2679 oppositionem
1644 2650 1740 2675 contra

953 2681 1103 2754 ﬁbristum,
1130 2690 1157 2713 et
1182 2686 1320 2715 homicidii
1343 2689 1520 2724 pollutionem
1539 2691 1641 2726 abrepti
1666 2691 1740 2718 exci~

972 2733 1060 2754 erunt.

972 2733 1060 2757 erunt.
