1928 3097
469 196 579 225 EPIST.
589 195 661 223 ΧΙΧ.

339 244 509 273 Euscltemoni
528 248 553 271 et
569 242 678 277 Georgio
695 246 805 274 metrcp.

742 137 874 169 PHOTII
893 134 1142 167 PATRIARCH/E
1160 134 1213 165 ΟΡ.

1747 127 1798 160 836

1320 190 1432 217 ΕΠΙΣΤ.
1448 189 1498 216 18⁸.

1089 238 1268 274 Εὐσχήμονι
1283 238 1330 264 καί
1342 236 1477 271 Γεωρτίῳ
1491 233 1734 271 μητροπολίταις.

788 297 921 322 Montacut.
940 295 991 328 (ep.
1008 297 1064 328 126,
1079 304 1103 328 p.
1120 297 1187 328 166).

215 357 274 384 Non
295 355 453 390 despondeo
466 354 588 382 animum
599 374 607 386 ,
619 353 683 380 dum
699 352 807 379 intueor
822 355 968 386 tempesta-

181 408 262 431 latem
275 402 425 434 malorum,
448 405 476 428 et
489 399 637 436 tyrannidis
658 398 859 430 intensionem;
886 397 968 424 audio

180 449 253 475 enim
277 455 326 474 vos
346 454 394 481 per
415 446 496 473 ﬁdem
522 445 549 472 in
576 445 632 471 Deo
657 448 770 476 certam,
793 447 821 470 et
840 442 968 478 pietatem

181 493 382 521 elllorescentes
400 496 428 518 et
444 495 589 518 vernantes
607 499 613 517 :
630 490 686 516 imo
701 489 793 516 laztitia
816 488 919 516 afﬁcior
934 495 967 515 eo

181 539 254 575 quod
268 539 374 565 illorum
387 545 492 564 summa
508 536 688 571 impudentia,
699 535 745 570 qui
758 535 878 563 dedecus
893 535 969 562 vobis

181 590 210 613 et
227 583 421 619 turpitudinem
431 583 558 609 volebant
577 582 712 611 aﬁricare.
723 588 771 608 vos
786 585 814 608 et
833 580 970 615 pulchrio—

182 639 225 658 res
240 630 366 661 reddidit,
381 634 408 656 et
427 628 605 663 probatiores.
623 627 676 654 Sed
689 648 695 660 ,
710 634 726 654 ο
742 635 790 654 vos
807 626 896 658 amici,
910 626 968 658 ﬁlii,

183 677 291 708 fratres,
309 679 336 703 et
352 675 374 702 si
394 674 459 709 quid
479 681 578 701 nomen
596 674 669 701 ﬁliali
691 681 784 701 amore
805 678 833 700 et
851 672 969 701 naturali

1054 353 1110 380 Οὐκ
1121 352 1229 387 ἀθυμῶ,
1245 351 1294 387 τὴν
1313 350 1436 386 χειμῶνα
1453 350 1507 376 τῶν
1527 348 1619 376 κακῶν
1634 347 1742 383 καὶτῆς
1755 356 1799 374 τυ-

1019 399 1140 435 ραννίδος
1160 399 1361 432 ἐπιτεινόμενον
1377 396 1493 432 βλέπων.
1509 396 1576 427 Ταῖς
1600 395 1654 431 γὰρ
1677 395 1717 426 είς
1736 394 1799 420 Θεὸν

1018 444 1119 476 ἐλπίσι,
1146 443 1194 470 καὶ
1208 445 1241 479 τῇ
1269 443 1396 478 εὐσεϐείᾳ
1423 441 1567 472 ἀνθοῦντας
1583 441 1655 476 ὑμᾶς
1671 440 1718 466 καὶ
1733 440 1801 475 ἐαρί-

1018 489 1115 522 ςοντας
1129 489 1237 516 ἀκούω”
1256 489 1356 524 μᾶλλον
1371 488 1399 514 δὲ
1415 488 1463 515 καὶ
1474 487 1572 523 χαίρω,
1588 487 1628 514 ὃτι
1644 487 1691 513 καὶ
1705 486 1801 522 ὡραιο-

1017 535 1113 570 τέρους
1141 537 1189 562 καὶ
1217 534 1419 570 ὼκιμωτέρους
1444 534 1460 569 ἠ
1486 534 1541 560 τῶν
1554 532 1733 568 καταισχῦναι
1757 532 1801 559 καὶ

1017 581 1209 617 ἀσχημονῆσαι
1232 580 1435 608 σπουδασάντων
1446 580 1518 615 ὑμᾶς
1541 579 1642 611 ἔδειξεν
1660 579 1802 613 ἀναισχυν-

1016 628 1072 655 τία.
1096 627 1176 660 Ἀλλ’,
1191 624 1214 653 ὧ
1233 627 1304 661 φίλοι
1321 627 1368 653 κα¹ι
1379 627 1463 653 τέκνα
1481 626 1527 652 καὶ
1540 625 1659 659 ἀδελφοὶ,
1674 624 1721 650 καὶ
1739 624 1802 650 εἴτι

1019 674 1136 710 στοργῆς
1156 674 1203 701 καὶ
1223 673 1341 709 σχέσεως
1357 672 1475 707 φυσικῆς
1497 671 1660 705 οἰκειότερον
1670 690 1678 703 ,
1694 670 1746 701 ἕως
1759 670 1802 695 τέ-

183 721 325 749 aﬁeetione
342 720 428 754 magis
444 719 575 746 familiare
589 719 633 751 sit,
655 726 741 753 usque
756 719 788 746 ad
805 719 885 746 ﬁnem
901 726 969 746 con-

1027 724 1083 752 lou;
1096 720 1155 754 Θεῷ
1164 719 1214 755 τὴν
1230 718 1315 754 αὐτὴν
1342 717 1552 752 εὐγνωμοσύνην
1575 716 1623 743 καὶ
1638 715 1669 742 τὸ
1696 715 1803 750 φίλτρον

183 772 347 794 summatum
371 766 398 792 in
422 764 506 792 Deum
533 765 607 791 hunc
635 765 755 792 animum
783 768 810 791 et
840 764 967 792 affectum

183 819 377 839 conservemus
401 819 408 838 :
431 815 459 838 et
475 810 704 845 quemadmodum
723 809 809 837 Jobus
826 810 870 837 ille
885 818 968 845 gene-

184 864 261 884 rosus
274 876 281 888 ,
306 856 426 891 ipsorum
444 855 542 882 ducem
564 855 717 886 diabolum,
729 863 786 890 :per
806 856 967 890 stupendam

185 901 257 928 illam
283 900 440 935 patientiam
456 904 483 927 et
497 900 685 927 fortitudinem
709 901 847 935 triumpho
873 900 968 932 duxit,

183 946 220 974 ita
239 954 286 974 vos
312 951 341 974 ut
364 946 464 974 Christi
485 946 601 981 populus
621 946 665 973 ille
688 951 809 978 sanctus,
829 946 972 981 regaleque

185 992 377 1025 sacerdotium,
396 996 425 1019 ut
441 996 468 1019 et
483 992 556 1022 olim.
574 992 610 1019 ita
624 992 772 1019 etiamnum
786 992 884 1019 istosce
899 991 971 1019 illius

183 1045 328 1072 germanos
354 1038 536 1072 primipilares
564 1037 721 1072 discipulos,
751 1046 813 1065 cum
841 1038 919 1065 lessis
944 1043 972 1065 et

186 1083 322 1114 lamentis,
348 1091 400 1110 nec
425 1091 478 1117 quo
499 1090 529 1111 se
554 1083 697 1111 conferant
715 1083 842 1116 scientes,
863 1083 972 1118 publice

186 1129 348 1164 spectandos
366 1129 565 1156 exhibebimus.
587 1129 652 1156 Nam
668 1129 740 1164 quod
756 1137 803 1157 vos
825 1130 908 1164 probe
921 1137 972 1156 no-

187 1174 235 1200 stis
255 1182 333 1207 :eque
359 1178 441 1208 atque
460 1181 510 1209 ego
523 1194 530 1206 ,
547 1174 640 1201 brabia
659 1179 686 1201 et
695 1182 803 1202 corona:
819 1178 976 1209 exspectant

187 1227 244 1252 eos,
258 1219 303 1254 qui
318 1227 402 1254 usque
414 1221 446 1246 ad
461 1220 541 1246 ﬁnem
554 1220 704 1246 decertant.

488 1276 596 1305 EPIST.
614 1276 672 1304 XX.

349 1323 479 1351 Theodoro
496 1323 632 1357 metropol.
651 1323 796 1350 Laodicete.

1020 766 1197 800 διασώσωμεν
1210 772 1217 780 °
1229 765 1275 791 καὶ
1289 764 1358 799 ὅπερ
1379 763 1438 789 Ἰὼϐ
1451 764 1464 789 ὁ
1483 763 1604 796 γενναῖος
1619 762 1668 797 τὴν
1682 762 1804 796 καθηγη-

1019 811 1069 846 τὴν
1084 810 1173 837 αὐτῶν
1193 809 1348 837 πεπονθότα
1361 814 1383 842 ι’,
1411 809 1455 836 διὰ
1469 810 1517 844 τῆς
1536 808 1689 843 θαυμασίας
1700 807 1805 842 ἐκείνης

1021 857 1160 891 ὑπομονῆς
1193 856 1239 884 καὶ
1269 856 1396 891 ἀνδρείας
1429 855 1630 890 ἐθριάμϐευσε·
1655 854 1733 881 τοῦτο
1760 854 1806 880 καὶ

1021 903 1169 938 ὑμείςικαὶ
1182 903 1245 934 λαὸς
1271 903 1348 936 ἆγιος
1377 901 1424 929 τοῦ
1444 901 1574 938 Χριστοῦ,
1601 900 1647 928 καὶ
1673 900 1805 936 βασίλειον

1023 950 1184 986 ἱεράτευμα,
1203 949 1297 985 ὥσπερ
1317 949 1399 985 μέχρι
1421 949 1480 981 νῦν,
1491 948 1561 975 οὕτω
1578 948 1624 975 καὶ
1650 947 1805 979 διαπαντὸς,

1022 997 1147 1023 τουτουσὶ
1159 996 1221 1027 τοὺς
1235 995 1340 1022 ἐκείνου
1354 995 1482 1029 γνησίους
1499 995 1545 1021 καὶ
1568 994 1733 1029 κορυφαίους
1754 1002 1806 1029 μα-

1024 1041 1117 1077 θητὰς,
1134 1041 1312 1077 ὀδυρομένους
1324 1041 1372 1068 καὶ
1391 1040 1598 1076 ἀμηχανοῦντας
1625 1039 1804 1074 ἐπιδείξομεν.

1024 1087 1079 1114 Καὶ
1096 1087 1160 1122 γὰρ,
1174 1087 1211 1118 ὡς
1225 1087 1273 1114 καὶ
1287 1087 1366 1121 ὑμεῖς
1376 1086 1587 1118 συνεπίστασθε,
1604 1086 1659 1113 τῶν
1675 1087 1715 1117 είς
1732 1086 1808 1117 τέλος

1024 1133 1231 1169 ἀγωνιζομένων
1245 1132 1304 1160 ἐστὶ
1318 1132 1352 1160 τὰ
1368 1132 1482 1169 βραδεῖα
1499 1133 1546 1159 καὶ
1557 1133 1582 1159 οἱ
1599 1132 1738 1167 στέφανοι.

1331 1273 1444 1301 ΕΠΙΣΤ.
1460 1274 1502 1301 Κ’.

1143 1320 1281 1356 Θεοδώρῳ
1291 1322 1496 1356 μητροπολίτῃ
1515 1320 1699 1352 Λαοδικείας.

801 1382 934 1407 Montacut.
953 1382 1003 1413 (ep.
1020 1382 1075 1413 HO,
1090 1389 1115 1414 p.
1133 1381 1198 1412 198).

225 1437 288 1464 Scio
296 1437 426 1472 plurimos
435 1436 553 1464 ﬁdelium
566 1437 601 1463 ita
611 1437 723 1465 allectos
731 1444 803 1470 esse,
813 1442 843 1465 ut
854 1437 975 1465 oceasio-
990 1442 1011 1472 α

190 1491 251 1511 nem
266 1491 373 1510 omnem
393 1487 530 1518 quaerant,
547 1491 599 1517 qua
615 1483 719 1518 possint
735 1483 852 1518 propria:
866 1483 974 1511 virtutis

191 1530 293 1556 illustre
315 1529 449 1563 quoddam
471 1529 608 1564 specimen
625 1529 772 1562 exhibere;
800 1534 828 1557 et
844 1534 975 1565 martyres

191 1575 282 1602 felices
295 1575 452 1610 praedicare,
468 1575 539 1609 quod
560 1575 703 1603 barbaram
719 1580 894 1611 tyrannorum
911 1584 975 1603 cru-

190 1621 327 1649 delitatem
342 1622 415 1649 nacti
432 1622 550 1655 fuerant,
571 1630 624 1657 qua
649 1623 754 1658 possint
772 1622 800 1649 in
822 1627 954 1650 aeternum
966 1642 974 1656 ,

191 1676 267 1695 suam
282 1668 403 1703 ipsorum
418 1669 501 1695 animi
516 1669 728 1704 magnitudinem
752 1670 827 1704 quasi
842 1670 975 1697 columna:

192 1714 355 1748 insculptam
376 1714 507 1742 stabilire.
526 1714 597 1741 Sane
612 1715 687 1742 adest
705 1715 762 1742 haec
776 1715 833 1750 ipsa
858 1716 975 1748 occasio,

191 1759 232 1786 vel
246 1760 334 1794 major
353 1760 454 1794 potius,
478 1768 559 1795 quam
583 1764 707 1795 speraret
723 1761 803 1788 etiam
823 1761 976 1788 valentissi-

191 1812 259 1832 mus.
275 1805 398 1838 Conﬁdo,
413 1810 504 1833 autem
519 1806 591 1841 quod
606 1806 653 1841 qui
673 1812 770 1834 contra
799 1810 872 1834 tuam
893 1815 975 1842 gene-

192 1851 327 1878 rositatem
350 1851 508 1885 insurrexit,
521 1852 654 1885 ultimam,
670 1853 825 1886 maximam,
839 1857 865 1880 ct
879 1861 977 1888 perpe-

191 1902 236 1924 tuo
251 1899 454 1926 memorandum
471 1898 661 1926 confusionem
679 1899 811 1932 incurret,
831 1899 859 1925 in
877 1906 978 1934 oppro—

190 1942 279 1969 brium
307 1945 423 1978 propria:
441 1952 502 1971 eum
530 1944 700 1971 inﬁrmitatis
717 1948 774 1971 tum
789 1944 918 1971 audacia.
939 1944 977 1970 lta

191 1993 221 2016 ut
236 1989 347 2016 immota
363 1994 406 2016 tua
416 1989 561 2017 formidine
574 1990 726 2024 perculsus,
745 1990 859 2017 ulterius
874 1990 977 2025 aliquid

190 2036 325 2061 attentare
338 2035 464 2062 cessabit.
479 2035 516 2062 lla
528 2043 576 2070 per
590 2036 659 2062 hanc
674 2035 782 2062 unicam
797 2035 977 2062 concertatio-

192 2086 265 2111 nem,
291 2079 345 2106 duo
371 2079 477 2116 egregia
506 2087 674 2115 consequere
701 2080 838 2115 trophasa,
864 2087 927 2107 cum
948 2084 978 2106 ut

1062 1435 1126 1463 Οἶδα
1143 1435 1257 1467 πολλοὺς
1273 1435 1327 1462 τῶν
1341 1435 1446 1462 πιστῶν
1458 1434 1574 1471 ἀνδρῶν,
1593 1434 1688 1470 καιρὸν
1701 1434 1814 1470 ζητοῦκ-

1024 1493 1084 1517 τας,
1104 1484 1144 1518 ἐφ’
1161 1483 1190 1509 ὂν
1204 1482 1253 1518 τῆς
1267 1482 1370 1514 οἰκείας
1395 1482 1496 1517 ἀρετῆς
1510 1482 1540 1508 τὸ
1570 1482 1685 1516 μέγεθος
1711 1482 1813 1508 ἐπιδεί-

1025 1530 1133 1562 ξαιντο·
1152 1530 1199 1556 καὶ
1216 1529 1279 1560 τοὺς
1292 1529 1433 1564 μάρτυρας
1459 1528 1660 1563 μακαρίζοντας
1672 1548 1680 1561 ,
1704 1528 1745 1554 ὅτι
1762 1536 1812 1554 τυ-

1026 1577 1130 1612 ράννων
1141 1575 1219 1611 ἔσχον
1230 1575 1359 1610 ὠμότητα
1374 1576 1423 1610 τὴν
1437 1575 1561 1610 ἀνδρείαν
1573 1574 1662 1601 αὐτῶν
1674 1574 1714 1606 είς
1726 1575 1815 1602 αἰῶνα

1027 1622 1244 1659 στηλιτεύουσαν.
1269 1622 1436 1657 Ἐφέστηκεν
1451 1619 1528 1653 οὗτος
1554 1622 1568 1648 ὁ
1588 1621 1693 1657 καιρὸς,
1718 1622 1743 1648 εί
1763 1623 1815 1648 καὶ

1025 1670 1116 1701 πλέον,
1133 1668 1150 1703 ἢ
1165 1668 1227 1694 ὅσον
1242 1667 1275 1694 ἂν
1292 1668 1340 1694 xui
1355 1669 1368 1694 ὁ
1384 1667 1572 1702 γενναιότατος
1587 1667 1685 1703 ἤλπισε
1698 1676 1704 1683 ·
1721 1667 1816 1693 πείθι-

1028 1723 1076 1749 μαι
1089 1714 1127 1746 δὲ,
1143 1714 1181 1745 ὡς
1196 1713 1350 1740 τελευταῖον
1370 1714 1417 1740 καὶ
1433 1713 1561 1748 μέγιστον
1587 1715 1636 1748 τῆς
1651 1712 1718 1744 ἰδίας
1733 1712 1818 1739 ἁσθ--

1025 1761 1110 1794 νείας,
1128 1760 1174 1787 καὶ
1190 1760 1237 1786 τοῦ
1255 1760 1382 1795 θράσους,
1402 1760 1416 1786 ὁ
1433 1761 1465 1795 τῇ
1488 1761 1521 1795 σῇ
1541 1761 1709 1795 γενναιότητι
1725 1761 1816 1795 ἐπαρ-

1027 1807 1084 1839 θεὶς
1101 1805 1324 1842 προσενεχθῆναι,
1352 1806 1515 1841 ἀείμνηστον
1531 1807 1576 1833 τὴν
1590 1806 1699 1842 ἔλεγχον
1714 1807 1796 1834 δώσει
1807 1816 1815 1822 ·

1027 1854 1073 1880 καὶ
1085 1853 1135 1888 τὴν
1151 1853 1200 1888 σὴν
1217 1852 1386 1888 στερρότητα
1405 1853 1603 1886 καταπλαγεὶς,
1619 1854 1666 1879 καὶ
1682 1853 1735 1879 τῶν
1760 1854 1819 1879 λοι-

1028 1898 1087 1924 πῶν
1102 1898 1305 1933 ὲκτραπήσεται
1320 1897 1369 1932 τὴν
1380 1898 1477 1932 πεῖραν
1487 1905 1494 1912 ·
1511 1896 1547 1928 ὼς
1562 1896 1619 1932 ἅμα
1639 1897 1685 1923 δύο
1709 1898 1743 1923 τὰ
1768 1898 1818 1933 μέ-

1027 1942 1108 1976 γιστά
1134 1950 1176 1974 σε,
1195 1941 1228 1968 δι’
1245 1941 1302 1972 ἐνὸς
1324 1941 1438 1975 ἀγῶνος,
1464 1942 1648 1976 κατορθῶσαι,
1669 1943 1820 1978 νικηφόρον

1027 1996 1057 2014 τε
1087 1987 1291 2024 ἁναρρηθῆναν
1321 1988 1368 2014 καὶ
1383 1988 1438 2019 τοῖς
1456 1988 1580 2023 ἀδελφοῖς
1595 1989 1649 2015 τῶν
1660 1991 1818 2025 ἐπικρεμα-

1030 2034 1118 2069 μὲνων
1133 2034 1225 2060 κακῶν
1240 2033 1289 2068 τὴν
1305 2034 1467 2068 ὑπερϐολὴν,
1482 2035 1530 2060 καὶ
1540 2034 1603 2066 τοὺς
1615 2035 1729 2066 πολλοὺς
1741 2040 1754 2054 ι
1767 2036 1821 2062 πό-

1028 2088 1102 2113 νους,
1116 2081 1191 2112 ἰδίοις
1204 2080 1306 2112 ἄθλοις,
1321 2081 1459 2114 κουφίσαι.

192 2125 278 2152 victor
289 2125 468 2161 proclamare,
493 2131 550 2154 tum
562 2131 592 2154 ut
604 2127 734 2155 fratribus
746 2127 879 2154 malorum
888 2127 1103 2162 impendentium
1137 2128 1277 2163 gravitate,
1298 2133 1326 2154 et
1356 2128 1463 2157 labores
1497 2128 1606 2161 multos,
1628 2127 1745 2163 propriis
1765 2128 1824 2155 tuis

191 2174 384 2203 certaminibus
395 2175 518 2203 allevies.

490 2219 601 2247 EPIST.
613 2219 685 2248 XXI.

536 2265 629 2293 Eidem
634 2285 640 2292 .

1328 2223 1440 2249 ΕΠῐΣΤ.
1454 2223 1519 2248 KA'.

1345 2267 1387 2300 Τῷ
1410 2267 1500 2300 αὐτῷ.

804 2306 937 2348 Montacut.
954 2323 1005 2353 (ep.
1022 2322 1075 2353 ut,
1092 2329 1117 2354 p.
1135 2322 1202 2353 199).

227 2376 380 2403 Generosos
391 2376 470 2411 plane
479 2376 594 2404 stadium
603 2381 758 2412 exspectat:
771 2385 852 2404 nemo
860 2377 977 2404 feminea

194 2422 377 2448 teneritudine
402 2422 548 2454 emollitus,
572 2422 699 2449 introeat.
723 2423 801 2454 Quod
816 2423 838 2449 si
860 2422 921 2457 quis
942 2423 978 2450 sit

193 2467 238 2501 qui
251 2467 392 2499 exsilierit,
404 2468 512 2494 recedat
527 2468 703 2502 quantocius;
720 2468 761 2495 vel
778 2476 793 2494 a
803 2476 851 2495 sua
863 2473 976 2496 senten-

194 2513 240 2546 tia,
256 2513 298 2540 vel
313 2521 328 2540 a
343 2514 545 2541 colluctatione.
561 2514 654 2549 Neque
673 2514 745 2542 enim
759 2515 865 2542 labores
880 2515 978 2542 talibus

194 2565 357 2595 congruunt.
377 2560 430 2588 Sed
448 2569 536 2596 neque
551 2562 585 2588 ab
601 2570 668 2589 auro
684 2562 807 2590 onustis:
826 2570 875 2590 nec
893 2563 980 2590 ambi-

194 2607 267 2633 tione
291 2606 401 2634 inflatis.
430 2606 547 2634 Omnino
569 2608 615 2643 qui
637 2609 776 2643 corporeis
797 2609 980 2644 volnptalibus

194 2652 290 2684 inhiat,
307 2657 337 2679 ut
352 2653 417 2679 mihi
438 2657 492 2680 stat
507 2654 655 2688 sententia,
676 2662 711 2682 ne
733 2663 762 2682 se
785 2660 931 2690 componat
947 2655 980 2683 ad

194 2705 345 2725 certamen:
361 2698 440 2725 velim
454 2706 503 2734 ego
518 2699 598 2736 longe
610 2701 755 2734 removeri,
772 2701 795 2728 si
807 2709 860 2728 non
877 2709 980 2735 praeve-

194 2745 248 2771 niat
262 2744 295 2775 is.
307 2748 335 2771 et
352 2744 461 2778 impleat
475 2750 568 2772 votum
584 2753 685 2773 meum.

1069 2378 1203 2404 Γενναίων
1214 2377 1298 2409 ὅντως
1315 2377 1419 2412 ἀνδρῶν
1440 2377 1470 2404 τὸ
1489 2377 1595 2404 στάδιον
1607 2376 1706 2403 δεῖται·
1724 2377 1827 2412 μηδεὶς

1031 2426 1123 2452 είσίτω
1141 2424 1284 2460 θηλυδρίας
1299 2433 1306 2439 ³
1322 2424 1354 2450 ἂν
1382 2424 1404 2450 δ’
1419 2424 1593 2459 εἰσεπήδησε,
1625 2423 1721 2449 θᾶτῑον
1754 2425 1829 2450 ἀπο-

1032 2473 1122 2506 στήτω
1132 2479 1138 2486 ·
1152 2472 1169 2506 ἢ
1185 2472 1234 2506 τῆς
1247 2470 1369 2505 γνώμης.
1386 2471 1402 2506 ἢ
1417 2471 1471 2497 τῶν
1487 2470 1695 2506 παλαισμάτων.
1715 2471 1753 2497 Οὐ
1768 2471 1828 2505 γὰρ

1032 2518 1086 2544 τῶν
1105 2517 1234 2544 τοιούτων
1248 2518 1273 2543 οί
1290 2518 1376 2543 πόνοι.
1396 2517 1475 2543 Ἀλλὰ
1492 2517 1553 2552 μηδ’
1570 2517 1584 2543 ὁ
1600 2516 1693 2552 χρυσῷ
1707 2517 1755 2543 τὸν
1765 2516 1830 2551 βίον

1033 2562 1220 2598 βεϐαρημένος
1232 2570 1240 2578 ·
1270 2563 1330 2597 μηδ’
1351 2563 1364 2589 ὁ
1379 2563 1447 2598 πρὸς
1471 2564 1551 2595 κενὰς
1567 2563 1644 2596 δόξας
1662 2564 1829 2597 ἀνεπτερω-

1031 2609 1123 2644 μένος.
1134 2610 1186 2635 Τὸν
1199 2609 1254 2644 γὰρ
1267 2610 1335 2644 πρὸς
1347 2609 1396 2641 τὰς
1411 2609 1458 2635 τοῦ
1473 2609 1598 2644 σώματος
1614 2609 1709 2644 ἡδονὰς
1719 2610 1830 2642 ἐπτοη-

1032 2655 1123 2691 μένον,
1147 2655 1203 2681 οὐδ’
1222 2655 1410 2683 ἀποδύσασθαι
1438 2656 1506 2692 πρὸς
1531 2657 1577 2682 τὸν
1591 2655 1684 2690 ἀγῶνα
1705 2654 1830 2690 νομίζω.

1036 2701 1116 2728 Ἀλλὰ
1135 2702 1181 2728 xui.
1196 2701 1312 2738 εὖχομαι
1328 2703 1423 2738 πόρρω
1435 2702 1610 2735 καθεστάναι,
1626 2702 1650 2728 εἰ
1664 2701 1702 2738 μὴ
1719 2702 1834 2738 7:903-

1031 2747 1086 2774 θὼν
1102 2747 1261 2783 ἐπλήρωσεν
1277 2748 1307 2768 ³*
1318 2749 1421 2781 ἐκεῖνος
1437 2748 1485 2783 τὴν
1498 2748 1591 2784 εὐχήν.

840 2802 882 2830 VA
889 2802 959 2831 Rl/E
986 2803 1189 2833 LECTIONES.

227 2862 236 2873 τ
251 2858 294 2882 ῐσ.
313 2855 458 2890 γεγονότα.
500 2861 510 2874 ³
531 2857 648 2885 πολλῶν.
691 2859 714 2877 ι’
732 2859 821 2893 ἡμῶν.
