1928 3097
123 155 171 186 837

420 206 532 235 ΕΠΙΣΤ,
552 207 620 233 KB’.

271 255 409 290 Εὐθυμίῳ
419 253 623 289 μητροπολίτῃ
641 251 789 285 Κατάνης.

708 148 977 179 EPISTULARUM
997 149 1115 180 LIBER
1137 150 1177 181 II.

1701 153 1754 186 838

1254 208 1366 237 EPIST.
1387 209 1471 236 XXII.

1137 253 1276 289 Euthymio
1291 254 1433 283 Catanensi
1447 255 1586 290 metropol.

738 310 872 335 Montacut.
891 315 943 341 (ep.
962 310 1016 340 HS,
1033 318 1058 342 p.
1074 310 1141 343 205).

157 368 288 396 Γενέσθαι
302 368 351 404 μὲν
365 366 428 401 ἐμοὶ
447 365 556 401 σχολὴν,
569 364 640 391 ὥστε
651 364 685 391 τὰ
700 363 734 390 σὰ
748 363 911 399 διηγεῖσθαι,

124 416 279 450 ἀπεύχομαι
290 415 299 432 ⁸
311 422 318 430 ·
334 412 463 448 γενέσθαι
480 411 518 444 δὲ,
533 411 603 438 ὥστε
619 411 681 447 μηδ’
696 409 823 443 ἀκοῦσαι,
839 418 908 446 προ-

125 461 229 493 έλαϐες.
245 461 278 487 Τί
291 458 338 487 οὖν
350 460 449 494 αἰτιᾷς,
463 458 504 484 ὅτι
518 457 577 492 μηδ’
590 456 663 492 ἅπερ
677 456 911 492 ἧλπισα,ἧκουσα·

999 364 1065 391 Esse
1080 364 1146 391 mihi
1163 365 1259 398 otium,
1278 371 1308 393 ut
1321 374 1364 393 res
1384 369 1444 393 tuas
1460 374 1585 394 enarrem
1597 387 1603 398 .
1621 372 1701 402 opto;
1726 374 1753 396 at

963 415 998 435 ne
1015 416 1061 436 eas
1070 408 1216 444 intelligam
1226 411 1416 446 praeveniendo
1431 411 1537 439 cavisti.
1548 412 1616 445 Quid
1630 414 1752 440 causaris

963 463 1039 491 ergo,
1054 456 1127 490 quod
1144 464 1205 491 quae
1228 465 1283 484 non
1303 458 1463 492 sperabam,
1489 458 1613 492 audiam;
1633 464 1661 487 et
1679 461 1752 495 quod

124 509 170 535 καὶ
191 509 232 534 ὅτι
255 506 335 542 σιγὴν
357 505 470 540 ἐθέμην,
494 501 536 536 οἷς
563 503 630 539 μηδὲ
653 504 703 538 τὴν
718 503 802 538 ἀκοὴν
827 503 913 538 ἡδέως

971 501 1072 530 silentio
1085 503 1242 537 texerimus,
1252 511 1312 538 qum
1325 504 1413 531 libens
1425 504 1505 531 fando
1518 513 1571 532 non
1582 505 1754 540 acciperem?

123 551 240 588 ἠνέῳξα.
257 551 330 578 Ἀλλ’
349 551 385 583 εἰ,
407 550 475 577 διότι
493 549 559 581 ὅλως
587 548 636 584 τὴν
655 548 739 584 ἀκοὴν
758 548 812 575 τῶν
825 549 913 575 τοιού-

971 546 1042 579 )uod
1058 547 1080 574 si
1096 552 1198 579 autem.
1212 549 1275 583 quia
1293 548 1375 576 fando
1393 551 1548 577 necessario
1565 551 1674 586 accepi.
1692 552 1753 587 dig-

123 605 177 624 των
193 596 346 631 ὑπέμεινα,
370 596 420 630 τῆς
441 594 504 629 περὶ
525 593 619 627 φίλους
643 593 789 628 ὀλιγωρίας
805 592 913 628 γραφὴν

971 599 1015 619 ius
1031 600 1091 620 sum
1109 594 1152 620 cui
1172 594 1259 621 dicam
1277 595 1414 622 scribatur
1429 600 1593 631 contemptae
1614 598 1750 626 amicitire.

125 640 215 676 ἔνοχος
231 639 395 675 γράφεσθαιδ
411 639 437 666 τί
457 639 491 666 ἄν
506 639 635 674 δράσειαν
658 639 682 665 ol
695 637 808 664 τοιαῦτα
821 638 913 673 δεδρα-

971 639 1033 672 )uid
1046 644 1074 666 et
1087 639 1124 666 illi
1141 639 1251 672 faciant,
1265 641 1311 675 qui
1324 641 1386 668 talia
1401 641 1514 674 faciunt.
1531 650 1591 677 qua!
1604 647 1632 670 et
1647 644 1751 671 amicos

125 687 219 718 κότες.
235 686 268 713 δι’
280 683 318 713 ὧν
335 686 382 713 καὶ
394 685 457 717 τοὺς
469 685 562 719 φίλους
577 684 627 720 τῆς
644 683 715 719 ὑπὲρ
730 682 819 710 αὐτῶν
833 684 862 710 ὲν
876 683 913 718 τῷ

975 685 1088 712 ibertate
1104 687 1214 720 privent
1227 695 1275 722 pro
1288 687 1353 722 ipsis
1368 687 1488 721 dicendi,
1502 692 1529 715 et
1541 689 1687 717 malevolas
1700 691 1753 717 lin-

125 733 215 767 λέγειν
228 732 384 768 παρρησίας
394 753 402 765 ,
416 731 619 767 ἀπεστέρησαν,
640 729 689 756 καὶ
703 729 758 756 τῶν
773 729 913 764 δυσμενῶς

971 738 1030 765 tuas
1047 738 1102 758 non
1122 735 1227 759 tantum
1243 732 1270 759 in
1284 733 1367 767 ipsos.
1379 733 1428 761 sed
1450 734 1475 760 in
1497 741 1544 761 eos
1556 735 1638 762 etiam
1654 736 1754 770 quibus

125 779 242 814 ἑχόντων
265 778 314 809 τὰς
332 777 468 812 γλώσσας,
485 777 515 803 οὐ
539 776 601 802 καθ’
617 775 723 802 ἑαυτῶν
743 774 833 809 μόνον,
845 773 913 800 ἀλλὰ

971 778 1027 805 )Ιίηι
1048 779 1196 806 utebantur
1227 779 1407 812 familiariter,
1431 786 1576 809 exacuunt.
1599 782 1668 814 Quid
1689 791 1755 818 ergo

125 826 173 853 καὶ
192 824 252 852 κατ’
267 824 379 851 ἐκείνων
393 824 419 850 ei
436 832 502 850 ποτε
522 822 575 850 τῶν
592 821 820 857 πεπλησιακότων
832 818 913 856 ἦσαν,

971 824 1138 851 'aciendum?
1165 824 1221 852 Hoc
1250 827 1282 853 ad
1302 831 1328 853 te
1343 832 1448 862 spectat
1464 828 1492 862 (0
1511 835 1566 862 quo
1592 832 1618 855 te
1642 829 1754 856 nomine

125 872 272 908 ἠκόνησαν.
295 871 327 898 Τί
344 868 390 898 οὖν
405 871 446 897 δεῖ
459 870 565 902 ποιεῐν;
582 869 628 896 σόν
643 869 729 900 ἐστιν,
746 864 783 902 (ὧ
803 866 861 899 πῶς
884 875 913 893 σε

971 869 1122 903 :ompellem
1136 871 1156 904 Ι)
1173 875 1210 902 et,
1226 871 1291 898 mihi
1305 872 1457 899 libertatem
1481 873 1647 906 condonare,
1671 875 1693 901 si
1726 875 1754 902 id

127 918 285 954 προσείπω)
311 917 357 944 καὶ
383 917 450 953 ἡμῖν
475 917 545 951 ὑπὲρ
564 916 629 946 σοῦ,
656 914 706 941 εἷθ’
729 914 843 950 ὄφελες,
866 913 913 949 τὴν

971 915 1104 947 )lacuerit,
1118 916 1183 943 satis
1201 916 1309 943 abunde
1327 917 1382 951 jam
1399 917 1464 944 olim
1480 917 1580 951 habui;
1599 923 1627 946 et
1640 923 1671 945 ut
1684 919 1753 946 nihil

127 965 293 1000 παρρησίαν,
305 965 338 1000 ἢν
350 963 471 998 εἴχομεν,
483 962 639 989 ἀποδοῦναι·
653 962 700 988 καὶ
710 961 793 996 μηδὲν
804 960 914 987 ἀκούειν

125 1011 206 1047 ἀηδὲς
222 1011 286 1046 περὶ
309 1010 356 1037 σοῦ
370 1019 378 1025 ·
394 1009 462 1037 ἀλλὰ
486 1010 534 1036 κα.)⁸
549 1008 613 1040 τοὺς
634 1007 728 1039 κακῶς
743 1015 773 1033 σε
787 1006 917 1040 λέγοντας

125 1057 182 1090 νῦν,
205 1057 399 1092 ἐπιστομίσαι,
426 1057 466 1087 εἰς
487 1055 537 1090 τὴν
554 1054 671 1090 ἀρχαίαν
690 1051 917 1087 ὲπαναδραμόντα

126 1103 303 1130 κατάστασιν.

421 1148 534 1174 ΕΠΙΣΤ.
553 1147 617 1174 Kl".

225 1194 363 1229 Γεωργίῳ
380 1193 586 1229 μητροπολιτῃ
604 1191 812 1227 Νικομηδείας.

963 962 998 989 de
1017 966 1041 989 te
1056 962 1164 989 audiam
1183 963 1254 997 quod
1270 963 1381 990 minime
1396 964 1505 998 placet;
1523 965 1571 992 sed
1586 970 1614 992 tu
1628 965 1661 992 ad
1678 965 1753 1000 prio-

967 1015 1025 1034 rem
1041 1007 1266 1035 constitutionem
1282 1009 1455 1043 revolvenda,
1476 1018 1570 1038 eorum
1589 1018 1637 1039 ora
1656 1011 1703 1046 qui
1727 1017 1753 1038 te

964 1061 1037 1080 nunc
1050 1053 1181 1086 lacerant,
1199 1054 1348 1082 obturabis.

1244 1142 1352 1170 EPIST.
1376 1143 1468 1172 XXIII.

1100 1188 1210 1222 Georgio
1228 1191 1401 1232 ηιριι-οροιὶιω
1413 1190 1618 1219 Νἱεογηειίίεηιί.

745 1247 880 1272 Μοιιῑκυῑ.
897 1244 950 1277 (ep.
967 1243 1022 1273 169,
1037 1251 1063 1275 p.
1077 1244 1143 1275 213).

163 1304 226 1331 Εἴθε
240 1313 284 1339 μοι
299 1304 354 1331 τῶν
368 1304 422 1331 σῶν
434 1301 468 1339 ἦν
483 1303 614 1338 ἐνάμιλλα
625 1302 713 1337 λόγων
727 1301 762 1328 τὰ
775 1301 854 1336 ἔργω
867 1300 916 1335 οὐχ

131 1350 172 1377 ἵνα
179 1349 257 1381 κλέος
273 1349 348 1380 ὄντες
360 1348 540 1384 ἀκεστορίδων
561 1346 678 1382 Γαληνὸς
695 1346 742 1372 καὶ
763 1345 913 1380 Ἱπποκρά-

1006 1299 1112 1326 Utinam
1128 1306 1162 1326 ex
1180 1306 1258 1333 atquo
1275 1299 1366 1326 verbis
1388 1300 1441 1327 tuis
1457 1308 1539 1335 opera
1557 1309 1616 1328 mea
1638 1309 1753 1337 respon-

967 1345 1073 1378 derent,
1090 1353 1144 1372 non
1160 1350 1191 1372 ut
1203 1346 1391 1373 Acestoridum
1407 1346 1502 1381 gloria,
1515 1347 1632 1375 Galenus
1646 1353 1674 1375 et
1688 1348 1753 1383 Hip-

127 1404 177 1430 της
188 1414 196 1426 ,
214 1395 251 1427 ὡς
273 1394 354 1426 αὐτὸς
370 1395 444 1429 ἡμᾶς
461 1393 578 1424 θειάξων
593 1392 719 1428 γράφεις,
736 1389 913 1423 ’Υπεξὶσταν-

971 1396 1102 1427 pocrates,
1119 1397 1148 1419 ut
1164 1397 1221 1419 tute
1242 1399 1286 1419 me
1301 1393 1432 1419 encomiis
1442 1400 1543 1420 ornans
1560 1393 1666 1426 scribis,
1685 1394 1753 1421 mihi

128 1441 174 1467 ταί
191 1448 237 1476 μοι
254 1441 308 1467 τῶν
332 1440 483 1476 πρωτείων’
502 1439 555 1465 οὐδ’
571 1439 614 1465 ῐνα
633 1438 687 1465 τῶν
709 1436 913 1471 Ἀσκληπιαδῶν

129 1486 159 1512 τὺ
174 1486 244 1521 μέγα
257 1486 343 1521 ὄνομα
357 1486 396 1521 τῷ
408 1486 535 1521 ἡμετέρῳ
547 1483 747 1519 καταχωσϐείη-
760 1482 816 1509 ἀλλ’
829 1482 866 1513 ὡς
880 1482 913 1508 ἂν

130 1532 199 1567 εῐην,
213 1533 237 1558 εἰ
253 1533 300 1558 καὶ
321 1532 357 1567 μὴ
376 1531 443 1567 πρὸς
453 1530 546 1566 ἕτερόν
559 1538 631 1562 τινα,
650 1529 707 1556 ἀλλ’
721 1526 766 1555 οὖν
784 1529 812 1555 ὲν
826 1528 914 1563 τούτῳ

129 1585 162 1612 γε
176 1578 215 1613 τῷ
232 1577 308 1613 μέρει
327 1577 412 1612 μικρά
425 1585 468 1608 τις
485 1577 556 1604 κατὰ
572 1575 626 1602 τῶν
641 1573 803 1609 σωματικῶν
821 1572 914 1599 παθῶν

129 1625 185 1656 τοῖς
199 1624 284 1659 φίλοις
303 1624 352 1651 καὶ
371 1624 513 1655 συνάθλοις
526 1621 680 1658 ἐπικουρία.

421 1672 532 1699 ΕΠΙΣΤ.
558 1673 620 1698 ΚΔ’.

236 1717 373 1752 Θεοδώρῳ
393 1717 598 1753 μητροπολίτῃ
614 1716 801 1748 Λαοδικείας.

966 1438 1095 1465 cedentes
1108 1438 1209 1473 primas
1228 1438 1325 1466 darent
1346 1446 1398 1465 nec
1413 1443 1443 1466 ut
1463 1439 1557 1474 ingens
1575 1439 1642 1466 illud
1660 1440 1753 1467 Ascle-

967 1483 1107 1518 piadarum
1120 1492 1221 1511 nomen
1236 1488 1328 1511 nostro
1346 1484 1456 1511 nomine
1469 1485 1641 1517 obrueretur,
1659 1485 1707 1512 sed
1722 1490 1752 1512 ut

967 1534 1119 1564 praestetur,
1133 1529 1195 1556 licet
1208 1537 1261 1556 non
1276 1529 1309 1556 ad
1330 1529 1404 1557 aliud
1416 1530 1566 1564 quidpiam,
1585 1530 1680 1557 saltem
1701 1531 1753 1558 hac

967 1576 995 1603 in
1015 1579 1092 1610 parte
1117 1575 1244 1611 exiguum
1263 1575 1329 1611 quid
1354 1576 1444 1610 quoad
1465 1576 1589 1611 corporis
1611 1576 1753 1612 passiones

967 1621 1062 1649 amicis
1077 1625 1104 1649 et
1118 1622 1278 1657 synathletis
1293 1621 1436 1648 auxilium.

1246 1669 1355 1697 EPIST.
1377 1669 1461 1698 XXIV

1115 1716 1245 1742 Theodoro
1262 1716 1435 1750 metrapolitw
1452 1716 1610 1744 Laodiceae.

743 1774 877 1799 Montacut.
895 1774 946 1804 (ep.
962 1773 1017 1803 171,
1032 1780 1058 1804 p.
1075 1773 1140 1805 244).

171 1829 291 1865 Ἀρότρῳ
308 1830 365 1864 μὲν,
383 1829 420 1861 ὡς
442 1830 459 1864 ἡ
479 1828 614 1864 παροιμία
635 1829 729 1864 φησὶν,
744 1829 893 1860 ἁκοντίζεις
905 1849 912 1862 ,

129 1873 192 1901 ἀντὶ
209 1875 256 1901 τοῦ
277 1876 415 1909 μετανοεῖν
426 1875 634 1910 Θρασυνόμενος.
651 1875 687 1902 Οὐ
701 1874 756 1910 γὰρ
771 1875 913 1910 μετανοίας

129 1920 187 1947 ἀλλ’
202 1921 347 1953 ἀπονοίας,
373 1921 463 1956 ἐαυτῷ
484 1921 539 1947 τῶν
557 1921 734 1956 ἐσφαλμένων
757 1920 913 1955 ἐπιτρέπειν

128 1966 178 2002 τὴν
195 1967 371 2003 συγγνώμην.
387 1967 419 1993 El
433 1967 462 1993 δέ
479 1976 520 1993 σοι
535 1969 581 1993 καὶ
591 1967 685 2002 ληρεῖν
701 1966 819 2001 δόξαιμι.
836 1966 913 1992 ἔσται

129 2020 172 2039 σοι
184 2012 234 2039 οὐκ
246 2013 286 2044 είς
300 2011 408 2047 μακρὰν
421 2012 452 2038 τὸ
465 2012 660 2047 παροιμιῶδες,
677 2011 796 2047 συνεχῶς
811 2012 854 2038 ἐπ’
866 2011 914 2045 ἐρ-

129 2066 189 2092 γοις
202 2058 341 2094 ᾀδόμενον,
356 2058 436 2093 ’Ἄρτι
448 2057 500 2092 μῦς
515 2057 611 2093 πίττης
626 2057 745 2091 γεύεται.

420 2110 530 2136 ΕΠΙΣΤ.
553 2108 616 2136 KE'.

202 2157 223 2181 Ε
228 2156 376 2190 ὺσχήμονι
399 2156 623 2190 ἁοχιεπισκόπω
640 2155 831 2188 Καισαρείας.

1001 1829 1109 1858 Aratro.
1129 1828 1201 1863 quod
1214 1828 1364 1862 proverbiis
1379 1833 1535 1862 usurpatur,
1552 1828 1690 1863 jacularis,
1705 1827 1752 1863 qui

966 1883 1028 1902 cum
1044 1875 1142 1902 debeas
1163 1874 1305 1909 ptenitere,
1327 1874 1466 1901 audaciam
1487 1882 1578 1907 urges.
1599 1873 1655 1901 Nec
1674 1875 1747 1901 enim

966 1921 1138 1956 posuitentis,
1153 1921 1202 1948 sed
1225 1921 1386 1948 insanientis
1404 1926 1445 1948 est
1464 1921 1571 1948 sibimet
1593 1921 1751 1956 permittere

965 1975 1087 1994 errorum
1097 1967 1331 1995 condonationem.
1343 1967 1421 2000 Quod
1430 1967 1451 1994 si
1461 1967 1510 1994 tibi
1519 1967 1612 1994 videro
1620 1967 1747 1998 delirare,

963 2012 992 2039 in
1004 2016 1029 2039 te
1042 2012 1214 2047 proverbium
1234 2012 1306 2047 quod
1326 2020 1380 2038 non
1396 2011 1433 2038 ita
1459 2011 1561 2038 dudum
1578 2019 1648 2046 saepe
1664 2011 1752 2046 jacta-

961 2063 1018 2085 tum
1034 2058 1177 2094 quadravit
1199 2067 1205 2085 :
1220 2058 1278 2085 Mus
1289 2059 1393 2085 scilicet
1408 2058 1496 2093 picem
1511 2057 1638 2094 gustavit.

1250 2110 1357 2137 EPIST.
1380 2109 1463 2138 XXV.

1090 2155 1261 2182 Euschemoni
1277 2156 1405 2183 Cwsarea)
1418 2156 1619 2191 archiepiscopo.

741 2211 873 2236 Montacut.
893 2210 944 2242 (ep.
961 2211 1017 2241 175,
1033 2218 1057 2242 p.
1073 2211 1140 2242 245).

165 2266 250 2294 Οὐδὲν
276 2266 441 2301 θαυμαστὸν,
470 2267 494 2292 εἱ
521 2265 557 2301 μὴ
582 2267 638 2297 τοῖς
661 2266 774 2297 δικαίοις
796 2267 916 2297 ἅπαντες

131 2312 286 2348 χαίρουσιν·
310 2312 368 2338 ἀλλ’
390 2313 478 2338 ὲκείνο
501 2311 656 2346 θαυμαστὸν
676 2312 708 2338 ἂν
731 2309 765 2346 ἦν
788 2312 836 2338 καὶ
854 2312 915 2338 λίαν

131 2357 252 2390 ἐνδίκως,
271 2358 294 2384 εἰ
311 2358 412 2389 πάντες
433 2358 479 2384 ὑπ’
496 2357 644 2392 ὀφθαλμοῖς
660 2358 710 2393 τῆς
730 2357 808 2392 δίκης
823 2357 915 2384 ἐπολμ

129 2405 250 2431 τεύοντο.
272 2404 423 2439 ’Λγαπητὺν
444 2404 465 2430 δ’
480 2404 559 2440 ἐμοὶ,
577 2404 628 2430 κᾶν
644 2404 668 2430 οἱ
690 2403 798 2434 πλείους
820 2403 915 2438 εἴησαν

130 2452 210 2485 (ὅπερ
226 2451 275 2476 οὐκ
289 2450 364 2485 ἐστὶ)
390 2450 460 2485 φίλοι
474 2450 520 2476 τοῦ
540 2450 656 2476 δικαίου.
673 2449 778 2484 Μερίδα
795 2449 844 2484 μὲν
860 2449 914 2485 γὰρ

129 2498 224 2532 ὀλίγην
238 2497 293 2533 ὁρῶ
310 2497 447 2533 ῥέπουσαν
469 2498 507 2528 εἰς
519 2496 701 2530 δικαιοσύνην,
717 2497 747 2522 τὸ
769 2496 798 2522 δὲ
814 2496 914 2530 πλῆθος

129 2544 291 2578 ἐπισύρεται
304 2544 321 2577 ἡ
334 2542 434 2569 ἀδικία.
451 2543 516 2569 Ὅτε
534 2541 624 2568 τοίνυν
639 2541 727 2573 οὕτως
740 2540 797 2576 ἔχει
811 2539 896 2567 ταῦτα
906 2560 914 2573 ,

128 2590 157 2617 τί
173 2589 273 2625 δήποτε
290 2588 381 2620 ἀλύεις
396 2589 428 2615 σὺ
453 2588 500 2615 καὶ
516 2587 677 2623 ἀσχάλλεις,
695 2588 736 2614 ὅτι
750 2587 782 2612 τὸ
799 2586 914 2618 δίκαιον,

130 2633 173 2668 οἷς
190 2636 264 2662 ἐστιν
279 2635 388 2667 οἰκεῖον,
404 2634 557 2669 ἀπονέμων,
572 2633 624 2660 ὑπὸ
639 2632 693 2659 τῶν
707 2632 741 2659 τὰ
756 2632 849 2658 δίκαια
869 2639 914 2666 μι-

132 2682 252 2709 σούντων
268 2680 318 2716 τὴν
339 2681 399 2715 ῐσην
414 2680 494 2716 ὓϐριν
510 2680 667 2715 ὑπομένεις.
683 2678 842 2705 Τοὺνάντιον
861 2677 915 2712 γὰρ

129 2727 215 2763 ἐχρῆν
231 2736 260 2754 σε
278 2725 485 2762 σκυθρωπάζειν
507 2726 553 2753 καὶ
572 2725 662 2760 ζητεῖν
675 2724 752 2751 λύσιν
767 2723 856 2759 εὑρεῖν
868 2722 915 2749 τοῦ

1001 2266 1098 2293 Mirum
1119 2274 1173 2294 non
1190 2271 1242 2298 est,
1262 2267 1284 2293 si
1300 2267 1381 2302 justis
1394 2266 1549 2293 hominibus
1560 2266 1679 2301 plerique
1693 2275 1750 2294 0m-

964 2320 1013 2339 nes
1030 2313 1102 2340 haud
1116 2313 1196 2348 plane
1215 2313 1394 2340 delectantur.
1411 2312 1477 2339 Illud
1491 2317 1580 2339 autem
1597 2313 1750 2341 mirandum

964 2359 1060 2394 magis,
1075 2359 1097 2386 si
1123 2363 1250 2393 tanquam
1266 2359 1294 2386 in
1308 2365 1456 2393 conspectu
1470 2358 1591 2392 justitirc,
1609 2367 1704 2388 omnes
1723 2366 1751 2388 et

965 2404 1064 2438 singuli
1080 2405 1142 2432 vita:
1155 2412 1263 2431 cursum
1279 2405 1433 2431 instituant.
1444 2404 1506 2430 Mihi
1524 2405 1622 2432 sullicit
1637 2405 1658 2432 si
1674 2405 1750 2439 plus-

966 2449 1018 2476 culi
1037 2449 1108 2482 sint;
1125 2453 1154 2476 ut
1167 2453 1240 2477 certe
1261 2449 1340 2483 pauci
1365 2453 1429 2475 sunt
1450 2449 1526 2481 tales,
1549 2449 1594 2484 qui
1616 2450 1748 2483 justitiam

966 2499 1167 2522 consectantur.
1184 2495 1290 2521 Partem
1302 2502 1367 2521 sane
1379 2502 1431 2521 non
1442 2502 1564 2529 magnam
1575 2495 1607 2522 ad
1617 2495 1749 2529 justitiam

965 2541 1106 2568 colendam
1116 2547 1266 2575 propensos
1276 2540 1366 2571 video,
1377 2540 1580 2567 multitudinem
1593 2541 1626 2567 ad
1639 2549 1668 2567 se
1680 2542 1750 2576 rapit

967 2586 1110 2621 iniustitia.
1123 2585 1188 2613 Haec
1198 2586 1234 2612 ita
1249 2593 1279 2613 se
1292 2585 1403 2619 habere,
1422 2585 1486 2620 quid
1500 2589 1558 2612 tute
1572 2586 1689 2618 haesitas,
1703 2587 1748 2620 qui

967 2640 1029 2659 cum
1047 2632 1120 2666 justo
1143 2631 1275 2666 justitiam
1298 2632 1342 2658 cui
1362 2631 1478 2659 debetur
1506 2632 1690 2660 administras.
1717 2632 1750 2658 ab

968 2677 1020 2704 illis
1035 2677 1133 2712 quibus
1146 2677 1249 2712 justum
1269 2677 1341 2712 quod
1358 2682 1409 2708 cst,
1427 2677 1550 2704 odiosmu
1571 2682 1622 2709 est,
1649 2676 1750 2711 pariter

968 2728 1092 2758 reportas
1110 2723 1315 2750 contumeliam.
1335 2723 1452 2751 Omnino
1467 2728 1492 2750 te
1505 2723 1597 2750 decuit
1613 2722 1751 2750 contrario

789 2800 905 2828 νΑιιιίΕ
925 2799 1128 2828 LECTIONES.

190 2877 200 2894 ι
216 2875 376 2910 ἐπεύχομαι.
