1931 3080
177 124 231 156 839

756 122 888 153 ΡΗΟΤΠ
908 121 1162 153 PATRIARCH/E
1181 121 1236 151 ΟΡ.

1757 119 1809 152 840

178 180 260 208 modo
277 179 406 207 aii'cctum
423 185 495 211 esse,
517 182 595 206 torvo
607 177 684 206 vultu
704 185 752 205 eos
769 177 885 211 intueri,
899 181 927 204 et
944 176 967 204 id

1024 175 1172 208 λυποῦντος
1194 176 1218 202 εἰ
1236 176 1262 202 οί
1283 175 1331 211 τῆς
1354 175 1432 212 δίκης
1447 174 1539 211 ἐχθροί
1561 183 1603 202 σοι
1617 174 1698 212 φίλην
1718 176 1808 212 ἐχαρί-

178 234 260 262 agere
275 225 371 253 sedulo
381 230 411 252 ut
425 224 549 251 solamen
563 223 687 251 invenias
701 223 775 251 illius
783 222 855 258 quod
869 227 895 250 te
906 229 972 250 con-

178 272 315 299 tristatum
334 270 438 302 reddet,
456 269 479 296 si
493 269 575 297 modo
591 270 684 298 hostes
696 269 743 304 qui
757 277 787 297 se
805 269 894 305 justus
905 276 969 304 pro-

179 319 297 350 iitc‘ntur,
318 317 436 352 linguam
455 316 503 343 tibi
518 316 632 343 amicam
646 316 739 353 largiri
752 316 863 344 vellent.

461 372 569 401 EPIST.
590 372 685 400 XXVI.

308 420 392 448 Paulo
407 420 534 449 Cwsareie
549 419 745 454 archiepiscopo
758 419 843 454 lapso.

1021 221 1099 255 ζοντο
1115 222 1251 258 γλῶσσαν.

1312 371 1425 398 sum.
1446 372 1520 406 Kq'.

1019 417 1129 450 Παύλῳ
1156 418 1292 453 γεγονότι
1314 418 1540 452 ἀρχιεπισκόπῳ
1559 417 1739 452 Καισαρείας
1760 418 1808 445 καί

1301 453 1521 487 ἀποστήσαντι.

796 507 931 532 Montacut.
950 507 1001 540 (ep.
1019 509 1073 541 175,
1089 516 1112 541 p.
1130 509 1197 542 262).

213 563 356 591 Arcadiam
377 570 422 590 me
436 562 553 598 ﬂagitas,
569 561 704 596 quispiam
723 561 838 594 diceret,
855 569 907 588 nec
927 561 971 588 in-

173 609 258 644 juria.
273 609 493 643 proverbialiter.
511 609 566 644 Ego
586 613 678 635 autem
700 608 828 640 exhibeo,
849 607 897 636 sed
913 615 968 635 non

175 664 191 683 e
215 656 346 690 plaustro,
360 663 412 682 nec
425 663 440 682 ιι
457 655 566 690 Scythis
585 659 739 682 mutuatum
767 654 896 686 verbum,
921 654 968 682 sed

174 702 254 738 quale
264 706 337 729 amet
348 701 478 729 Charitas.
489 701 631 736 Improbus
640 700 768 727 exstitisti
779 707 842 734 erga
853 699 968 733 amicos,

1065 563 1210 598 ’Δρκαδίαν
1226 572 1260 599 με
1275 564 1379 596 αἰτεῖς,
1396 564 1467 590 εἴποι
1480 563 1512 590 ἄν
1534 572 1577 595 τις
1588 584 1594 596 ,
1616 563 1663 591 καὶ
1682 563 1754 598 μάλα
1771 564 1808 591 εί-

1022 609 1123 642 κότως,
1143 610 1345 646 παροιμιαστὴς
1360 611 1442 646 ἀνήρ·
1458 610 1513 644 ἐγὼ
1526 610 1554 637 δέ
1570 619 1610 637 σοι
1625 610 1715 641 δώσω,
1734 611 1761 636 σὺ
1777 610 1810 637 τὰ

1019 655 1050 689 ἐξ
1068 655 1177 691 ἁμάξης
1188 675 1197 689 ,
1217 656 1278 683 οὐδὲ
1297 656 1347 692 τὴν
1364 657 1419 683 ἀπὸ
1432 657 1543 683 Σκυθῶν
1557 657 1647 691 ῥῆσιν,
1663 656 1721 683 ἀλλ’
1736 656 1809 691 ἆπερ

1023 701 1056 728 ἂν
1072 702 1145 736 φιλεί
1164 703 1180 737 ἡ
1205 702 1330 737 ἀλήθειαν
1345 703 1429 734 κακὸς
1444 703 1536 737 ἐγένου
1554 702 1641 737 φίλοις
1652 723 1658 733 ,
1674 702 1721 728 καὶ
1737 702 1809 729 θείου

175 749 276 776 divinat
294 747 361 783 legis
375 747 506 782 proditor,
525 747 611 775 hostis
630 747 745 782 propriae
760 746 943 774 confessionis
959 753 967 773 :

1024 747 1152 783 προδότης
1166 747 1311 783 δόγματος,
1326 747 1374 774 καὶ
1384 748 1433 782 τῆς
1446 748 1494 782 σῆς
1507 747 1651 782 ὁμολογίας
1667 747 1805 782 πολέμιος·

175 798 203 821 et
228 799 318 822 tamen
343 793 443 829 rogitas
464 801 514 820 cur
536 797 562 820 te
591 797 622 820 ut
644 793 797 827 improbum
824 792 968 827 diﬂ'ugiunt

175 840 310 871 homines,
324 848 374 867 nec
396 847 543 875 congressu
565 847 616 866 suo
636 838 778 866 communi
802 837 968 873 dignantur?

175 886 307 914 Nimirum
322 886 383 913 ideo
400 887 427 921 (0
439 893 493 920 quo
509 890 534 912 te
550 885 697 919 titulojure
707 885 847 920 designem
858 884 878 920 ί)
893 883 968 919 quod

176 933 295 962 terribile
318 932 495 964 arbitrantur,
514 931 559 959 vel
582 939 630 966 per
647 931 720 958 salve
741 930 964 958 communionem

177 979 278 1007 habere
292 987 354 1007 cum
371 979 501 1014 operibus
516 978 569 1006 tuis
584 977 687 1012 impiis.

453 1030 563 1058 EPIST.
585 1029 694 1057 XXVII.

326 1077 465 1104 lac/tario:
479 1076 615 1109 metropol.
629 1075 813 1102 Chalcedonis.

1021 791 1081 820 εἶτα
1109 793 1241 829 διερωτᾷς
1262 794 1290 820 τί
1309 794 1410 829 δήποτέ
1432 803 1462 820 σε
1478 795 1502 820 οὶ
1526 793 1650 824 εὐσεϐεῖς
1670 793 1708 824 ὡς
1724 793 1807 828 ὲναγῆ

1020 837 1249 873 ἀποστρέφονται,
1265 839 1334 875 μηδὲ
1354 840 1403 874 τῆς
1419 840 1512 874 κοινῆς
1530 838 1668 871 ἀξιοῦντες
1686 839 1809 875 προσρή-

1021 892 1109 917 σεως;
1126 880 1178 918 (ὧ,
1192 885 1218 911 τί
1232 893 1262 911 σε
1274 885 1387 915 δικαίως
1403 884 1544 919 προσείπω
1553 883 1572 917 ;)
1587 883 1701 919 φοὸερὺν
1713 884 1810 918 ἡγοῦν-

1019 939 1065 958 ται
1082 931 1128 958 καὶ
1151 932 1182 958 τὸ
1197 931 1242 958 διὰ
1253 930 1300 957 τοῦ
1327 931 1444 965 χαίρειν
1460 929 1626 964 κοινωνῆσαι
1646 930 1701 961 τοῖς
1717 929 1809 964 ἔργοις

1021 985 1069 1004 σου
1079 978 1135 1009 τοῖς
1149 979 1287 1013 πονηροῖς.

1316 1031 1428 1057 ΕΠΙΣΤ.
1451 1031 1514 1058 ΚΖ¹.

1125 1077 1257 1111 Ζαχαρίᾳ
1271 1078 1478 1111 μητροπολίτῃ
1493 1076 1696 1111 Χαλκηδόνος.

798 1130 930 1156 Montacut.
947 1130 1001 1163 (ep.
1018 1130 1072 1163 179,
1087 1139 1113 1164 p.
1129 1132 1196 1163 267).

208 1185 269 1213 Misi
283 1185 330 1213 tibi
346 1193 466 1213 amaram
480 1185 630 1220 potionem,
650 1186 849 1221 prmparatione
874 1186 968 1214 confe-

173 1233 318 1268 ctioneque
327 1240 436 1266 novam,
444 1232 586 1259 stomacho
597 1232 791 1260 inservientem
802 1232 966 1265 roboranda,

173 1279 208 1306 ab
231 1279 326 1306 eadem
343 1283 401 1306 arte
414 1286 467 1313 qua
490 1278 566 1313 prius
590 1277 751 1312 profectam,
777 1278 824 1305 sed
845 1283 967 1314 tempore

1059 1187 1190 1223 Ἔπεμψά
1213 1197 1254 1215 σοι
1278 1189 1390 1225 πικρὰν,
1409 1190 1441 1225 τῇ
1466 1198 1495 1216 τε
1517 1191 1692 1226 κατασκευῇ,
1710 1190 1754 1217 καὶ
1777 1191 1809 1226 τῇ

1020 1233 1128 1276 ἐπινοίᾳ
1147 1233 1221 1260 νέαν·
1245 1234 1292 1260 καὶ
1307 1234 1432 1270 βοήθημα
1449 1235 1624 1270 στομαχικδν,
1644 1235 1742 1271 τέχνης
1762 1235 1810 1269 μὲν

1019 1279 1070 1314 τῆς
1094 1280 1197 1316 αὐτῆς,
1221 1280 1329 1316 ήλικίας
1350 1281 1378 1308 δὲ
1402 1282 1603 1318 πρεσϐυτέρας.
1628 1283 1737 1309 Τούτων
1759 1284 1810 1318 τὴν

173 1325 367 1361 antiquiorem.
387 1324 491 1351 IIorutn
515 1323 777 1351 medicamentorum
795 1324 872 1359 prius
886 1332 967 1352 mane

1024 1327 1071 1362 μὲν
1086 1327 1157 1362 ὑπὲρ
1175 1327 1281 1363 ἡμέραν
1300 1328 1399 1364 ὄρθρου
1421 1329 1642 1364 προσφερόμενος
1662 1329 1733 1357 κατὰ
1751 1338 1811 1366 τρι-

174 1371 289 1406 recipies
301 1378 364 1398 cum
385 1370 464 1396 tertia
491 1374 568 1404 parte
594 1369 653 1403 ejus
668 1369 741 1404 quod
761 1377 816 1396 una
841 1369 969 1408 mittitur,

174 1421 298 1445 sumatur
311 1416 337 1443 in
357 1423 427 1450 aqua
443 1415 533 1450 tepida
548 1418 596 1441 attt
615 1414 765 1445 melicrato.
789 1418 872 1449 prout
887 1414 970 1442 alter-

174 1468 265 1490 utrum
287 1461 373 1496 magis
391 1460 465 1488 ferre
490 1459 595 1495 possis:
608 1463 636 1486 et
652 1464 714 1494 post
726 1460 813 1486 amari
828 1460 899 1487 illius
912 1467 971 1487 me-

177 1507 325 1536 dicamenti
343 1507 492 1542 potionem,
509 1513 601 1533 sumas
616 1505 732 1532 alterum
747 1506 810 1532 licet
825 1513 875 1540 per
890 1513 969 1533 men-

175 1562 234 1582 sem
249 1554 385 1588 integrum
397 1551 598 1584 continuatum,
612 1558 697 1586 usque
708 1551 742 1578 ad
757 1550 836 1578 nucis
849 1551 970 1578 Ponticae

174 1599 367 1634 quantitatem,
382 1597 467 1624 ternis
482 1604 564 1632 porro
579 1597 650 1624 bolis
665 1596 842 1624 distributum
857 1596 967 1623 sumito.

176 1645 249 1672 Illam
266 1649 329 1671 ante
348 1643 413 1671 solis
430 1647 568 1675 excrtum,
581 1643 696 1670 alteram
708 1643 742 1670 ad
757 1650 884 1670 occasum
900 1642 968 1670 solis

174 1695 237 1726 post
248 1697 364 1722 comam,
377 1689 509 1716 stomachi
518 1689 675 1716 cacbexiam
688 1689 725 1716 ita
737 1690 765 1716 in
771 1689 868 1716 melius
880 1688 968 1716 refor-

175 1737 276 1769 mabls,
296 1741 323 1764 et
348 1736 455 1762 aurium
483 1735 604 1763 dolorem
626 1735 745 1762 sedabis.
773 1734 834 1763 Non
856 1742 968 1770 possum

174 1783 222 1810 tibi
235 1781 393 1818 promittere
411 1781 520 1809 totalem
536 1780 706 1808 sanationem
723 1789 729 1808 :
744 1789 807 1808 nam
823 1781 912 1808 morbi
923 1781 967 1808 in-

175 1828 286 1857 veterati
304 1828 349 1856 vis
370 1828 404 1856 ad
421 1832 528 1862 tempus
550 1827 633 1855 breve
654 1832 796 1854 sanantur.
820 1827 910 1862 Atque
937 1831 967 1854 ut

173 1876 248 1909 alibi,
264 1876 301 1904 ita
319 1875 453 1911 imprimis
464 1875 492 1902 in
508 1874 738 1910 promissionibus
753 1874 967 1902 medicamenta-

174 1922 245 1950 libus
259 1922 286 1950 id
302 1921 375 1957 quod
396 1922 525 1956 turgescit
546 1920 748 1956 reprobandum
772 1928 779 1946 :
804 1920 852 1948 sed
871 1920 965 1948 divino

176 1967 255 1995 facile
284 1967 422 2001 aspir-ante
442 1967 542 1994 auxilio
566 1967 719 2003 mitigatum
751 1966 837 2003 magis
864 1971 965 1994 statum

175 2012 352 2047 consequeris
371 2016 398 2039 ct
414 2012 612 2040 habitudinem.

441 2068 550 2096 EPIST.
577 2069 695 2097 XXVIII.

265 2115 406 2150 Ειιίιιιηρὶο
422 2115 618 2149 archiepiscopo
637 2118 661 2142 ἐι
676 2115 867 2150 sceuopliylaci.

1021 1373 1154 1409 τημόριον
1169 1374 1216 1400 τοῦ
1239 1375 1394 1407 σταλέντος,
1412 1375 1489 1402 ὕδατι
1505 1375 1620 1412 χλιαρῷ,
1634 1376 1651 1411 ἢ
1668 1376 1716 1403 καὶ
1733 1376 1810 1411 μελι-

1020 1420 1126 1456 κράτῳ,
1139 1419 1177 1452 ὡς
1193 1420 1226 1448 ἂν
1273 1429 1314 1448 σοι
1329 1422 1514 1457 ἀλυπὼτερον-
1526 1422 1558 1448 τὸ
1565 1422 1604 1454 δὲ,
1616 1423 1685 1456 μετὰ
1700 1423 1751 1458 τὴν
1760 1422 1811 1456 τῆς

1019 1468 1123 1503 πικρᾶς
1139 1468 1229 1498 πόσιν,
1242 1467 1303 1494 καθ’
1314 1468 1374 1495 ὅλον
1387 1469 1498 1504 ἡμερῶν
1516 1470 1600 1503 μῆνα,
1615 1469 1744 1496 Ποντικοῦ
1762 1477 1813 1495 κα-

1021 1512 1087 1549 ρύου
1105 1513 1176 1540 κατὰ
1193 1513 1326 1548 μέγεθος,
1351 1515 1380 1546 ὲς
1401 1515 1464 1549 τρία
1479 1515 1519 1550 τῷ
1534 1515 1631 1550 πλήθει
1645 1515 1810 1550 λαμϐάνων·

1018 1557 1054 1583 τὰ
1070 1557 1130 1592 μὲν,
1153 1557 1274 1592 ἡλιακῶν
1289 1558 1381 1592 αὐγῶν
1399 1560 1593 1595 πρωῖαίτερον·
1613 1560 1644 1586 τὸ
1663 1560 1693 1586 δὲ
1706 1559 1811 1593 λοιπὸν,

1018 1601 1148 1637 δυομένου
1172 1603 1220 1629 καὶ
1248 1603 1433 1631 ὲπιδείπνιον·
1451 1605 1532 1640 τήντε
1548 1605 1719 1640 στομαχικὴν
1741 1614 1810 1640 καχ-

1019 1647 1092 1680 εξίαν
1106 1649 1152 1674 ἐπὶ
1167 1649 1197 1675 τὸ
1206 1648 1318 1684 ἄμεινον
1329 1649 1400 1682 ἕξεις
1418 1650 1621 1686 μεθισταμένην
1633 1659 1686 1684 σοι,
1703 1651 1750 1678 καὶ
1762 1651 1812 1687 τὴν

1018 1694 1065 1720 τοῦ
1072 1694 1141 1726 ὠτὸς
1151 1695 1341 1730 περιωδυνίαν.
1354 1696 1412 1722 Οὐκ
1423 1697 1456 1723 ἂν
1467 1697 1495 1723 δὲ
1507 1697 1589 1732 φαίην
1600 1698 1640 1728 εἰς
1651 1697 1812 1734 ἀπαλλαγὴν

1019 1738 1149 1774 παντελῆ·
1162 1738 1276 1775 βραχεῖά
1291 1749 1321 1766 τε
1335 1741 1390 1775 γὰρ
1404 1741 1540 1776 θεραπεία
1556 1742 1745 1777 χρονιωτέρων
1760 1744 1811 1779 ἡτ-

1018 1784 1096 1810 τᾶται
1112 1785 1284 1820 νοσημάτων,
1304 1785 1353 1812 καὶ
1374 1785 1469 1822 ὥσπερ
1492 1786 1630 1822 πανταχοῦ
1643 1807 1650 1820 ,
1666 1787 1738 1814 οὕτω
1760 1789 1812 1824 μά-

1017 1829 1097 1856 λιστα
1110 1832 1168 1862 ταῖς
1181 1832 1317 1867 ἰατρικαῖς
1332 1833 1495 1868 ὑποσχέσεσι
1509 1835 1660 1871 νεμέσητον
1675 1835 1706 1862 τὸ
1722 1836 1806 1872 ὑπέρ-

1017 1885 1108 1910 ογκον.
1154 1877 1224 1904 Ἀλλ’
1249 1876 1296 1906 οὖν
1323 1879 1374 1914 τῆς
1400 1880 1456 1906 ἀνω
1474 1881 1579 1916 ῥοπῆς,
1603 1882 1643 1913 είς
1666 1882 1811 1917 εὐμένειαν

1017 1922 1144 1958 ὁρώσης,
1159 1925 1197 1955 είς
1217 1924 1284 1951 πολὺ
1307 1925 1391 1961 ῥᾴονα
1413 1926 1670 1964 συγκαθισταμένην
1686 1936 1729 1955 σοι
1749 1928 1810 1955 δια-

1018 1968 1102 1996 θεσιν.

1311 2073 1423 2100 ΕΠΙΣΤ.
1442 2075 1508 2101 KH’.

1066 2119 1229 2152 Εὐλαμπίῳ
1244 2119 1469 2154 ἀρχιεπισκόπῳ
1483 2122 1532 2149 καὶ
1546 2123 1764 2158 σκευοφύλακι.

782 2172 917 2199 Montacut.
934 2174 987 2206 (ep.
1002 2174 1056 2205 18L,
1073 2182 1095 2206 p.
1115 2175 1181 2207 275).

211 2225 377 2252 Adversatur
403 2224 498 2251 virtuti
514 2224 685 2259 improbitas,
700 2232 752 2252 nec
769 2225 796 2252 in
820 2225 968 2253 amicitiam

175 2271 330 2298 coalescunt
346 2271 492 2306 aliquando
507 2280 513 2297 ι
532 2275 646 2306 utraque
661 2271 801 2306 propriutn
815 2272 969 2308 subjectum

175 2318 268 2350 habet,
296 2322 324 2344 ct
339 2317 513 2352 amplectitur
528 2317 571 2344 cui
589 2317 719 2344 innititur
735 2327 742 2344 :
769 2318 826 2345 ﬁeri
842 2326 897 2345 non
919 2326 970 2354 p0-

176 2368 230 2391 test
255 2368 294 2395 ut,
319 2363 448 2398 subjectis
471 2363 666 2398 pugnantibus.
686 2370 717 2389 ea
744 2370 804 2397 quzu
827 2363 967 2395 incubant,

176 2411 301 2438 inducias
320 2415 401 2445 agant
415 2419 420 2436 :
436 2410 457 2437 si
475 2411 526 2437 hoc
548 2411 584 2437 ita
607 2417 637 2438 se
654 2411 736 2437 habet
752 2410 844 2437 mirari
866 2411 931 2443 noli,
945 2410 969 2438 si

176 2457 209 2488 is.
228 2457 274 2492 qui
291 2457 414 2484 minister
426 2461 467 2484 est
488 2457 647 2491 impietatis,
661 2457 761 2484 bellum
773 2457 808 2484 iis
825 2457 969 2485 denuntiat

176 2511 238 2530 cum
272 2510 368 2538 magno
390 2507 473 2533 statu,
488 2502 534 2537 qui
557 2502 684 2530 virtutem
709 2502 760 2537 ipsi
789 2510 823 2530 ex
853 2503 967 2531 adverso

176 2549 354 2578 constitutam
368 2553 574 2584 reprmsentant.

453 2606 561 2633 ICPIST.
583 2606 680 2633 XXIX.

310 2653 481 2680 Eusc/temoni
494 2653 689 2686 archiepiscopo
703 2651 845 2679 (λειανέω.

1056 2227 1150 2253 Ἔστιν
1162 2227 1285 2254 ἐναντίον
1304 2229 1338 2264 τῇ
1353 2229 1437 2265 ἀρετῇ
1451 2230 1468 2264 ή
1486 2230 1581 2260 κακία.
1597 2231 1645 2258 καὶ
1657 2231 1707 2258 οὐκ
1723 2232 1756 2258 ἂν
1769 2233 1809 2264 είς

1019 2272 1110 2306 φιλίαν
1126 2273 1295 2299 συνέλθοιεν·
1315 2274 1434 2310 ἑκατέρα
1452 2275 1480 2302 δὲ
1499 2276 1678 2312 ὑποκείμενον
1697 2279 1808 2310 οἰκεῖον,

1020 2316 1063 2350 ἐφ’
1076 2312 1098 2350 ᾧ
1111 2316 1226 2351 ἵδρυται,
1247 2317 1493 2353 καταλαμὸάνουσα
1507 2319 1563 2354 ἔχει
1574 2329 1580 2335 “
1597 2322 1646 2348 οὐκ
1660 2321 1732 2348 ἔστιν
1749 2321 1808 2356 οὖν,

1021 2365 1177 2400 μαχομένης
1191 2365 1241 2400 τῆς
1258 2366 1459 2401 ἐφιδρυμὲνης,
1484 2368 1646 2396 σπένδεσθαι
1664 2370 1709 2396 τὸν
1730 2370 1812 2406 ἑδρά-

1018 2409 1098 2442 ζοντα
1117 2419 1124 2426 ·
1139 2411 1162 2437 εί
1177 2410 1205 2437 δὲ
1217 2410 1306 2444 τοῦτο,
1318 2411 1401 2447 μηδὲν
1411 2412 1566 2449 θαυμάζῃς,
1578 2415 1602 2440 εί
1616 2416 1629 2441 ὁ
1644 2415 1694 2450 τῆς
1709 2417 1811 2449 κακίας

1018 2456 1167 2492 ὑπηρέτης,
1188 2457 1258 2484 κατὰ
1273 2458 1326 2484 τῶν
1340 2459 1548 2494 ἀντιπρόσωπον
1557 2461 1632 2497 αὐτῷ
1646 2462 1694 2497 τὴν
1709 2463 1812 2499 ἀρετὴν

1017 2502 1254 2539 προὸεΰλημένων,
1276 2505 1348 2539 μέγα
1359 2505 1421 2531 πνεῖ
1433 2506 1464 2532 τὸ
1476 2506 1612 2542 πολέμιον.

1317 2607 1428 2634 ΕΠΙΣΤ.
1445 2605 1511 2633 KG’.

1103 2652 1278 2686 Εὺσχημόνι
1289 2652 1512 2687 ἀρχιεπισκὸπῳ
1526 2652 1716 2685 Καισαρείας.

789 2710 921 2735 Monlacut.
940 2711 991 2740 (ep.
1008 2709 1063 2740 186,
1078 2717 1103 2741 p.
1120 2709 1189 2741 274).

212 2762 375 2797 Improbitas
398 2762 498 2798 (neque
512 2762 564 2789 hoc
581 2762 705 2790 videatur
719 2763 770 2790 tibi
796 2763 964 2798 paradoxum

176 2809 254 2844 quid.
269 2816 331 2836 cum
355 2809 422 2836 satis
437 2813 550 2836 testatur
565 2817 659 2836 verum
678 2810 835 2845 quotidiana
860 2817 908 2844 per
924 2809 966 2836 vi-

180 2860 233 2881 tam
249 2854 426 2889 experientia)
445 2856 466 2882 si
480 2863 532 2882 non
555 2856 613 2883 velo
630 2856 738 2883 virtutis
761 2863 882 2891 oppanso
896 2856 967 2884 vele-

1061 2761 1093 2788 'H
1114 2762 1199 2789 κακία
1218 2762 1276 2798 (xui.
1292 2762 1376 2797 μηδὲν
1391 2771 1432 2789 σοι
1454 2762 1525 2794 δόξει
1542 2763 1702 2796 παράδοξον,
1717 2765 1732 2799 ή
1756 2766 1813 2800 γὰρ

1020 2808 1075 2835 τῶν
1096 2809 1125 2835 ἑν
1143 2808 1193 2844 βίῳ
1210 2809 1293 2843 πείρα
1312 2810 1402 2844 σαφῆς
1418 2809 1471 2835 τών
1489 2809 1619 2836 τοιούτων
1637 2810 1811 2844 διδάσκαλος)

1022 2856 1055 2882 ἂν
1072 2855 1138 2890 μηδὲ
1152 2855 1203 2889 τῆς
1216 2854 1317 2891 ἀρετῆς
1326 2855 1436 2882 ὑπέλθοι
1446 2857 1476 2883 τὸ
1492 2857 1595 2893 σχῆμα,
1612 2858 1725 2893 τάχιστα
1742 2858 1815 2885 διόλ-
