1928 3097
132 142 172 175 841

691 128 964 163 EPISTOLARUM
982 128 1097 159 LIBER
1117 129 1158 158 II.

1681 124 1734 156 849

130 199 189 224 λυται
199 205 205 211 ·
222 194 260 231 μὴ
271 193 362 222 τοίνυν
377 193 476 228 ἀθυμει
488 191 590 225 ταύτην
599 189 681 224 ὁρῶν,
696 188 728 214 τὸ
740 187 897 222 λεγόμενον,

957 192 1003 217 ,ur,
1018 183 1181 219 quantocius
1205 182 1362 217 dissipatur.
1381 179 1442 209 Noli
1466 181 1591 216 quocirca
1617 181 1735 216 despon-

129 243 202 278 γυμνῇ
210 243 243 277 τῇ
257 240 362 276 κεφαλῇ
371 238 575 274 θρασυνομένην
592 235 640 262 καὶ
649 231 900 277 ἁπηρυθριασμένῳ

128 288 248 324 προσώπῳ
270 286 341 314 κατά
362 285 473 312 πάντων
499 281 732 316 ἀσελγαίνουσαν-
756 278 869 324 βραχὺς
886 278 901 304 ὁ

128 322 216 370 χρόνος,
232 322 279 359 καὶ
296 333 337 363 εἰς
365 330 513 366 διαφθορὰν
529 328 613 363 αὐτὴν
635 325 706 361 ὕψει,
720 325 769 351 σὺν
790 322 901 370 μεγαλῳ

128 365 175 417 ait!)
189 365 448 416 καταστρέφουσαν·
464 365 468 366 7
485 376 558 412 ἔχεις
570 375 599 402 δὲ
621 374 667 401 καὶ
682 372 729 400 τὸν
753 365 901 407 Προφήτην

128 428 178 462 ἐμοὶ
205 425 464 462 συμφθεγγόμενον·
494 420 584 450 Εἶδον
610 420 663 448 τὸν
689 418 784 452 ἀσεσῆ
808 418 900 462 ὑπερέ-

127 461 284 508 υγψούμενον
299 472 348 498 καί
367 469 571 504 ἐπαιρόμενον,
586 467 627 500 ὡς
639 466 692 499 τὰς
709 464 834 498 κέδρους
845 461 899 489 τοῦ

127 518 250 549 Λιϐάνου,
264 518 316 545 καὶ
329 516 515 552 παρῆλθενπ,
533 514 582 542 καὶ
598 513 662 541 ἰδοὺ
686 512 742 540 οὐκ
752 510 807 546 ἦν’
833 509 898 544 em-

127 573 191 600 τησα
206 564 309 597 αὐτὸν,
329 563 377 591 καὶ
397 563 453 596 οὐχ
471 561 579 596 εὑρέθη
598 561 616 587 ὁ
632 559 724 592 τόπος
742 556 847 585 αὐτοῦ.

429 683 538 710 ΕΠιΣΤ.
556 682 596 708 Λ¹.

223 731 351 766 Ζαχαρία
369 729 573 765 μητροπολίτῃ
598 727 784 762 Ἀντιοχείας.

950 230 1016 257 dere
1029 229 1162 262 animum,
1177 229 1200 256 si
1221 229 1294 264 quod
1316 228 1370 256 dici
1388 227 1466 259 solet,
1480 232 1572 263 aperte
1596 231 1624 255 et
1636 227 1738 255 nudato

949 275 1049 310 capite,
1075 275 1218 303 audaciam
1242 274 1314 302 illam
1340 274 1433 301 videas
1457 273 1680 307 insolescentem,
1708 276 1738 301 et

949 320 977 347 in
991 325 1139 355 conspectu
1167 325 1262 348 contra
1275 327 1370 348 omnes
1391 327 1446 348 non
1470 319 1647 347 erubescente
1660 319 1737 355 vultu

948 366 1145 394 lascivientem.
1166 366 1285 401 Tempus
1297 366 1381 394 breve
1395 365 1569 398 interveniet,
1588 373 1650 393 cum
1663 352 1737 393 iliam

953 411 1060 440 videbis
1077 420 1140 440 cum
1165 412 1268 448 ingenti
1282 412 1374 440 sonitu
1398 412 1426 439 in
1443 411 1592 447 perniciem
1613 411 1737 446 praecipi-

953 463 1048 485 tatam.
1077 458 1166 493 Atque
1186 458 1232 485 hic
1249 458 1315 486 mihi
1334 458 1550 486 consentientem
1573 452 1748 492 Prophelam'

952 502 1050 530 habes.
1068 502 1138 536 Vidi,
1159 503 1248 530 aiebat
1271 503 1325 536 ille,
1343 503 1452 537 impium
1471 503 1498 529 in
1514 502 1619 530 sublimi
1635 502 1739 529 exalta-

950 555 1018 582 tum,
1044 554 1068 577 et
1083 554 1210 585 tanquam
1227 558 1240 577 ιε
1268 550 1352 576 cedria
1372 550 1468 577 Libani
1488 549 1606 580 elatum;
1629 553 1738 583 prater-

948 595 1022 622 ibam
1036 604 1105 628 vero,
1133 600 1158 622 et
1173 604 1229 623 ecre
1244 600 1384 623 nouerat:
1399 596 1547 631 querebam
1566 603 1635 628 eum,
1648 599 1672 622 et
1687 602 1739 622 non

954 645 991 667 est
1008 641 1127 668 inventus
1141 641 1212 668 locus
1228 641 1285 676 ejus
1303 641 1323 667 '.

1239 686 1346 714 EPIST.
1367 685 1449 713 XXX.

1092 731 1230 759 Zacharia:
1245 732 1416 766 metropolitw
1428 731 1597 758 Antias/tene.

730 786 864 811 Montaeut.
878 786 930 818 (ep.
942 786 995 818 191,
1013 795 1037 819 p.
1051 789 1118 821 289).

165 844 184 870 Ο
198 843 331 879 μακάριος
346 843 394 870 καὶ
409 843 480 874 θεῖος
497 842 614 874 Παῦλος,
627 843 642 869 ὁ
655 841 711 868 τῶν
732 841 817 868 ὲθνῶν
833 841 901 867 ἀπό-

987 842 1087 871 Beatus
1113 848 1141 872 et
1162 844 1271 874 divinus
1297 844 1406 878 Paulus,
1437 846 1559 880 gentium
1589 843 1737 878 apostolus,

125 891 217 922 στολος,
235 890 283 916 καὶ
301 890 352 924 τῆς
367 889 530 925 οἰκουμένης
546 888 719 920 διδάσκαλος,
733 888 748 914 ὁ
759 887 805 914 τὸν
818 886 902 922 γύρον

957 891 1047 918 mundi
1064 891 1170 923 doctor,
1192 891 1237 926 qui
1253 895 1324 918 totos
1341 895 1420 918 terra:
1442 891 1554 926 angulos
1569 891 1740 926 praedicando

124 937 220 964 ἅπαντα
241 936 292 971 τῆς
313 936 365 970 γῆς
384 934 539 971 περιλαϐὼν
552 933 591 970 τῷ
605 935 776 969 κηρύγματι,
796 929 874 964 οὗτος
889 933 904 960 ὁ

957 936 1164 965 circumiitzille
1185 937 1288 965 caelesti
1309 937 1465 972 magisterio
1491 937 1614 969 edoctus,
1641 941 1669 963 et
1698 936 1741 963 in-
1784 930 1786 933 ’

122 983 157 1018 τῷ
167 982 282 1017 οὐρανίῳ
299 981 452 1013 παιδευθεὶς
466 980 645 1016 διδασκαλείῳ
655 979 767 1006 καὶτῶν
780 979 903 1015 ἀπορρή-

957 983 1147 1010 enarrabilium
1170 991 1327 1011 sermonum
1353 983 1490 1018 princeps,
1509 983 1640 1009 humanas
1662 989 1741 1008 aures

122 1037 170 1055 των
182 1028 291 1055 ἐκείνων
301 1027 552 1064 ρημάτωνβρῶτος
564 1026 738 1063 ἀνθρωπίνην
748 1026 833 1061 ἀκοὴν
843 1026 903 1052 ἐπι-

957 1030 1096 1057 audientes
1113 1030 1229 1062 habens,
1244 1029 1337 1057 multis
1353 1029 1380 1056 in
1400 1030 1468 1056 locis
1482 1029 1630 1064 discipulos
1642 1036 1657 1055 a
1675 1036 1742 1055 cou-

122 1075 203 1108 δείξας
222 1075 366 1109 κατήκοον,
387 1073 521 1108 πολλαχοῦ
535 1073 598 1104 τοὺς
614 1072 739 1108 μαθητὰς
761 1072 812 1107 τῆς
833 1071 904 1107 μετά

957 1075 1108 1102 versatione
1121 1075 1267 1111 impiorum
1282 1075 1439 1107 excludens,
1461 1082 1514 1101 non
1531 1079 1635 1101 tantum
1649 1081 1740 1100 versa-

122 1121 171 1147 τῶν
195 1120 304 1155 φαύλων
328 1119 471 1154 διατριϐῆς
496 1118 653 1153 ἁπείργων,
675 1117 756 1149 αύτδς
773 1118 803 1144 οὐ
823 1118 903 1151 μόνον

957 1124 998 1146 tus
1007 1124 1049 1147 est
1060 1120 1118 1155 ipse
1130 1128 1191 1147 cum
1202 1119 1378 1155 ejuscetuodi,
1390 1120 1436 1146 sed
1446 1123 1474 1146 et
1483 1120 1539 1146 sine
1554 1119 1608 1154 lege
1623 1119 1743 1146 exsistet:-

123 1166 199 1201 συνῆν
209 1166 256 1192 καὶ
267 1165 507 1200 συνανεστρέφετο,
519 1164 588 1191 ἀλλὰ
599 1164 646 1190 καὶ
656 1162 717 1196 τοῖς
731 1164 853 1198 ἀνόμοις
864 1163 904 1196 ὡς

957 1166 1021 1193 tibus
1043 1166 1112 1192 velut
1132 1165 1208 1193 exlex
1240 1165 1387 1192 εωιυὶπὶιῆ
1415 1165 1485 1197 Quid
1504 1166 1621 1192 autem?
1648 1167 1688 1192 An
1713 1171 1743 1192 ut

122 1212 227 1247 ἄνομος
234 1211 447 1238 συνδιετίθετο.
456 1211 489 1237 Τί
497 1211 590 1243 tofi-co;
605 1211 650 1245 Μὴ
659 1214 695 1244 γα
698 1219 714 1246 ρ
722 1209 794 1245 ἅπερ
801 1210 904 1245 ἑτέροις

957 1212 1014 1246 ipse
1032 1211 1148 1239 libenter
1166 1215 1267 1246 ageret,
1295 1211 1368 1245 quod
1391 1210 1501 1245 reliquis
1522 1218 1576 1237 non
1600 1211 1744 1245 permisit?

121 1259 280 1294 ἀπέτρεπεν,
296 1257 377 1289 αὐτὸς
388 1257 450 1284 καθ’
464 1257 560 1292 ἡδονὴν
584 1256 732 1292 ἕπραττεν;
746 1256 762 1291 ἢ
781 1255 836 1282 τῶν
851 1263 903 1290 μα-

957 1265 989 1284 an
1009 1257 1204 1292 discipulorum
1229 1256 1369 1284 securitati
1385 1261 1414 1283 ut
1427 1256 1593 1291 provideret,
1607 1257 1665 1291 ipse
1690 1256 1743 1284 sibi

121 1305 207 1340 θητῶν
234 1304 284 1339 μὲν
298 1304 328 1330 τὸ
346 1303 467 1338 ἀσφαλὲς
480 1302 619 1333 διετίθετο,
637 1301 727 1337 ἐαυτῷ
739 1301 767 1328 δὲ
781 1301 830 1335 τὴν
844 1300 904 1335 βλά-

957 1305 1084 1332 damnum
1102 1305 1204 1332 creavit
1218 1305 1275 1331 ‘.’an
1299 1305 1399 1332 oblitus
1418 1312 1513 1331 eorum
1527 1312 1587 1339 quae
1601 1312 1744 1340 suggesse-

121 1351 169 1386 δην
182 1350 338 1386 είσέφερεν;
357 1349 470 1385 ἢλήθην
487 1348 556 1383 ἔχων
572 1345 609 1374 ὦν
634 1347 731 1378 ἄλλους
752 1347 903 1378 ἐπαίδευεν,

957 1356 1006 1383 rat,
1025 1352 1085 1378 aliis
1102 1351 1235 1379 contraria
1253 1351 1362 1378 obivit?
1381 1351 1468 1378 absit!
1484 1355 1630 1385 utrumque
1643 1350 1744 1385 optime

119 1397 197 1428 αὐτὸς
214 1395 342 1422 τάναντία
351 1395 481 1430 gamma;
507 1395 545 1430 μὴ
561 1394 667 1428 γένοιτο
681 1393 755 1420 ῐάλλ¹
776 1393 904 1428 ἑκάτερον

957 1402 1078 1429 noverat,
1090 1405 1118 1423 se
1132 1397 1328 1431 perfectionem
1345 1401 1501 1423 assecutum
1526 1396 1693 1424 immobilem
1710 1396 1743 1423 ad

118 1442 218 1470 τούτων
243 1442 366 1477 ἀκριϐῶς
389 1441 581 1474 συνεπίστατο,
605 1441 653 1467 καὶ
680 1440 711 1466 τὺ
734 1439 795 1466 καθ’
811 1439 904 1466 ἑαυτὸν

957 1444 1068 1475 malum,
1083 1443 1198 1470 aliorum
1221 1442 1443 1478 imperfectiones
1465 1447 1492 1469 et
1506 1450 1587 1477 quam
1605 1442 1698 1469 labiles
1711 1442 1746 1469 ad

118 1489 230 1522 τέλειον,
248 1489 297 1515 καὶ
332 1488 401 1523 πρὸς
426 1487 527 1514 κακίαν
552 1487 766 1522 ἀμετακίνητον,
788 1486 905 1514 καὶτῶν
918 1514 938 1525 Π

118 1535 225 1562 πολλῶν
248 1534 279 1561 τὸ
296 1534 391 1566 ἀτελὲς
410 1535 457 1560 καὶ
473 1533 542 1569 πρὸς
560 1533 594 1560 τὰ
613 1533 697 1569 χείρω
717 1533 901 1568 εὐέμπτωτον.

118 1580 210 1607 Ταῦτα
220 1579 248 1606 δὲ
267 1579 358 1610 καλῶς
384 1578 461 1610 εἰδὼς
474 1580 522 1606 καὶ
536 1579 775 1613 συνεπιστάμενος,
791 1578 905 1607 ἐκείνοις

119 1627 168 1663 μὲν
190 1627 239 1659 τὰς
253 1628 285 1654 ἐκ
301 1627 356 1654 τῶν
371 1625 528 1660 ἐπισφαλῶς
541 1624 670 1660 βιούντων
687 1623 790 1659 βλαϐεὶς
806 1623 905 1650 ἀνακό·

117 1681 193 1700 πτων
218 1673 264 1700 καὶ
288 1671 509 1707 ἀποκρουόμενος
527 1671 578 1705 τῆς
602 1670 661 1706 μετ’
688 1669 776 1696 αὐτῶν
800 1669 905 1704 διαίτης

116 1721 166 1748 καὶ
186 1719 358 1755 ἀναστροφῆς
369 1718 517 1745 διεκώλυεν
526 1727 533 1734 ·
547 1717 642 1744 ἑαυτὸν
656 1717 684 1743 δὲ
695 1717 743 1743 καὶ
754 1718 794 1749 είς
806 1717 906 1752 μέσους

120 1767 214 1802 φέρων
234 1767 326 1801 ἠφίει,
350 1765 398 1792 καὶ
415 1765 578 1800 ἐμοῤῥόφιος
592 1764 683 1795 αὐτοῖς
697 1763 840 1796 πολλάκις,
859 1763 906 1789 καὶ

115 1813 271 1849 ὁμοδίαιτος
290 1811 487 1846 ἐχρημάτιζεν·
507 1811 538 1836 οὐ
557 1810 650 1841 δεδίως
668 1810 811 1844 μετασχεῖν
828 1808 906 1844 κηλῖ-

113 1861 162 1891 δος
175 1859 227 1894 ’τῆς
246 1858 312 1893 παρ’
328 1858 432 1884 αὐτῶν·
446 1856 555 1893 θαρῥῶν
570 1856 599 1883 δὲ
613 1857 660 1882 καὶ
677 1855 841 1891 μεταδώσειν
856 1855 908 1890 τῆς

113 1904 232 1939 ἐνούσης
244 1903 428 1939 καθαρότητος
435 1911 442 1920 ·
452 1902 524 1929 οὕτω
534 1901 678 1937 τοιγαροῦν
686 1903 700 1929 ὁ
708 1902 788 1933 αὐτὸς
796 1902 906 1934 σκοπὸς,

113 1954 132 1988 ὴ
147 1951 206 1978 τῶν
226 1951 329 1986 ψυχῶν,
346 1950 427 1985 φημὶ,
450 1949 582 1985 σωτηρία,
597 1949 640 1976 διὰ
654 1949 708 1975 τῶν
724 1949 852 1976 ἐναντίων
869 1948 908 1984 τῷ

115 1998 250 2034 μακαρίῳ
270 1997 369 2032 Παύλῳ
389 1996 565 2031 ἐπεραίνετο·
584 1995 666 2022 αὑτοῦ
700 1995 749 2030 μὲν
774 1995 829 2021 τῶν
858 1995 908 2021 οὐκ

113 2043 227 2078 εὐαγῶς
252 2043 381 2078 βιούντων
404 2042 453 2078 τὴν
478 2041 597 2075 σύνοδον,
624 2041 669 2068 ἐπὶ
690 2041 832 2076 διορθώσει
853 2041 908 2068 τῶν

114 2088 256 2115 συνόντων
277 2088 308 2114 οὑ
331 2088 571 2123 παραιτουμένου·
595 2088 659 2118 τοὺς
673 2087 702 2113 δὲ
720 2087 844 2123 μαθητὰς
859 2087 909 2114 υύκ

113 2133 221 2164 ἐῶντος
236 2133 433 2168 παραπλησίως
444 2133 584 2168 πράττειν,
598 2132 641 2158 ἵνα
658 2132 695 2167 μὴ
711 2132 830 2168 χρηστὸν
843 2130 909 2168 ἦθος

113 2179 222 2209 κακαῖς
235 2178 354 2213 ὁμιλίαις
371 2177 608 2212 ὲνδιαφθείροιντο.
622 2177 694 2212 Πρὸς
710 2177 737 2203 τί
753 2177 781 2204 δέ
797 2186 842 2213 μοι
858 2179 909 2213 ἀφ-

112 2224 171 2259 ορᾷ
185 2225 201 2250 ὁ
214 2223 303 2258 λόγος,
321 2223 370 2250 καὶ
383 2223 410 2248 τί
427 2223 571 2258 βούλεται;
590 2221 608 2259 ἦ
624 2223 703 2257 δῆλον
719 2223 760 2250 ὅτι
783 2225 814 2251 τὸ
838 2230 914 2261 παρά

110 2269 170 2304 τῆς
182 2268 261 2303 ὑμῶν
275 2267 444 2302 τελειότητος
454 2266 557 2293 διαλύει
571 2268 790 2302 προτεινόμενον.
809 2271 914 2310 ’Ὠσπερ

110 2315 176 2350 γὰρ
201 2314 252 2340 οὐκ
275 2312 311 2349 ἦν
333 2313 383 2348 μὲν
409 2314 466 2344 τοῖς
482 2313 606 2340 ἀτελέσιν
628 2314 672 2340 ἐπ’
687 2314 810 2347 ἐξουσίας
830 2317 912 2354 ἔχειν,

113 2360 196 2396 μετὰ
208 2360 262 2387 τῶν
276 2359 387 2394 φαύλων
403 2358 656 2394 συναναφύρεσθαι⁴
671 2359 775 2392 Παῦλος
789 2361 817 2388 δὲ
828 2365 915 2398 πράτ-

109 2414 188 2437 των,
203 2406 270 2441 ὅπερ
289 2406 423 2440 ἀπεῖργε,
439 2405 486 2432 καὶ
507 2405 758 2441 διοικονομούμενος
782 2410 913 2444 κατεφαί-

110 2461 195 2482 νετο.
213 2452 360 2488 κερδαίνων
375 2452 474 2487 μᾶλλον
489 2451 519 2484 ἐξ
532 2448 569 2478 ὧν
581 2452 670 2484 ἄλλοις
692 2453 797 2490 ὑπῆρχε
813 2455 844 2482 τὸ
854 2457 915 2482 ἐπι-

110 2498 236 2533 ζήμιον*
258 2497 329 2524 οὕτω
349 2498 402 2533 χρὴ
420 2497 468 2524 καὶ
489 2498 611 2533 περὶτοῦ
635 2499 775 2533 διορισμοῦ
788 2500 837 2534 τῆς
855 2510 916 2536 τρι-

956 1489 1090 1516 deteriora
1111 1499 1117 1516 :
1146 1489 1243 1516 horum
1270 1488 1398 1516 conscius
1419 1492 1447 1515 et
1470 1488 1641 1523 intelligens.
1663 1488 1746 1516 discis-

957 1537 1026 1571 pulis
1047 1536 1166 1564 inhibuit
1182 1543 1359 1571 congressum
1378 1540 1406 1563 et
1420 1535 1655 1563 conversationem
1684 1542 1748 1571 cum

958 1582 1090 1617 improbis
1107 1603 1114 1615 ,
1141 1582 1293 1617 praecidens
1320 1589 1419 1616 nempe
1443 1582 1541 1609 damna
1566 1585 1594 1608 et
1616 1581 1748 1608 amoliens

958 1628 1057 1655 exinde
1087 1626 1177 1655 futura
1194 1636 1200 1654 :
1214 1627 1333 1662 seipsum
1349 1627 1455 1654 medius
1467 1627 1568 1658 intulit,
1585 1626 1636 1654 sub
1654 1626 1749 1653 eodeni

959 1682 1030 1709 saepe
1058 1678 1130 1701 tecto
1145 1681 1209 1703 cum
1233 1673 1277 1705 iis,
1305 1677 1333 1700 et
1348 1672 1443 1700 eadem
1469 1680 1564 1700 mensa
1589 1672 1749 1699 familiarius

958 1724 1104 1747 versatus:
1127 1726 1216 1753 neque
1240 1719 1314 1746 enim
1335 1718 1468 1745 maculam
1488 1719 1523 1745 ab
1542 1718 1575 1745 iis
1594 1718 1748 1745 metuebat:

960 1765 1015 1792 imo
1031 1765 1295 1792 communicaturum
1313 1771 1342 1791 se
1353 1764 1493 1790 conﬁdens
1502 1764 1536 1790 de
1551 1764 1669 1798 puritate
1683 1771 1748 1791 sua:

961 1815 1041 1845 atque
1066 1811 1103 1837 ita
1121 1810 1267 1838 contrariis
1280 1810 1331 1836 viis
1343 1810 1375 1836 ad
1393 1809 1517 1835 eumdem
1537 1808 1617 1835 ﬁnem
1636 1814 1750 1836 conten-

960 1857 1042 1884 debat
1065 1855 1175 1888 Paulus,
1196 1863 1248 1883 nec
1271 1855 1419 1882 declinavit
1444 1855 1599 1882 convictum
1626 1855 1750 1889 improbe

960 1901 1120 1934 viventium,
1134 1901 1170 1928 ob
1184 1901 1382 1928 correctionem
1401 1907 1494 1927 secum
1512 1900 1688 1932 versantinm,
1707 1908 1751 1935 pa-

960 1948 1000 1975 ria
1012 1947 1155 1974 admittere
1170 1954 1223 1973 non
1238 1946 1331 1974 sineus
1349 1946 1506 1980 discipulos,
1524 1953 1560 1973 ne
1574 1945 1638 1973 boni
1660 1953 1752 1973 mores

960 1995 1040 2021 malis
1054 1992 1305 2021 convcrsationibus
1320 1997 1573 2027 corrumperentur.
1597 1992 1657 2024 Quo
1687 1999 1750 2026 spe-

961 2046 1027 2073 ctat,
1041 2040 1106 2075 quid
1116 2040 1174 2068 vult
1188 2039 1238 2068 sibi
1258 2040 1317 2066 haec
1332 2039 1420 2066 oratio
1433 2039 1444 2065 ?
1459 2043 1533 2066 certe
1544 2038 1648 2065 solvita
1662 2043 1751 2065 vestra

962 2087 1128 2123 perfectione
1153 2085 1330 2121 qumstionem
1357 2084 1523 2120 propositam
1539 2105 1545 2112 .
1562 2083 1628 2110 Nam
1644 2088 1674 2111 ut
1700 2083 1752 2110 iut—

962 2133 1075 2169 perfecti
1089 2132 1245 2160 facultatem
1257 2139 1311 2158 non
1324 2131 1461 2158 habebant
1474 2130 1559 2157 libere
1571 2137 1633 2156 cum
1649 2130 1750 2163 impro-

923 2192 950 2222 Β
963 2179 1004 2207 bis
1019 2178 1151 2206 miscendi
1166 2185 1195 2205 se
1209 2185 1217 2204 :
1232 2182 1261 2204 at
1284 2176 1384 2204 Paulus
1415 2176 1517 2203 faciens
1536 2175 1608 2222 quod
1622 2175 1750 2210 prohibe—

963 2225 1019 2256 bat,
1035 2225 1147 2258 etquod
1168 2223 1258 2250 facere
1270 2221 1443 2252 cernebatur,
1469 2225 1499 2247 ut
1521 2219 1691 2247 lucrifaceret
1706 2226 1749 2252 eo,

963 2271 1035 2306 quod
1048 2270 1108 2296 aliis
1132 2269 1261 2296 damnum
1283 2272 1409 2295 crearet:
1427 2267 1463 2294 ita
1480 2271 1586 2301 oportet
1599 2270 1626 2293 et
1646 2266 1680 2293 de
1703 2266 1753 2293 tri-

964 2317 1029 2344 enni
1051 2315 1240 2350 exploratione
1261 2318 1381 2341 statuere
1401 2334 1409 2346 ,
1433 2320 1515 2347 quam
1543 2312 1639 2339 statuit
1658 2316 1751 2339 exacta

963 2362 1106 2397 disciplina
1126 2369 1189 2396 erga
1204 2359 1383 2387 monasticam
1400 2358 1597 2394 professionem
1614 2357 1750 2385 facturos:

964 2408 1074 2440 multos,
1104 2412 1197 2442 utpote
1210 2405 1400 2440 puriﬁcatione
1415 2404 1576 2440 indigentes,
1591 2404 1687 2431 melius
1711 2408 1753 2431 est

964 2453 1057 2481 subire
1084 2453 1157 2479 illam
1178 2451 1391 2487 explorationem
1407 2458 1414 2483 ;
1431 2454 1458 2477 at
1482 2449 1527 2484 qui
1543 2457 1573 2477 se
1587 2450 1663 2484 prius
1686 2458 1753 2484 pur—

964 2505 1058 2536 gantes
1084 2499 1166 2526 vitam
1194 2499 1289 2525 ineunt
1314 2497 1538 2532 philosophicam,
1562 2504 1617 2523 non
1640 2504 1754 2524 necesse

109 2543 202 2574 ετίας
224 2541 389 2575 λογίζεσθαι,
406 2543 440 2577 ἦν
458 2543 505 2569 ἐπὶ
517 2542 570 2569 τῶν
579 2544 746 2578 προσιόντων
767 2544 806 2579 τῷ
824 2546 904 2580 μονάδ

966 2547 1067 2574 habent
1092 2545 1204 2581 praecise
1222 2545 1287 2572 illud
1306 2550 1414 2580 tempus
1429 2544 1595 2572 observare:
1622 2545 1752 2579 quemad-

109 2587 176 2624 βίῳ
191 2588 207 2614 ὁ
226 2586 344 2622 ἀκριϐὴς
358 2588 435 2621 λόγος
451 2587 605 2622 διωρίσατο.
624 2587 693 2620 Τοὺς
716 2588 766 2623 μὲν
784 2589 838 2624 γὰρ
853 2590 904 2616 πολ

957 2588 1077 2619 ἠιοόυιῐι
1104 2591 1131 2617 in
1145 2591 1180 2618 iis
1195 2591 1241 2625 qui
1255 2590 1325 2618 hanc
1341 2590 1426 2619 vitam
1451 2590 1606 2624 instituunt,
1619 2590 1702 2616 multa
1727 2593 1754 2616 et

108 2633 186 2666 λοὶθς
207 2635 255 2660 καὶ
274 2633 418 2668 δεομένους
433 2634 664 2670 προκαθέφσεως,
683 2634 794 2669 ἄμεινον
813 2635 902 2663 ὲκεῖθε

968 2644 1065 2673 magna
1084 2636 1238 2665 differentia
1258 2636 1406 2670 invenitur,
1433 2640 1460 2664 et
1479 2636 1585 2664 diversa
1609 2639 1754 2670 eapropter

157 2711 170 2728 ³
184 2711 258 2739 Psal.
272 2719 365 2744 xxxvt,
386 2711 432 2739 55.
469 2711 502 2739 ’1
521 2713 584 2741 Cor.
602 2722 639 2747 ix,
660 2714 706 2742 21.

803 2779 920 2809 VARUS
934 2777 1136 2807 LECTIONES.

229 2857 272 2884 ίσ.
293 2858 444 2894 παρῆλθον.

254 2905 387 2937 Parnm.
408 2905 466 2936 Gn.
481 2902 544 2936 Cll.
1596 2896 1637 2929 27
