1928 3097
181 125 236 156 843

751 126 881 158 PIIOTII
902 127 962 156 PA']

1019 126 1152 156 ARCIL'E
1172 127 1226 157 (ΞΡ.
1750 127 1794 160 8M

180 181 331 214 exploratio
358 182 534 209 conceditur:
561 182 596 209 ita
612 182 720 216 etquod
738 190 785 209 eos
796 182 890 217 tangit,
916 182 960 215 qui

1015 181 1063 216 τὴν
1079 181 1241 216 δοκιμασίαν
1255 182 1445 217 ἐπιδέχεσθαι·
1461 182 1519 209 ὅσοι
1535 182 1564 209 δὲ
1584 183 1683 214 αὐτοὺς
1694 191 1792 217 προκα-

180 231 376 260 ιιιςιιιιοιιιιιιιιιι·
399 231 426 253 et
436 227 623 254 informationi
638 227 751 254 aliorum
766 227 962 262 prmficiuntnr,

183 278 236 298 non
252 272 345 299 cadenti
361 273 504 307 prudentia
519 278 564 300 aut
590 273 703 300 facultas
717 273 857 300 erudiendi
873 277 964 299 osten-

181 317 260 344 datur
285 327 291 344 :
307 318 433 352 quocirca
446 324 586 354 praestaret
603 324 633 347 ut
655 319 843 354 simpliciores,
863 319 929 346 nihil
949 327 964 345 a

181 371 230 390 suo
244 364 352 399 ingenio
369 364 478 399 faciant,
491 366 539 394 sed
553 367 642 394 omnia
661 370 752 402 agant,
767 365 879 393 canonis
891 365 964 400 judi-

180 409 252 436 cium
275 410 413 438 intuentes
427 417 455 439 ct
474 420 508 439 eo
528 413 714 440 collimantes:
729 412 866 447 praepositi
889 419 963 443 vero,

179 454 235 488 qui,
260 455 304 482 vel
333 463 382 490 per
404 464 497 485 rerum
517 457 696 484 humanarum
722 457 917 492 experientiam
939 461 965 483 et

179 500 348 533 exercitium,
367 502 408 529 vel
422 510 472 537 per
491 504 602 538 gratiam
625 508 652 530 ct
666 503 829 538 adjutorium
846 503 963 536 caeleste,

180 545 246 571 satis
268 545 393 573 instructi
421 553 487 574 sunt
515 548 549 575 ad
573 548 783 576 discernendum
806 548 920 576 aﬂ'ectus
938 553 966 575 et

180 590 373 624 dispositioncs
389 593 630 625 admittendorum,
654 594 699 626 iis,
715 598 744 621 ut
755 601 815 621 mea
832 594 885 621 fert
902 602 965 622 sen-

183 636 278 668 tentia,
295 644 350 664 non
365 643 406 666 est
422 646 491 674 opus
515 645 546 667 ut
567 641 676 668 triennii
701 641 834 668 terminus
853 642 965 677 praecise

180 681 317 716 expleatur
330 683 478 716 injunetus,
502 693 553 712 nec
564 693 580 712 a
597 686 688 721 regula
704 686 812 714 deﬁciet
838 689 964 721 multum,

179 727 276 760 quisic
301 728 475 763 iudicaverit,
486 731 582 765 judicii
595 737 623 758 et
635 733 808 760 conscientia:
833 735 965 769 cujusque

179 771 298 799 ealculus
326 778 354 800 et
380 775 519 808 discretio,
540 777 567 803 in
580 778 614 805 iis
628 779 673 813 qui
688 779 779 806 omnia
792 779 827 806 ad
850 780 964 807 salutem

178 818 367 847 administrare
379 815 483 849 'volunt
496 827 523 849 et
544 824 655 859 gratiam
672 825 705 852 de
717 826 786 853 coelo
801 825 913 861 insuper
934 834 965 854 ac

1015 228 1163 262 Οάραντες,
1186 227 1272 259 οὕτως
1300 229 1367 263 πρὸς
1391 228 1437 255 τὸν
1457 228 1603 263 φιλόσοφον
1624 228 1681 263 βίον
1702 229 1795 256 διαϐαιο

1015 274 1115 305 νοῦσιν,
1122 275 1171 300 οὐκ
1179 274 1330 308 ἀναγκαίαν
1338 274 1428 310 ἔχουσι
1436 274 1485 309 τὴν
1496 275 1592 310 ὁμοίαν
1602 275 1794 311 παρατήρησιν.

1016 320 1120 355 Ὥσπερ
1142 320 1171 346 δὲ
1196 320 1310 346 ἐπὶτῶν
1331 319 1497 355 προσιόντων
1517 321 1551 355 τῇ
1570 319 1709 355 φιλοσόφῳ
1731 321 1796 347 πολι-

1014 365 1075 401 τείᾳ
1085 365 1181 401 ταύτῃ,
1197 365 1281 399 πολλὴ
1296 364 1343 391 καὶ
1356 364 1462 400 μεγάλη
1473 364 1622 400 καθορᾶται
1633 365 1650 400 ή
1666 365 1777 401 διαφορὰ
1787 386 1794 398 ,

1015 410 1062 436 καὶ
1084 411 1127 437 διὰ
1151 409 1230 436 τοῦτο
1257 409 1385 445 διάφορος
1407 410 1588 445 συγχωρεῖται
1608 410 1625 444 ἡ
1648 409 1795 446 δοκιμασία,

1015 456 1085 481 οὓτω
1099 455 1145 481 καὶ
1161 455 1208 481 ἐπ’
1219 454 1309 481 αὐτῶν
1318 454 1372 481 τῶν
1387 455 1627 490 προτεταγμένων,
1639 456 1686 482 καὶ
1701 458 1797 492 zump-

1016 501 1157 537 ῥυθμίζειν
1177 502 1239 532 τοὺς
1261 500 1359 532 ἄλλους
1371 500 1540 536 ἀξιωμὲνων,
1554 502 1603 536 οὐχ
1613 503 1630 537 ἡ
1641 502 1709 538 αὐτὴ
1724 503 1797 530 δύνα-

1018 555 1063 581 μις
1085 547 1132 573 καὶ
1153 547 1234 581 σοφία
1258 547 1305 573 τοῦ
1329 547 1517 581 παιδαγωγεῖν
1543 548 1735 575 ἐπιδείκνυται.
1756 550 1795 576 Διὸ

1015 592 1078 623 τοὺς
1101 592 1284 627 ἁπλούστερον
1309 601 1367 623 πως
1390 592 1579 627 διακειμένους
1596 593 1698 628 βέλτιον
1714 594 1744 620 ἂν
1758 594 1795 629 εἴη

1018 638 1100 673 μηδὲν
1122 639 1186 674 παρ’
1205 639 1308 664 ἑαυτῶν
1332 639 1531 673 προσεπινοείν,
1558 639 1647 666 πάντα
1666 639 1694 666 δὲ
1718 642 1795 676 πράτ-

1016 692 1072 710 τειν
1096 684 1164 718 πρὸς
1185 684 1233 719 τὴν
1258 684 1304 710 τοῦ
1329 684 1440 716 κανόνος
1459 684 1550 720 κρίσιν
1571 685 1732 720 ἀφορῶντας
1754 686 1796 712 καὶ

1016 729 1226 761 ἀπευθύνοντας.
1237 730 1314 757 Ὀσοι
1323 729 1352 757 δὲ
1366 730 1420 756 τῶν
1431 731 1649 765 προεστηκότων,
1661 732 1737 759 τοῦτο
1751 733 1796 767 μὲν

1016 774 1070 800 τῶν
1091 775 1269 810 ἀνθρωπίνων
1297 775 1380 810 πείρᾳ
1404 775 1487 810 πολλῇ
1515 777 1561 802 καὶ
1593 779 1797 814 συγγυμνασίᾳ·

1015 819 1093 846 τοῦτο
1106 820 1134 846 δὲ
1149 821 1181 855 τῇ
1199 820 1301 847 ἀνωθεν
1330 823 1421 856 χάριτι
1448 823 1495 849 καὶ
1517 823 1681 858 ἐπικουρίᾳ,
1705 824 1798 854 ἱκανῶς

177 864 337 898 sapientiam
357 874 520 903 acceperunt
532 870 566 898 ab
578 871 747 906 experientia
763 882 769 899 :
783 878 811 900 et
824 859 888 907 quid
915 873 962 900 im-

1016 864 1112 899 ἔλαχον
1127 865 1228 900 κρίνειν
1251 874 1280 892 τε
1299 867 1347 893 καὶ
1368 866 1516 901 διακρίνειν
1530 868 1579 899 τὰς
1595 869 1683 903 ὁρμάς
1699 878 1740 902 τε,
1755 869 1799 896 καὶ

179 910 271 943 primis
284 919 373 939 causa:
397 914 542 942 mutationi
562 915 642 949 favet,
663 922 691 945 et
705 917 811 945 veniam
834 925 962 951 meretur,

177 954 258 989 hujus
275 957 405 990 temporis
431 960 594 987 necessitate
614 962 845 998 constringantur,
861 963 888 989 in
910 971 964 998 quo

176 1000 292 1027 volucrrs
317 1007 340 1029 et
363 1004 461 1038 vulpes,
478 1005 499 1032 si
517 1006 558 1033 vis
571 1006 637 1041 lupi,
662 1007 805 1041 dracones,
827 1009 962 1043 pardales,

177 1051 217 1080 et,
234 1052 263 1073 ut
275 1048 357 1076 verbo
374 1049 608 1083 dicant,belluinis
624 1054 744 1081 moribus
757 1055 881 1082 homines
894 1064 963 1090 prae-

176 1092 237 1125 diti,
249 1093 367 1122 illustres
383 1100 410 1122 et
424 1097 528 1131 amplas
542 1098 637 1126 domos
648 1099 776 1132 incolunt,
792 1105 819 1127 et
827 1101 962 1129 licentiam

174 1140 225 1166 sibi
239 1146 391 1173 assumunt,
407 1142 538 1177 quidquid
550 1144 683 1179 placuerit
697 1147 791 1180 agendi
808 1154 814 1171 :
834 1147 961 1182 discipuli

176 1192 240 1212 vero
255 1191 282 1213 et
311 1187 462 1216 imitatores
478 1188 538 1216 Filii
560 1190 680 1218 hominis
717 1201 768 1219 non
783 1194 895 1220 habeant
920 1194 962 1221 ubi

175 1232 300 1260 reclinant
315 1235 403 1269 capita
418 1235 439 1268 ³,
451 1243 502 1262 nec
516 1236 598 1264 ullius
611 1237 649 1264 rei
666 1246 745 1265 usum
756 1239 886 1274 liberum,
902 1240 962 1268 sine

173 1284 228 1310 quo
250 1276 304 1304 vita
332 1286 386 1305 non
403 1285 450 1310 est
468 1280 569 1308 vitalis.
594 1281 618 1309 ls
634 1282 680 1317 qui
696 1283 777 1310 rebus
803 1285 963 1312 necessariis

174 1323 308 1357 privatur,
323 1325 367 1358 qui
384 1333 435 1352 nec
457 1326 541 1353 libere
557 1334 648 1355 aerem
666 1328 770 1363 spirare
785 1330 960 1364 permittitur,

173 1369 311 1404 quomodo
338 1371 373 1397 ad
395 1371 531 1407 integrum
555 1374 712 1407 triennium,
728 1376 854 1403 virtutem
871 1376 962 1404 addis—

172 1423 236 1443 cere
249 1417 372 1444 volentes
385 1423 539 1453 praestruet,
549 1414 580 1448 et.
591 1421 748 1448 exercitium
761 1422 814 1449 illis
828 1422 963 1450 describat

173 1462 298 1488 asceticze
326 1462 446 1490 futurae?
461 1464 559 1493 suflicit
583 1466 625 1493 vel
653 1474 814 1502 quocunque
827 1468 908 1495 modo
929 1468 962 1495 de

173 1508 294 1543 nequitia
309 1509 451 1544 multiplici
462 1516 615 1540 extractum
627 1513 689 1540 vita:
703 1513 898 1549 philosophicas
917 1522 962 1541 co-

174 1554 276 1587 pulare.
304 1554 353 1582 Ubi
368 1556 419 1582 erit
432 1556 497 1584 illud
523 1558 761 1592 phrontisterium,
787 1559 814 1586 in
829 1568 883 1594 quo
915 1568 962 1595 per

174 1599 321 1627 triennium
343 1601 404 1635 quis
420 1603 522 1629 versari
548 1603 642 1638 possit,
661 1611 723 1631 cum
743 1604 843 1639 passim
867 1604 962 1632 diffusa

174 1646 209 1672 sit
235 1648 413 1681 persecutio:
441 1656 502 1676 cum
518 1657 570 1678 nec
592 1650 620 1677 in
641 1651 791 1683 montibus,
815 1652 961 1687 speluncis,

174 1697 252 1719 terrae
279 1692 459 1721 foraminibus
476 1695 534 1722 sine
550 1696 692 1724 vexatione
717 1697 808 1724 vivere
823 1698 875 1732 piis
899 1706 962 1733 per-

173 1738 316 1765 mittatur?
331 1739 381 1767 Ubi
397 1741 463 1767 ordo
484 1746 512 1768 et
527 1742 699 1777 obsequium,
721 1743 819 1778 quibus
836 1744 961 1771 monachi

173 1783 278 1810 labores
301 1785 434 1812 asceticos
455 1786 584 1820 subeunt,
599 1794 661 1815 cum
682 1792 804 1816 torrente
829 1789 962 1816 malorum

173 1833 227 1855 tam
254 1829 357 1864 ingenti
384 1831 476 1858 omnia
500 1832 823 1867 corripiantur?Rebus'
839 1842 905 1862 sane
929 1835 961 1862 ad

171 1874 339 1902 voluntatem
356 1875 514 1910 ﬂuentibus,
530 1885 582 1905 nec
604 1878 692 1914 aliqua
710 1885 822 1914 urgente
839 1881 961 1908 necessi-

171 1923 242 1951 tate,
267 1926 389 1948 exactam
411 1922 584 1958 disciplinam
606 1924 785 1959 impediente,
808 1931 958 1960 praestaret,

170 1965 278 1999 opinor,
294 1966 408 1994 formam
423 1968 610 2004 praescriptam
625 1970 777 2005 cuicunque
792 1971 936 1998 observare
953 1979 959 1997 :

172 2011 220 2038 sed
234 2019 295 2038 eum
309 2011 336 2038 in
351 2013 494 2046 proverbio
504 2019 545 2041 est
560 2023 566 2040 :
578 2014 657 2042 Retro
669 2016 792 2050 ﬂumina,
802 2017 889 2043 omnia
902 2018 962 2043 sub-

171 2065 245 2084 versa
255 2057 317 2090 sint,
335 2059 432 2086 melius
454 2059 545 2093 fuerit,
562 2060 589 2087 in
604 2067 735 2096 quantum
756 2067 797 2089 est
822 2063 960 2097 possibile,

170 2108 198 2128 cl.
222 2102 249 2128 in
276 2108 407 2137 quantum
422 2113 467 2132 res
486 2106 598 2140 patitur,
617 2107 732 2135 salutem
760 2109 856 2143 quovis
881 2109 961 2136 modo

170 2155 327 2182 procurare,
355 2158 435 2185 quatit
463 2151 534 2178 nudo
556 2150 660 2180 nomini
684 2158 786 2181 exactae
812 2154 961 2189 disciplima

1017 911 1065 942 τὰς
1088 911 1222 943 διαθέσεις
1247 912 1301 938 τῶν
1321 913 1541 948 εἰσαγουμένων·
1574 915 1677 947 τούτοις
1698 915 1747 942 οὐκ
1767 916 1798 943 ἂν

1017 958 1058 992 εῑη
1077 956 1144 983 πολὺ
1164 957 1213 992 τῆς
1235 957 1382 992 εὐθύτητος
1413 958 1628 994 ἀπολειπόμενον
1652 962 1799 996 κριτήριον,

1017 1000 1104 1038 οἶμαι,
1111 1003 1164 1030 κᾶν
1173 1004 1187 1029 ὁ
1197 1003 1246 1038 τῆς
1253 1004 1372 1039 τριετίας
1380 1004 1410 1030 οὺ
1425 1006 1686 1040 συμπαρεκτείνοιτο
1695 1007 1798 1041 χρόνος,

1016 1049 1033 1082 ἡ
1050 1049 1100 1083 τῆς
1113 1049 1214 1080 οἰκείας
1227 1049 1340 1084 γνώμης
1352 1050 1398 1075 καὶ
1411 1049 1590 1085 συνειδήσεως
1602 1050 1691 1086 ψῆφος
1702 1052 1747 1078 καὶ
1756 1052 1801 1078 ἐπὶ

1016 1095 1049 1130 τῇ
1072 1094 1125 1121 τῶν
1149 1094 1300 1130 ἀνθρώπων
1327 1095 1448 1130 σωτηρίᾳ
1464 1096 1494 1121 οὑ
1511 1096 1590 1130 μόνον
1610 1097 1710 1123 σκοπὸν
1732 1098 1801 1124 τιθε-

1018 1141 1119 1174 μένοις,
1133 1140 1201 1167 ἀλλὰ
1214 1140 1261 1167 καὶ
1275 1141 1354 1176 χάριν
1369 1141 1482 1174 ἀνωθεν,
1499 1142 1546 1168 καὶ
1558 1143 1653 1176 σοφίαν
1668 1142 1698 1175 ἐξ
1706 1146 1802 1178 ἐμπει-

1018 1187 1078 1222 ρίας
1089 1187 1291 1223 προσειληφόσι.
1302 1188 1357 1214 Καὶ
1367 1187 1397 1214 τὸ
1409 1187 1441 1223 δὴ
1454 1188 1582 1223 μέγιστον
1595 1190 1642 1216 καὶ
1656 1191 1802 1224 ἀναγκαιό-

1016 1241 1094 1260 τατον
1109 1234 1149 1264 εἰς
1167 1233 1313 1268 μεθὰθεσιν
1326 1233 1424 1266 αῖτίας,
1445 1234 1492 1260 καὶ
1503 1236 1670 1270 παραίτησιν
1683 1235 1804 1270 συγγνώ-

1018 1288 1081 1315 μης,
1097 1281 1111 1306 ὁ
1131 1281 1225 1316 παρὼν
1240 1280 1334 1315 καιρὸς
1344 1301 1351 1312 ,
1365 1280 1403 1312 ὡς
1426 1281 1459 1308 τὰ
1476 1281 1525 1315 μὲν
1549 1281 1671 1308 πετεινὰ
1685 1283 1734 1309 καὶ
1750 1282 1804 1315 τὰς

1015 1327 1188 1361 ἀλώπηκας,
1203 1328 1227 1353 εί
1243 1326 1332 1361 βούλει
1347 1327 1375 1353 δὲ
1389 1326 1436 1353 καὶ
1461 1327 1525 1358 τοὺς
1547 1327 1657 1362 λύκους,
1673 1329 1720 1355 καὶ
1741 1329 1805 1360 τοὺς

1015 1372 1176 1407 δράκοντας,
1196 1373 1242 1400 καὶ
1262 1373 1312 1405 τὰς
1331 1372 1489 1408 παρδάλεις,
1506 1373 1554 1400 καὶ
1569 1373 1663 1405 ἁπλῶς
1676 1375 1740 1405 τοὺς
1756 1375 1805 1408 θη-

1017 1418 1176 1454 ριοτρόπους
1187 1418 1242 1445 τῶν
1252 1418 1404 1453 ἀνθρώπων
1412 1419 1552 1454 λαμπραῖς
1565 1419 1614 1445 καὶ
1627 1419 1805 1454 περιφανέσιν

1016 1463 1115 1494 οίκίαις
1137 1463 1331 1497 ὲγκατοικίζει,
1356 1464 1403 1491 καὶ
1423 1464 1513 1490 πᾶσαν
1536 1465 1629 1496 αὐτοῖς
1650 1465 1808 1501 ἐλευθερίαν

1016 1509 1145 1543 πράττειν
1161 1509 1180 1535 ἃ
1199 1509 1233 1535 ἂν
1251 1509 1362 1540 ἕλοιντο,
1383 1510 1516 1545 παρέχει·
1538 1511 1595 1541 τοῖς
1618 1510 1647 1536 δὲ
1671 1511 1808 1546 μαθηταῖς

1013 1555 1060 1580 καὶ
1070 1554 1201 1589 μιμηταῖς
1209 1553 1255 1580 τοῦ
1268 1553 1331 1580 Υίοῦ
1341 1553 1388 1580 τοῦ
1401 1554 1558 1588 ἀνθρώπου,
1567 1555 1630 1582 οὐδ’
1637 1555 1721 1589 ἔχειν
1729 1555 1808 1583 ὅπου

1014 1599 1115 1626 κλῖναι
1129 1599 1186 1633 τὴν·
1196 1599 1346 1634 κεφαλὴν,
1355 1600 1409 1626 οὐδ’
1418 1597 1455 1627 ὧν
1465 1600 1529 1627 ἄνευ
1541 1601 1601 1628 οὐδὲ
1609 1601 1658 1636 ζῇν
1675 1600 1747 1628 ἔστιν
1762 1603 1808 1627 οὐ-

1013 1645 1227 1680 δενὺς,οὑδεμίαν
1235 1646 1325 1672 ἄδειαν
1333 1646 1486 1681 ἐπιτρέπει.
1493 1646 1556 1678 Πῶς
1567 1645 1625 1680 οὖν,
1634 1648 1649 1673 ὁ
1656 1648 1703 1674 καὶ
1715 1647 1809 1675 αὐτῶν

1014 1691 1070 1717 τῶν
1086 1691 1244 1725 ἀναγκαίων
1258 1691 1489 1726 ἀπεστερημένος,
1499 1692 1546 1718 καὶ
1553 1692 1621 1727 μηδὲ
1637 1693 1710 1728 σπᾷν
1720 1693 1809 1724 ἀδεῶς

1013 1737 1058 1763 τὸν
1066 1737 1135 1772 ἀέρα
1145 1736 1398 1772 συγκεχωρημένος,
1406 1737 1449 1771 ἐφ’
1458 1737 1506 1764 ὅλα
1512 1737 1576 1773 τρία
1589 1738 1636 1773 ἔτη
1650 1738 1696 1765 τὺν
1708 1739 1809 1773 μαθεῖν

1014 1782 1140 1810 ἐθέλοντα
1164 1782 1213 1818 τὴν
1233 1783 1333 1818 ἀρετὴν
1350 1783 1575 1818 προκαταρτίσει,
1588 1783 1636 1810 καὶ
1654 1784 1809 1818 γυμνάσιον

1014 1828 1087 1864 αὐτῷ
1102 1829 1151 1864 τῆς
1169 1828 1318 1864 μελλούσης
1339 1829 1483 1864 ἀσκήσεως
1502 1828 1700 1864 προδιαχήσεις
1723 1830 1808 1864 ’Δγα-

1014 1875 1099 1909 πητὺν
1114 1874 1168 1909 γὰρ
1181 1875 1226 1900 καὶ
1240 1875 1391 1909 ὁτῳδήποτε
1410 1875 1503 1909 τρόπῳ
1525 1874 1575 1909 τῆς
1598 1874 1700 1908 πολλῆς
1730 1875 1810 1907 ἐξελ-

1013 1921 1099 1952 κύσας
1112 1929 1144 1954 γε
1158 1920 1269 1952 κακίας,
1283 1921 1318 1955 τῇ
1339 1920 1477 1954 φιλοσόφῳ
1497 1919 1624 1955 δυνηθείη
1645 1918 1702 1955 ζωῆ
1728 1920 1808 1946 ἐνδε-

1016 1966 1131 2002 άμῆσαι.
1148 1967 1203 1993 Ποῦ
1214 1967 1268 2002 γὰρ
1283 1966 1313 1992 τὸ
1346 1966 1563 2001 φροντιστήριον,
1578 1966 1607 1992 ὲν
1621 1962 1643 1999 ᾧ
1656 1967 1672 2000 ἡ
1685 1966 1733 1992 τοῦ
1745 1974 1810 2001 τρι-

1013 2013 1090 2045 ετοῦς
1110 2014 1206 2048 χρόνου
1220 2012 1355 2048 διατριὸὴ,
1365 2012 1472 2039 ἅπαντα
1489 2012 1535 2038 τοῦ
1551 2011 1671 2046 διωγμοῦ
1683 2012 1811 2039 καταλα-

994 2048 1115 2090 Ἕόντος,
1128 2058 1176 2085 καὶ
1197 2058 1256 2084 οὐδὲ
1275 2059 1331 2089 τοῖς
1359 2057 1464 2092 δρεσιν,
1491 2056 1508 2091 ἦ
1533 2057 1591 2088 τοῖς
1619 2056 1775 2091 σπηλαίοις,
1792 2058 1810 2092 ἦ

1012 2104 1072 2134 ταῖς
1099 2103 1179 2133 ὀπαῖς
1202 2102 1253 2137 τῆς
1274 2102 1326 2137 γῆς
1350 2101 1564 2137 ἀνεπηρεάστως
1586 2102 1730 2136 παροικεῖν
1740 2102 1811 2133 τοὺς

1013 2148 1135 2180 εὐσεϐεῖς
1158 2147 1377 2182 συγχωροῦντος;
1394 2146 1445 2173 ποῦ
1470 2145 1499 2172 δὲ
1521 2147 1537 2180 ἡ
1557 2145 1625 2181 ἀλλη
1648 2146 1725 2178 τάξις
1755 2147 1810 2173 καὶ

170 2195 344 2230 adhaerendo,
370 2198 525 2233 proditores
539 2200 691 2227 animarum
716 2201 905 2234 humanarum,
933 2207 961 2229 et

1015 2193 1169 2225 ἀκολουθία,
1184 2193 1244 2220 καθ’
1265 2193 1298 2228 ἥν
1315 2193 1345 2219 τὸ
1361 2192 1504 2227 μοναδικδν
1519 2191 1582 2223 τοὺς
1596 2193 1645 2226 τῆς
1657 2191 1809 2227 ἀσκήσεως

169 2242 255 2269 malos
284 2243 485 2278 dispensatores
500 2245 608 2279 prodire
637 2255 643 2272 :
668 2247 796 2280 quocirca
825 2246 960 2281 archiepi-

171 2287 290 2321 scopalis
305 2292 395 2315 vestra
409 2289 541 2324 perfectio
556 2297 617 2317 cum
631 2290 745 2317 sulliciat
757 2291 878 2325 judicare
901 2297 962 2325 quae

168 2334 344 2367 conveniunt,
362 2339 389 2361 et
409 2330 583 2370 tempestates
605 2336 671 2364 istas
692 2336 849 2364 consideret
871 2336 962 2363 omnia

171 2383 266 2414 contra
278 2379 481 2407 accurationem
493 2385 695 2414 promoventes,
710 2380 822 2407 omnino
835 2380 870 2407 ad
887 2385 962 2407 tuum

171 2423 302 2459 judicium
327 2432 383 2451 rem
411 2425 542 2461 integram
559 2426 732 2453 deferendam
749 2425 847 2459 sentio,
870 2430 900 2452 ut
929 2433 960 2453 ea

170 2467 255 2496 facias
265 2473 426 2503 potestatem
440 2478 488 2498 san
494 2470 647 2504 etiﬁcando,
663 2479 723 2506 qua:
734 2470 899 2498 conscientia
912 2470 959 2497 tibi

174 2521 253 2548 pura,
265 2518 311 2541 aut
324 2515 414 2549 potius
427 2516 545 2551 Spiritus
571 2517 655 2551 gratia
681 2524 729 2551 per
757 2516 957 2543 immaculatatn

167 2559 362 2586 conscientiam
379 2566 488 2595 operata
506 2562 680 2597 suggesserit.

1010 2239 1140 2265 ὑπεδύετο
1152 2238 1251 2270 πόνους
1259 2259 1267 2271 ,
1292 2238 1420 2265 ἁπάντων
1430 2237 1469 2272 τῷ
1483 2236 1606 2272 τοσούτῳ
1618 2237 1736 2271 ῥεύματι
1747 2237 1811 2263 τῶν

1010 2283 1103 2310 κακῶν
1132 2283 1366 2317 συγκεχυμένων;
1392 2282 1452 2308 Τῶν
1482 2281 1532 2316 μὲν
1555 2282 1610 2317 γὰρ
1631 2282 1811 2316 πραγμάτων

1011 2330 1082 2357 κατά
1101 2329 1164 2366 ῥοῦν
1194 2330 1367 2365 φερομένων,
1388 2330 1432 2355 καὶ
1451 2329 1588 2365 μηδεμιᾶς
1611 2329 1811 2364 περιστάσεως

1010 2377 1060 2412 τὴν
1080 2376 1222 2412 ἀκρίϐειαν
1240 2374 1488 2411 παραποδιςούσης,
1504 2375 1616 2410 ἄμεινον
1626 2373 1703 2410 οἶμαι
1719 2375 1812 2404 παντὶ

1013 2423 1077 2454 τοὺς
1094 2422 1222 2454 τεθέντας
1240 2421 1422 2456 φυλάττεσθαι
1445 2421 1547 2452 τύπους
1557 2429 1565 2437 ο
1576 2422 1655 2449 "Ara:
1666 2420 1702 2447 δὲ
1710 2428 1814 2448 ποτα-

1011 2469 1085 2504 μῶν,
1110 2469 1180 2503 ὼςὴ
1204 2467 1348 2502 παροιμία,
1377 2467 1498 2494 πάντων
1521 2466 1811 2502 ἀνατετραμμένων,

1013 2515 1071 2546 πῶς
1088 2514 1137 2540 οὐκ
1163 2514 1273 2549 ἄμεινον
1286 2533 1294 2545 ,
1316 2513 1377 2540 καθ’
1395 2513 1457 2539 ὅσον
1474 2510 1531 2539 οἷόν
1552 2521 1600 2545 τε,
1621 2513 1669 2540 καὶ
1680 2514 1714 2547 ἐφ
1735 2514 1812 2540 ὅσον

1010 2561 1147 2595 ἐγχωρεῖ,
1167 2559 1217 2595 τὴν
1248 2559 1322 2585 τῶν*
1335 2559 1471 2594 σωτηρίαν
1505 2558 1756 2593 διεικονομεῖσθαι,
1791 2560 1812 2595 ἢ

163 2602 235 2636 ψιλῷ
263 2603 301 2638 τῷ
315 2604 364 2638 τῆς
395 2605 537 2639 ἀκριϐείας
567 2605 678 2640 ὀνόματι
701 2605 946 2641 περικαθημένους,
967 2605 1099 2640 προδότας
1113 2603 1206 2638 ψυχῶν
1228 2602 1406 2637 ἀνθρωπίνων
1437 2602 1485 2628 καὶ
1505 2603 1607 2633 κακοὺς
1633 2604 1810 2638 οἰκονόμους

163 2648 388 2684 ἀπελεγχθῆναιλ
407 2650 445 2676 διὸ
460 2651 507 2677 καὶ
521 2651 569 2686 τὴν
593 2651 729 2687 ὑμετέραν
743 2652 938 2687 ἀρχιερατικὴν
957 2651 1125 2684 τελειότητα,
1149 2650 1245 2683 ἱκανήν
1268 2656 1297 2674 τε
1316 2645 1398 2675 οὖσαν
1430 2647 1533 2683 κρίνειν
1563 2648 1597 2674 τὰ
1620 2647 1716 2674 δέοντα
1738 2648 1817 2674 ἐςτι-

199 2729 210 2744 ⁸
231 2728 325 2755 Matth.
344 2736 403 2763 vnt,
421 2729 466 2758 20.

805 2783 922 2813 νΑΙὶΙᾹὲ
945 2783 1147 2813 LECTlONES.

201 2841 222 2874 ’Δ
232 2839 263 2865 to
299 2841 402 2868 ἑαυτῶν
