1928 3097
113 163 169 195 845

691 165 960 195 EPISTOLARUM
979 165 1098 196 LIBER
1116 165 1159 195 ΙΙ.

1681 158 1734 199 846

109 221 250 255 πτάμενος,
285 220 334 247 καὶ
348 220 393 247 τδν
425 221 520 256 καιρὸν
539 221 610 257 ὁρῶν
626 221 755 248 τάναντία
772 222 860 249 πάντα
881 222 931 257 τῆς
950 222 1094 258 ἀκριϐείας
1117 222 1365 257 ἀναφθεγγόμενον,
1385 221 1450 257 ὅλην
1475 220 1523 248 ἐπὶ
1543 221 1584 261 σο).
1603 221 1649 248 τοῦ
1671 223 1734 257 προ-

108 266 232 301 κειμένου
249 265 297 301 τὴν
325 265 414 300 κρίσιν
429 266 575 302 ἀνατίθημι
603 268 694 294 ἐκεῖνα
726 267 856 303 πράττειν
883 268 933 303 τὴν
967 267 1092 299 ἐξουσίαν
1117 268 1238 304 ἀφιερῶν
1265 267 1337 305 ἅπερ
1361 268 1395 295 ἃν
1417 267 1448 294 τὺ
1461 265 1581 302 καθαρὸν
1595 267 1731 303 συνειδὸς,

110 313 208 347 μᾶλλον
230 313 258 340 δὲ
276 314 292 348 ἡ
310 314 357 340 τοῦ
381 315 458 348 ἁγίου
496 315 654 350 Πνεύματος
681 316 760 351 χάρις
784 315 828 342 διὰ
843 315 889 342 τοῦ
909 315 1030 350 καθαροῦ
1065 315 1215 346 συνειδότος
1246 315 1395 351 ὲνεργοῦσα
1410 314 1577 350 ἐπιτρέψειν.

405 372 518 398 ΕΠΙΣΤ.
537 372 601 398 AA'.

214 415 350 450 Θεοδώρῳ
373 418 578 451 μητροπολίτῃ
602 418 786 451 Λαοδικείας.

1220 370 1330 399 EPIST.
1351 371 1448 398 XXXI.

1101 416 1230 444 Theodoro
1243 416 1414 450 metropolitw
1425 417 1587 446 Laodicensi.

721 472 857 497 Montacut.
876 472 928 502 (ep.
941 470 995 501 194,
1013 478 1038 502 p.
1050 471 1118 501 295).

144 522 251 558 Μελέτη
269 522 318 558 μὲν
334 524 425 558 μήτηρ
438 524 588 560 εὐπραξίας
599 532 605 538 ·
619 525 691 560 ὁρμὴ
707 525 729 551 δ’
743 525 892 561 ἀπερίσκε-

109 575 174 598 πτος
197 568 281 601 ἐγγὺς
305 568 454 603 ἁμαρτίας.
476 570 514 595 Οὐ
535 569 589 605 χρὴ
613 569 758 605 τοιγαροῦν
777 570 895 604 ἀφέντας

110 613 139 638 τὺ
161 613 335 648 βουλεύεσθαι
358 615 402 641 ἐπ’
418 615 507 642 ἐκεῖνο
525 616 651 652 δραμεῖν,
665 616 699 643 δι’
714 612 744 642 οὗ
761 616 829 651 μετά
847 615 894 642 τοῦ

111 658 206 693 μηδὲν,
225 655 262 685 ὧν
284 660 470 696 σπουδάζομεν
488 662 580 688 ἀνύειν
604 663 651 689 καὶ
674 662 766 694 ἀνοίας
785 662 895 697 ἔλεγχον

110 704 276 740 ἁλισκόμεθα
292 705 417 738 διδόντες.

402 794 514 822 ΕΠΙΣΤ.
535 796 597 822 ΛΒ¹.

221 841 395 876 Ἀμφιλοχίῳ
419 842 624 876 μητροπολίτῃ
649 842 785 872 Κυζίκου.
795 838 798 841 ’

978 523 1120 551 Meditatio
1140 528 1226 551 mater
1244 527 1287 550 est
1307 523 1475 558 operationis
1497 528 1588 557 rectae,
1612 523 1732 558 impetus

943 569 1107 604 improvisus
1121 576 1183 596 cum
1199 573 1311 604 peccato
1330 569 1426 596 haeret.
1442 568 1577 601 Quocirca
1607 569 1732 603 neglecto

944 615 1061 642 consilio
1087 622 1143 642 non
1165 618 1274 649 oportet
1294 614 1322 641 in
1352 614 1418 642 illud
1444 621 1617 649 procurrere,
1647 614 1732 646 unde,

945 665 1128 696 praeterquam
1154 660 1226 695 quod
1248 660 1317 687 nihil
1339 667 1433 687 eorum
1461 660 1645 695 perﬁciemus,
1672 667 1734 695 quae

948 707 1069 734 studiose
1081 706 1237 742 sategimus,
1256 706 1423 741 insipientiae
1447 707 1556 742 culpam
1582 707 1732 734 incurrisse

946 751 1106 779 videbimur.

1219 796 1330 825 EPIST.
1351 795 1459 824 XXXII.

1097 840 1278 878 Amphilochia
1292 844 1463 878 metropolitaz
1481 844 1578 879 Cyzici.

719 899 852 924 Montacut.
870 899 922 931 (ep.
937 899 992 929 198,
1009 906 1033 931 p.
1051 899 1116 930 295).

148 948 180 975 'H
201 947 292 974 δικαία
304 947 401 980 πειθὼ,
414 948 444 974 οὺ
462 948 512 983 τῆς
533 948 581 975 τοῦ
603 949 727 984 λέγοντός
741 950 799 977 ἐστι
813 950 886 977 δυνά-

979 949 1056 977 Justa
1071 949 1213 985 persuasio
1232 957 1288 977 non
1301 954 1355 977 tam
1376 950 1500 985 procedit
1521 958 1536 977 a
1550 950 1666 979 dicentis
1688 951 1733 978 fa:

108 1003 191 1029 μεως,
212 994 311 1029 μᾶλλον
334 994 350 1029 ἢ
371 994 420 1029 τῆς
434 994 482 1021 τοῦ
502 994 649 1028 ἀκούοντος
663 996 817 1027 διαθέσεως.
842 996 896 1023 Οὐ-

108 1040 175 1067 κοῦν
190 1041 240 1067 οὐκ
260 1040 315 1075 ἐγὼ
328 1041 432 1076 κινήσω
446 1041 551 1074 γέλωτα
568 1041 615 1068 τὸν
629 1041 730 1078 ἀπειθῆ
745 1042 893 1075 νουθετῶν,

106 1086 130 1111 εἰ
150 1085 187 1120 μὴ
200 1085 296 1116 πείσω,
310 1085 369 1112 ἀλλ’
384 1086 398 1112 ὁ
413 1085 545 1118 ἀπειθῶν,
564 1087 621 1113 εἴθε
637 1087 753 1121 γέλωτα,
773 1087 840 1115 ἀλλὰ
857 1088 894 1123 μὴ

107 1132 155 1158 λαὶ
167 1131 216 1166 τὴν
230 1132 348 1167 ἐσχάτην
362 1131 466 1158 ἐκεῖθεν
484 1132 661 1168 προσοφλήσῃ
680 1134 826 1169 τιμωρίαν.

404 1199 514 1228 ΕΠΙΣΤ.
536 1200 597 1227 ΔΡ.

210 1245 290 1278 Γεωρ
295 1245 346 1278 γίῳ
358 1246 561 1280 μητροπολίτῃ
575 1246 781 1280 Νικομηδειίις.

945 996 1056 1028 cultale,
1078 1000 1158 1031 quam
1181 996 1359 1031 dispositione
1387 996 1535 1024 audientis.
1564 995 1632 1023 Nolo
1645 996 1732 1024 risura

944 1049 1055 1069 movere
1079 1042 1225 1070 indocilem
1241 1042 1403 1075 informante,
1430 1043 1453 1069 si
1479 1050 1534 1070 non
1559 1050 1731 1078 persuasero,

944 1087 991 1114 sed
1004 1087 1129 1120 indoclis,
1165 1087 1269 1114 utinam
1293 1087 1378 1115 risum
1395 1088 1583 1115 tantummodo
1598 1088 1731 1122 incurrat,

943 1139 971 1160 ct
979 1141 1033 1160 non
1048 1134 1075 1160 in
1091 1133 1182 1161 futuro
1195 1140 1323 1168 supremo
1339 1133 1472 1168 supplicio
1485 1134 1558 1160 luat!

1220 1201 1330 1229 EPIST.
1351 1200 1470 1228 XXXIII.

1099 1248 1209 1283 Georgio
1226 1247 1398 1282 metropolitaz
1410 1248 1579 1275 Nicomeditr.

720 1301 853 1326 Monlacut.
868 1302 920 1333 (ep.
934 1302 989 1334 199,
1001 1310 1026 1334 p.
1044 1303 1111 1334 295).

139 1351 171 1377 Et
193 1351 271 1387 δῆλόν
286 1353 370 1385 ἐστιν,
396 1353 434 1384 ὡς
447 1354 474 1380 εῐ
492 1361 534 1385 τις
557 1353 689 1385 νουθετεῖ,
706 1353 786 1389 δόξης
805 1354 892 1389 θήραν

105 1398 386 1433 πραγματευόμενος,
416 1398 489 1432 ἄξιός
510 1399 568 1426 ἐστι
595 1399 717 1434 μεγάλης
743 1399 890 1435 μέμψεως⁸

104 1444 180 1470 οὐδὲν
195 1444 288 1471 καινὸν
302 1445 357 1471 οὐδ’
371 1444 532 1472 ἀνέλπιστον
554 1447 580 1472 εί
592 1454 634 1478 τις
649 1446 782 1473 νουθετῶν
801 1446 893 1478 κακῶς

104 1489 200 1516 ἀκούει
223 1490 270 1516 καὶ
286 1490 455 1526 διασύρεται.
473 1492 523 1518 Διά
544 1492 634 1525 τοῦτο,
650 1492 712 1527 μηδ’
731 1492 812 1524 αὐτὸς
829 1492 894 1520 θαυ-

977 1353 1004 1381 Si
1030 1359 1103 1389 patet
1130 1354 1206 1386 illud,
1224 1353 1296 1389 quod
1321 1353 1344 1381 si
1364 1353 1427 1388 quis
1446 1352 1590 1380 consilium
1616 1353 1672 1384 dat.
1696 1357 1729 1381 ut

941 1400 1054 1436 gloriam
1073 1404 1197 1433 venetur,
1221 1399 1435 1435 reprehensione
1450 1399 1592 1426 acerbiore
1608 1399 1728 1434 dignus:

941 1448 989 1475 sed
1004 1447 1076 1482 quod
1089 1447 1150 1481 quis
1160 1455 1209 1482 pro
1223 1447 1339 1475 consilio
1353 1447 1417 1474 dato
1430 1446 1501 1474 male
1514 1447 1616 1478 audiat,
1632 1452 1660 1474 et
1680 1447 1730 1475 de;

942 1493 1056 1526 ridetur,
1072 1501 1124 1521 nec
1135 1500 1247 1525 novum,
1263 1501 1315 1520 nec
1329 1493 1548 1528 inexspectatum
1567 1498 1621 1521 est.
1652 1493 1729 1527 Quo-

106 1534 214 1571 μάσῃς,
242 1537 267 1563 εί
296 1536 449 1572 Πετρώνιος
477 1537 686 1573 νουθετούμενος
710 1539 886 1574 τραχυτέρους

944 1540 1015 1568 circa
1030 1540 1123 1567 mirari
1145 1539 1250 1571 desine,
1266 1539 1288 1566 si
1304 1538 1450 1567 Petronius
1465 1539 1621 1568 admonitus
1648 1548 1728 1576 aspe-

103 1579 201 1614 λόγους
214 1582 286 1608 κατὰ
306 1583 356 1617 τῆς
371 1583 419 1618 σῆς
441 1584 539 1618 ἀφίησι
555 1584 722 1620 τελειότητος
735 1593 742 1600 ο
761 1585 828 1620 μηδὲ
849 1585 893 1612 διὰ

102 1627 199 1654 τούτου
225 1629 292 1664 μήτε
307 1629 358 1664 τῆς
377 1630 417 1661 εἰς
440 1630 561 1662 ἐκεῖνον,
582 1631 651 1666 μήτε
667 1631 716 1666 τῆς
740 1632 780 1663 είς
797 1632 892 1663 ἄλλους

102 1672 282 1708 ὀφειλομένης
304 1674 426 1709 ὑπερορᾷ
451 1674 651 1710 παραινέσεως.
683 1676 759 1702 Ἐπεὶ
779 1676 892 1711 δόξομεν

103 1719 137 1745 ἂν
163 1719 217 1754 πρὸ
237 1719 349 1746 ἐκείνων
369 1720 446 1746 αὐτοὶ
472 1721 587 1753 ἑαυτοὺς
611 1721 702 1754 ἀξίους
730 1723 892 1756 ἀποφαίνειν

102 1766 310 1800 ἐπιτιμήσεως.
339 1767 387 1792 καὶ
408 1766 458 1801 τὴν
485 1767 582 1801 ἄλογον
606 1768 696 1795 αὐτῶν
716 1769 827 1805 μομφὴν
851 1770 892 1801 είς

103 1809 192 1837 αἰτίαν
208 1812 365 1844 μεταποιεῖν
379 1811 528 1846 ἀξιόλογον.

396 1873 510 1902 ΕΠΙΣΤ.
530 1876 591 1904 ΛΔ’.

99 1926 237 1960 Γεωργίῳ
267 1926 472 1964 μητροξτολίςῃ
507 1928 719 1962 Νικομηὸεἰας,
747 1931 887 1964 τελευτή-

135 1969 248 1999 σαντος
263 1960 343 1999 αὐτῷ
357 1960 395 1999 ὲπνζ
414 1961 452 1999 {tl
466 1960 617 1999 ὑπερορίᾳ
635 1960 791 1998 κλὴρικοηῦ,
813 1960 888 1999 μετὰ

133 1996 192 2030 τὴν
205 1995 371 2059 τῗνομένην
382 1995 429 2022 ἐπ’
442 1995 528 2030 αὑτῷί
541 1995 594 2025 τοῦ
610 1995 820 2033 πρεσέυτέροῦ
827 2009 887 2034 χει-

129 2041 222 2066 ροτον
232 2041 280 2059 αν.

941 1587 1058 1615 rioribus
1085 1585 1177 1613 verbis
1199 1589 1274 1613 tuam
1294 1585 1490 1620 perfectionem
1518 1586 1626 1621 excepit
1649 1595 1656 1614 :
1681 1586 1729 1614 sed

939 1634 995 1662 noli
1025 1637 1055 1660 tu
1079 1632 1181 1660 idcirco
1205 1631 1425 1660 exhortationem
1444 1632 1576 1666 debitam,
1608 1633 1651 1660 vel
1663 1640 1728 1669 erga

939 1680 1029 1711 illum,
1060 1678 1104 1706 vel
1132 1678 1216 1705 alium
1249 1678 1375 1705 omittere
1390 1698 1396 1704 .
1413 1677 1452 1705 Ita
1476 1678 1550 1705 enim
1575 1678 1729 1706 videbimur

939 1733 990 1753 nos
1009 1724 1070 1759 ipsi,
1084 1724 1244 1758 priusquam
1257 1723 1294 1750 illi
1311 1723 1339 1750 id
1353 1723 1463 1756 faciant,
1479 1723 1575 1759 dignos
1590 1724 1720 1752 exhibere

941 1769 1166 1805 reprehensione.
1183 1773 1211 1795 et
1224 1768 1423 1795 incusationem
1436 1768 1557 1803 ipsorum
1581 1768 1648 1796 alias
1674 1769 1727 1796 mi-

939 1815 1013 1842 nime
1027 1814 1217 1842 rationabilem
1233 1813 1260 1841 in
1278 1813 1465 1841 rationabilem
1480 1813 1683 1842 transformare.

1204 1877 1314 1909 EPIST.
1334 1881 1458 1908 XXXIV.

939 1935 1051 1970 Georgio
1082 1935 1285 1968 metropolitano
1315 1933 1475 1962 Nicomedia:
1506 1935 1581 1970 cujus
1615 1935 1725 1962 clericus

975 1978 1082 2005 peregre
1104 1969 1173 1996 diem
1201 1970 1332 1996 clauserat
1356 1974 1517 2002 extremam,
1535 1969 1594 2005 post
1617 1971 1725 1997 ordina-

976 2006 1071 2032 tionem
1082 2005 1164 2039 ipsius
1177 2006 1212 2032 ad
1225 2007 1441 2040 presbyteratum.

718 2091 849 2116 Monlacut.
865 2093 916 2124 (ep.
931 2094 986 2122 20!,
998 2102 1022 2126 p.
1038 2095 1104 2126 296).

141 2142 308 2178 Ἐὃουλόμην
334 2142 464 2177 ἀπαρχῆς
486 2142 536 2176 τῆς
561 2141 728 2177 σκυθρωπῆς
754 2143 883 2177 ἀγγελίας

98 2191 155 2226 (ὡς
181 2190 237 2216 εἴθε
256 2191 293 2225 μὴ
317 2189 413 2224 ὄφελεν
436 2191 512 2225 ἐμοῖς
532 2189 598 2216 ὠσὶν
622 2190 775 2225 ἐπελθεῖν),
792 2190 882 2225 λόγοις

972 2145 1122 2180 Cupiebam
1144 2146 1178 2173 ab
1199 2151 1311 2180 accepto
1332 2153 1424 2172 amaro
1450 2146 1556 2178 nuntio,
1577 2146 1649 2180 quod
1667 2147 1721 2174 uti-

939 2197 1002 2216 nam
1028 2190 1056 2217 in
1087 2198 1163 2217 meas
1189 2198 1271 2217 aures
1296 2198 1352 2217 non
1364 2190 1496 2222 venisset,
1516 2191 1722 2218 consulentibus

97 2237 296 2272 παρακλὴσεως
326 2237 356 2263 τὸ
384 2238 414 2262 ἐν
442 2237 484 2263 σοὶ
510 2237 643 2272 πραΰνειν
664 2237 762 2271 ἄλγος,
785 2238 882 2265 καὶτὸ

941 2237 1026 2264 verbis
1053 2237 1175 2264 dolorem
1201 2241 1279 2263 tuum
1305 2236 1439 2271 mitigare,
1458 2240 1485 2263 et
1499 2236 1599 2270 quibus
1610 2244 1721 2271 possem

96 2282 198 2310 λυποῦν
221 2283 358 2318 ἀφαιρεῖν,
379 2279 423 2314 αῖς
443 2282 507 2317 ἐνῆν
525 2291 569 2317 μοι
590 2283 783 2318 παρηγορίαις.
806 2284 883 2311 Ἐπεὶ

95 2329 124 2356 δὲ
148 2330 208 2360 ταῖς
232 2329 303 2360 ἴσαις
330 2328 410 2360 αὐτὸς
429 2327 473 2363 (οὐ
493 2326 547 2363 γὰρ
562 2328 594 2355 ἂν
611 2330 716 2364 εἴποιμι
731 2328 811 2356 πλέον
823 2338 830 2344 ·
851 2330 881 2356 οὐ

95 2375 146 2410 τὴν
159 2374 298 2409 ἀλήθειαν,
319 2375 368 2410 τὴν
398 2374 420 2400 δ’
435 2374 565 2401 ἀπιστίαν
585 2374 795 2409 εὐλαϐούμενος,
818 2382 882 2402 κατ-

95 2421 238 2456 ετεινόμην
251 2421 396 2456 ἀλγηδόσιν
407 2441 414 2454 ,
430 2421 477 2447 καὶ
493 2421 543 2456 τὴν
561 2420 651 2456 ψυχὴν
666 2421 793 2456 χαλεπῶς
812 2422 881 2448 επα-

96 2468 179 2503 σχον)
212 2468 382 2502 ἀμϐλύτερός
414 2476 471 2499 πως
496 2467 630 2502 κατέστην
659 2467 760 2502 ἐτέρων
794 2467 881 2500 λύπας

94 2514 234 2548 ἀφαιρεῖν,
251 2510 288 2540 ὧν
304 2513 385 2545 αὐτὸς
400 2513 573 2548 παραμύθιον
597 2514 646 2548 οὐχ
659 2511 795 2549 εὕρισκον.
817 2513 880 2548 Ὀψὲ

93 2561 122 2587 δὲ
136 2560 183 2586 καὶ
200 2560 276 2595 μόλις
291 2561 353 2592 τοὺς
366 2560 511 2595 λογισμοὺς
525 2560 687 2594 ἀνενεγκὼν,
704 2561 814 2587 κάκεῖνο
827 2561 880 2596 πρὸ

92 2607 149 2633 τῶν
169 2606 257 2633 ἄλλων
276 2606 449 2642 ἐνθυμηθεὶς,
461 2606 498 2638 ὡς
513 2606 554 2632 ὅτι
570 2606 736 2641 περίεστινὴ
751 2607 880 2641 ἀρχιερα-

92 2651 157 2687 τικὴ
175 2652 222 2678 καὶ
236 2652 303 2685 ἁγία
315 2652 373 2687 χεὶρ
390 2652 479 2687 ἐκείνη
493 2652 550 2685 (καὶ
564 2652 671 2687 περιείη
685 2661 716 2686 γε
729 2652 775 2678 ἐπὶ
787 2652 877 2683 πλέον,

90 2697 109 2732 ἢ
135 2697 197 2723 ὅσον
219 2696 381 2731 διεγέγονεν,
408 2698 424 2732 ὴ
442 2697 578 2728 τοιούτους
594 2697 659 2732 ἡμῖν
678 2697 878 2724 διαπλάττουσα

91 2742 140 2768 καὶ
164 2742 352 2778 διαμορφοῦσα
378 2742 441 2773 τοὺς
464 2742 513 2778 τῆς
534 2743 611 2778 ἱερᾶς
635 2742 714 2778 ἡμῶν
739 2743 877 2778 ὑπηρέτας

91 2787 247 2821 ἀγιστίας),
261 2787 301 2813 ἔτι
325 2787 425 2822 μᾶλλον
451 2787 585 2823 ἐγενόμην
608 2787 745 2822 ἐμαυτοῦ,
763 2789 809 2814 καὶ
829 2788 876 2814 τοῦ

90 2831 236 2866 δυσφορεῖν
252 2833 444 2868 ὑπερανέσχον,
471 2834 519 2860 καὶ
538 2833 606 2869 πρὸς
621 2833 669 2868 τὴν
684 2833 768 2868 αὐτὴν
784 2833 877 2860 λοιπὸν

90 2876 211 2904 διάθεσιν
227 2878 277 2914 τὴν
304 2879 439 2914 ὑμετέραν
459 2878 601 2914 μεθέλκειν
622 2879 762 2916 ἐθάρρησα
777 2879 877 2906 τελειό-

935 2282 1039 2310 solatiis
1060 2282 1232 2310 atllictionem
1260 2286 1334 2309 tuam
1359 2282 1457 2309 lenire;
1473 2282 1517 2314 ,At
1532 2289 1594 2309 cum
1622 2282 1720 2310 iisdem

933 2336 984 2363 ego
999 2329 1056 2362 ipse
1069 2328 1194 2355 hebetior
1204 2335 1292 2355 essem
1308 2328 1432 2354 redditus
1441 2327 1520 2355 malis
1535 2335 1587 2355 nec
1602 2328 1718 2356 aliorum

934 2374 1060 2401 tristitias
1074 2374 1235 2406 auferendo,
1252 2381 1313 2401 cum
1328 2374 1386 2408 ipse
1402 2374 1470 2401 meis
1493 2374 1619 2402 solatium
1641 2382 1719 2410 repe-

934 2420 987 2447 rire
999 2421 1140 2455 nequirem
1154 2429 1160 2447 :
1179 2420 1215 2447 ita
1245 2421 1319 2448 enim
1343 2426 1396 2447 tam
1416 2428 1522 2448 mecum
1537 2425 1596 2448 erat
1611 2429 1717 2454 revera,

932 2473 967 2493 ne
992 2466 1056 2501 quid
1075 2466 1182 2501 gravius
1205 2466 1294 2493 dicam
1320 2473 1393 2493 :nec
1408 2473 1504 2494 vereor
1514 2474 1550 2493 ne
1572 2466 1639 2494 ﬁdes
1651 2468 1718 2495 mihi

932 2519 986 2540 non
1005 2513 1175 2544 adhibeatur,
1193 2513 1240 2547 qui
1260 2512 1412 2546 veritatem:
1423 2512 1484 2540 dico
1502 2521 1510 2540 :
1526 2517 1608 2548 certe,
1621 2522 1718 2542 excru-

931 2557 1022 2585 ciabar
1044 2557 1184 2585 doloribus
1201 2562 1247 2585 :et
1275 2558 1366 2584 animo
1396 2558 1467 2586 male
1490 2558 1605 2587 allectus
1629 2567 1716 2588 eram.

931 2603 1053 2638 Cumque
1068 2611 1128 2631 sero
1145 2612 1177 2631 ac
1188 2603 1233 2630 vix
1247 2603 1355 2631 tandem
1378 2605 1411 2632 ad
1433 2605 1554 2632 animum
1569 2605 1714 2639 redieram,

932 2649 998 2677 illud
1011 2649 1145 2684 imprimis
1153 2650 1305 2686 cogitabam
1325 2659 1331 2676 :
1349 2650 1436 2678 adhuc
1451 2655 1591 2686 superstes
1617 2656 1658 2679 est
1671 2659 1715 2678 ar-

929 2694 1138 2729 chiepiscopalis
1161 2699 1190 2722 et
1216 2699 1309 2722 sancta
1330 2695 1375 2722 illa
1395 2700 1492 2723 manus
1508 2695 1545 2731 (et
1564 2696 1610 2723 diu
1626 2695 1715 2723 adhuc

930 2740 1048 2775 supersit
1060 2747 1168 2775 precor,
1182 2748 1242 2776 qua;
1259 2741 1328 2769 tales
1340 2742 1419 2770 nobis
1427 2742 1539 2777 deﬁngit
1549 2745 1576 2769 et
1591 2741 1715 2770 ettormat

927 2784 1083 2812 sacerdotes
1092 2792 1184 2812 rerum
1196 2786 1372 2814 administros
1386 2786 1537 2822 sacrarum)
1550 2787 1636 2822 magis
1650 2795 1710 2815 me-

928 2830 1075 2865 metipsum
1095 2830 1230 2866 recollegi,
1245 2838 1296 2859 nec
1310 2832 1425 2859 ulterius
1440 2831 1558 2867 graviter
1570 2831 1693 2867 patiebar
1703 2851 1711 2864 ,

929 2881 956 2904 et
973 2876 1005 2904 ad
1020 2876 1143 2905 eamdem
1165 2885 1273 2906 mecum
1296 2878 1503 2913 dispositionem
1516 2878 1713 2914 perfectionem
