1928 3097
187 194 239 227 847

189 260 307 283 vestram
329 254 401 283 volui
427 252 561 280 deducere

183 302 256 330 mihi
286 300 447 329 occurrebat
463 308 470 326 :
489 303 580 326 tamen
609 297 703 325 nescio
722 297 787 332 quid
801 296 865 324 novi
881 303 979 331 passus

190 355 272 375 sum:
292 346 446 374 membrum
476 344 613 372 divulsum
644 343 833 376 abstrahitur;
863 343 911 370 sed
924 342 979 370 Deo

189 393 307 424 dicatur,
322 396 350 419 et
363 399 413 419 nos
424 391 471 425 qui
482 398 531 426 per
546 390 630 417 Deum
643 389 747 417 divitiis
757 389 810 416 illis
828 388 980 416 abundavi-

183 445 258 469 -mus,
290 436 328 464 illi
353 435 487 471 primitias
508 435 608 462 ot‘l'crre
636 435 802 462 debebamus
829 431 849 460 ε’
866 433 977 469 antiqua

186 483 229 510 lex
258 482 318 510 ha=c
346 482 461 513 obtinet.
480 485 510 508 ut
530 489 620 509 rerum
633 480 814 516 pretiosarum
842 480 978 515 primitias

189 528 277 556 datori
303 532 331 555 et
350 527 489 555 communi
512 526 629 554 Domino
658 527 804 554 otl'eramus
834 536 841 554 :
865 533 978 562 germen

183 574 358 610 praeclarum,
376 578 404 601 et
433 573 538 601 fructus
564 573 655 600 ferens
681 577 805 600 maturos
823 572 977 600 dill'ractnm

185 625 248 648 est:
265 620 313 647 sed
328 623 419 647 manet
438 619 526 652 radix,
554 619 716 654 germinabit
742 619 833 646 denuo
852 626 909 646 non
933 618 977 645 in-

187 665 305 692 feriora:
327 665 350 692 si
371 664 453 699 isqui
479 664 586 691 ablatus
600 669 643 691 est
656 671 773 692 mmrore
786 663 896 695 alliciat,
909 671 976 698 pro-

184 711 317 746 germinet
330 711 408 743 alios,
432 715 461 738 ut
480 719 515 738 ne
531 711 568 738 ita
583 711 692 738 demum
714 710 826 738 tristitia
843 710 978 745 percella-

185 761 240 790 tur,
259 757 282 784 si
296 765 386 785 ramos
402 757 533 792 quosdam
547 757 580 784 ad
590 765 619 784 se
633 757 780 784 transferat
793 757 974 790 hortulanus;

185 802 233 829 sed
259 810 308 837 per
329 803 495 838 reliquorum
522 803 734 830 oblectationem
764 803 845 830 ablati
864 811 976 830 sensum

184 849 374 882 absconditum
396 849 491 877 voluit.
512 849 587 876 Abiit
610 850 740 884 praeclara
764 854 792 877 et
809 849 977 877 admirabilis

184 895 293 923 virtutis
319 896 424 930 imago;
449 896 497 923 sed
526 896 598 923 idem
624 896 714 931 pictor
740 904 850 922 manum
885 896 975 923 adhuc

772 191 905 222 ΡΙῙΟΤῘῙ
928 190 1180 222 PATRIARCH/E
1204 192 1259 222 ΟΡ.

591 259 598 277 :
620 250 664 278 ubi
679 255 770 278 tamen
788 250 899 278 absurdi
914 250 972 284 quia

1031 258 1115 284 τητα·
1133 250 1180 278 καί
1202 259 1230 277 τι
1251 251 1306 287 γὰρ
1321 251 1442 279 ἐνενόουν
1461 253 1517 280 τῶν
1530 252 1724 289 ἀτοπωτέρων
1741 255 1764 282 τί
1777 255 1799 282 δὲ

1757 199 1801 231 848

1030 295 1085 322 τῶν
1112 296 1280 332 καινοτέρων
1306 297 1490 333 πεπόνθαμεν,
1509 298 1559 324 οὐκ
1589 295 1667 324 οἶδαο
1693 298 1802 335 ἀφῃρέθη

1032 341 1124 377 μέλος,
1155 341 1224 368 ἀλλὰ
1240 342 1300 378 Θεῷ
1326 343 1499 378 ἀφιέρωται·
1528 343 1586 370 ἀλλ’
1608 344 1733 380 ἀπαρχὴν
1758 344 1803 372 ἔδει

1028 388 1138 423 δοθῆναι
1159 388 1214 415 τῶν
1232 388 1334 421 καλῶν,
1351 385 1389 416 ὧν
1403 390 1508 417 ἐκεῖθεν
1530 389 1728 425 ἐπλουτίσαμεν
1739 398 1745 406 ·
1762 392 1803 426 ἀρ-

1029 435 1106 470 χαῖος
1117 431 1195 467 οὗτος
1218 436 1300 470 νόμος
1317 436 1445 471 ἀπαρχὰς
1468 435 1522 462 τῶν
1536 435 1636 471 τιμίων
1650 435 1690 471 τῷ
1706 436 1803 472 δωτῆρι,

1029 481 1076 507 καὶ
1103 481 1186 516 κοινῷ
1212 481 1378 517 προσφέρειν
1398 482 1531 518 Δεσπὸτῃ.
1559 481 1665 514 Κλάδος
1684 481 1803 518 εὐθαλὴς,

1029 527 1075 554 καὶ
1089 527 1195 563 καρπὸν
1209 527 1429 565 ὼραῖονηφέρων,
1445 527 1613 564 περιῄρηται
1626 536 1634 544 ·
1650 523 1708 555 ἀλλ’
1722 529 1737 563 ὴ
1753 528 1805 563 ῥίζα

1029 573 1121 608 μένει·
1141 574 1209 600 οῐσει
1224 573 1306 601 πάλιν
1328 574 1377 601 οὐκ
1395 574 1535 601 ἐλάττονα.
1551 575 1584 601 Ei
1600 574 1628 601 δὲ
1645 574 1724 601 πλέον
1738 576 1749 601 ὁ
1762 583 1806 601 πε-

1030 620 1197 656 ριῃρημένος
1209 620 1300 652 λυπεῖ,
1317 620 1491 655 βλαστανέτω
1506 621 1554 647 καὶ
1568 620 1694 652 πλείονας
1703 629 1710 636 ’
1724 621 1761 648 ἵνα
1773 620 1806 657 μὴ

1028 665 1109 692 πάλιν
1136 665 1193 700 ἔχοι
1221 665 1349 701 χαλεπῶς
1374 665 1467 700 ἀλγεῖν
1492 666 1539 692 τοῦ
1570 666 1725 701 φυτοκὸμου
1747 666 1807 702 πρὸς

1028 711 1126 738 ἑαυτόν
1153 720 1215 738 τινα
1236 711 1292 739 τῶν
1315 711 1421 738 κλάδων
1440 711 1643 746 λαμϐάνοντος,
1668 712 1763 739 ἀλλ’ὲν
1777 714 1806 748 τῇ

1027 757 1082 784 τῶν
1105 757 1329 793 ὑπολειπομένων
1354 757 1460 793 τέρψει,
1480 758 1528 784 τοῦ
1548 758 1728 794 ἀφῃρημένου
1750 758 1808 784 λαν-

1028 803 1118 830 θάνειν
1142 803 1199 838 ἔχοι
1214 803 1263 839 τὴν
1287 803 1472 838 συναίσθησιν.
1504 803 1672 838 Ἀπῆλθεν-ἡ
1688 803 1753 840 καλὴ
1767 803 1809 830 καὶ

1028 847 1169 884 θαυμασία
1181 849 1232 884 τῆς
1248 849 1349 884 ἀρετῆς
1361 849 1459 876 είκὼν⁰
1473 848 1530 876 ἀλλ’
1542 850 1556 876 ὁ
1571 849 1695 884 γραφεὺς
1713 849 1749 876 ἐτι
1765 850 1810 883 τὴν

1027 895 1107 929 χεῖρα
1130 896 1219 927 κινεῖ,
1244 895 1292 921 καὶ
1316 895 1418 931 γράψει
1445 904 1477 929 γε
1495 896 1623 928 πάντως,
1642 895 1755 931 ἐραστὴς
1775 895 1810 922 ὢν

185 949 313 969 exercere
331 946 431 976 potest.
448 945 475 968 et
491 941 537 976 qui
553 941 698 976 praeclaras
718 941 778 976 ejus
791 941 869 969 dotes
886 941 972 977 dilige-

1027 938 1074 966 τοῦ
1089 938 1191 972 καλοῦ,
1215 940 1308 967 οὐκέτι
1333 939 1416 975 μίαν,
1438 940 1507 967 ἀλλὰ
1525 940 1572 967 καὶ
1587 939 1724 971 πλείονας.
1747 939 1810 965 Ἀλλ’

184 987 242 1019 bat,
260 986 440 1022 proculdubio
464 986 556 1022 plures
581 987 649 1014 tales
672 986 804 1022 imagines
829 986 975 1015 describet.

184 1032 220 1060 At
250 1033 317 1060 mihi
333 1033 442 1068 quidem
456 1033 520 1059 mali
546 1033 710 1060 medicinam
726 1033 791 1060 facit
805 1033 896 1067 istud;
910 1038 976 1069 puto

184 1079 334 1114 quemlibet
359 1079 518 1114 religiosum
529 1079 678 1114 prudenter
702 1084 881 1114 sumpturum
899 1089 906 1106 :
927 1081 974 1108 sed

183 1124 311 1152 Ecclesiae
322 1132 431 1161 corpus,
445 1125 478 1152 ad
493 1125 564 1160 quod
579 1125 666 1153 vocati
682 1134 788 1159 sumus,
801 1134 856 1154 non
864 1127 975 1162 opinor,

184 1171 243 1206 ipse
252 1170 422 1205 jnstiﬁeabis,
434 1178 489 1198 non
504 1179 564 1198 esse
575 1171 623 1198 tibi
643 1173 841 1207 compassionis
850 1173 974 1201 solatium

184 1217 382 1252 archiprtesuli.
411 1217 479 1244 Nam
498 1218 563 1252 quid
578 1218 640 1244 est?
666 1223 730 1246 ante
743 1223 853 1254 tempus
868 1219 975 1247 aufere-

183 1264 265 1292 batur
280 1272 287 1291 :
301 1268 328 1291 et
347 1264 419 1298 quis,
439 1272 542 1298 quaeso,
563 1264 660 1292 melius
677 1264 710 1292 de
720 1265 889 1300 temporibus
900 1265 974 1301 judi-

184 1317 258 1342 care,
275 1313 303 1337 et
321 1309 417 1337 eadem
442 1309 588 1337 observare
617 1309 704 1342 novit,
720 1318 801 1345 quam
818 1310 852 1343 is,
870 1311 917 1346 qui
930 1319 975 1338 se-

183 1357 302 1385 cundum
327 1356 462 1384 rationem
486 1361 514 1384 et
537 1356 662 1385 ordinem
693 1357 828 1392 disposuit
862 1358 976 1386 omnia?

183 1401 238 1429 Sed
251 1406 344 1437 raptus
356 1406 398 1429 est
423 1402 452 1428 in
476 1406 557 1429 aetate
578 1401 698 1437 vigente,
714 1407 741 1429 ct
756 1402 802 1437 qui
815 1403 884 1430 tales
901 1403 974 1431 exsi-

182 1452 269 1481 stunt,
281 1447 430 1475 certamina
445 1447 564 1475 subeunt
582 1448 695 1475 viriliter
709 1457 715 1475 :
731 1456 827 1476 verum
845 1449 879 1477 ad
893 1457 974 1477 sene-

183 1499 287 1522 ctutem
313 1502 400 1529 usque
415 1494 543 1529 protendi
559 1494 788 1530 interruptionem
814 1496 974 1531 plerumque

185 1541 355 1568 fortitudinis
380 1545 520 1576 operatur.
542 1540 583 1568 Ad
597 1541 727 1569 virtutem
743 1542 887 1570 nobiscum
903 1550 973 1569 con-

182 1586 310 1614 currebat
327 1595 334 1613 :
351 1594 405 1613 non
426 1591 534 1622 oportet
551 1587 685 1621 invidere,
703 1588 726 1615 si
749 1588 869 1615 stadium
890 1595 971 1615 suum

1027 986 1090 1020 ἐμοὶ
1107 986 1156 1021 μὲν
1174 986 1252 1013 τοῦτο
1269 986 1320 1022 τῆς
1337 987 1457 1022 ἀθυμίας
1473 987 1620 1023 φάρμακον
1633 994 1640 1001 ·
1656 984 1732 1022 οἶμαι
1747 986 1767 1013 δ’
1781 986 1812 1013 ἀν

1028 1032 1093 1059 αὐτὸ
1109 1032 1201 1059 λαῦεῖν
1217 1032 1366 1068 προθύμως
1377 1054 1385 1067 ,
1402 1033 1450 1060 καὶ
1465 1033 1521 1060 τῶν
1544 1032 1730 1059 εὐσεϐούντων
1751 1032 1814 1058 ἔκα-

1028 1087 1089 1105 στον
1099 1086 1108 1094 ·
1125 1079 1155 1105 τὸ
1171 1079 1199 1105 δὲ
1212 1079 1301 1106 κοινὸν
1316 1080 1367 1114 τῆς
1388 1079 1554 1114 Ἐκκλησίας
1564 1100 1572 1112 ,
1589 1079 1632 1114 ἐφ’
1644 1075 1667 1113 ᾧ
1681 1087 1713 1113 γε
1727 1087 1813 1113 παρα-

1028 1123 1196 1158 κεκλήμεθα,
1212 1124 1262 1150 οὐκ
1277 1124 1311 1151 ἃν
1334 1125 1394 1160 οὐχὶ
1410 1124 1573 1157 δικαιώσαις
1594 1125 1640 1151 καὶ
1654 1124 1734 1156 αὐτὸς
1744 1145 1751 1156 ,
1767 1124 1814 1150 καὶ

1027 1170 1077 1205 τῆς
1093 1170 1143 1205 σῆς
1161 1170 1358 1206 ἀρχιερατικῆς
1375 1170 1549 1206 συμπαθείας
1567 1171 1604 1206 μὴ
1621 1170 1746 1205 γενέσθαι
1762 1179 1815 1197 πα-

1028 1215 1171 1251 ράκλησιν.
1185 1216 1217 1242 Τί
1230 1216 1301 1252 γάρῇ
1318 1217 1371 1252 πρὸ
1387 1216 1461 1252 ὥρας
1476 1217 1584 1252 ἀπῆρεν
1596 1225 1603 1233 ⁴
1621 1218 1667 1244 καὶ
1681 1217 1721 1249 τίς
1736 1218 1814 1252 ἀκρι-

1027 1261 1154 1297 6έστερος
1175 1263 1250 1298 ὥρας
1280 1264 1424 1298 συντηρεῖν
1446 1263 1494 1290 καὶ
1521 1263 1636 1298 κρίνειν,
1655 1263 1703 1290 τοῦ
1729 1264 1815 1290 πάντα

1025 1307 1097 1341 λόγῳ
1119 1308 1168 1335 καὶ
1194 1308 1283 1344 εἱρμῷ
1301 1308 1448 1342 τάξαντος;
1469 1308 1540 1336 Ἀλλ’
1558 1310 1587 1335 ἐν
1601 1309 1677 1345 ἀκμῇ
1696 1309 1744 1344 τῆς
1757 1310 1816 1345 ἡλι-

1027 1353 1102 1386 κίας,
1118 1354 1142 1380 οἱ
1161 1354 1276 1380 τοιοῦτοι
1294 1355 1358 1386 τοὺς
1376 1354 1475 1387 ἄθλους
1489 1355 1622 1389 γενναίως
1639 1357 1770 1391 φέρουσι·
1785 1356 1816 1382 τὸ

1024 1397 1053 1424 δὲ
1068 1399 1108 1429 είς
1127 1400 1217 1434 γῆρας
1231 1400 1435 1435 παραταθῆναι,
1453 1402 1571 1436 ἑγκοπὴ,
1593 1402 1627 1428 τὰ
1648 1401 1742 1434 πολλὰ,
1765 1404 1816 1434 τῖς

1026 1444 1129 1480 πολλῆς
1141 1445 1303 1472 καθίσταται
1319 1446 1519 1482 γενναιότητος.
1533 1447 1686 1483 Σύνδρομος
1700 1446 1733 1484 ἦν
1748 1448 1818 1483 πρὸς

1024 1491 1143 1526 ἀρετήν’
1162 1491 1192 1517 οὺ
1215 1491 1269 1526 χρὴ
1284 1491 1393 1526 φθονεῖν
1416 1493 1440 1519 εἰ
1459 1492 1490 1519 τὸ
1502 1494 1614 1520 ’στάδιον
1636 1494 1819 1530 προκατείλησ

1025 1545 1084 1571 φεν.
1108 1536 1178 1564 Ἀλλ’
1194 1535 1228 1574 ἦν
1247 1538 1302 1564 τῶν
1320 1538 1453 1574 θλισερῶν
1464 1539 1652 1575 παραμύθιον·
1669 1540 1699 1566 οὺ
1713 1549 1816 1567 συναπ-

1023 1583 1089 1618 ῆρεν
1110 1584 1174 1615 τοὺς
1205 1583 1302 1618 λόγους
1321 1585 1372 1620 τῆς
1391 1585 1610 1621 παρακλήσεωςσ
1627 1587 1674 1613 καὶ
1689 1586 1769 1614 πλέον
1788 1587 1818 1614 δὲ

181 1633 258 1668 prior
271 1632 430 1660 confecerit.
447 1633 482 1660 At
504 1633 625 1660 solamen
645 1638 704 1661 erat
721 1634 876 1669 urgentium
905 1633 971 1662 allii-

1026 1630 1102 1656 ἕσται
1118 1630 1181 1664 νῦν,
1206 1628 1248 1662 οἷς
1261 1639 1292 1657 τε
1307 1631 1351 1658 διὰ
1372 1631 1430 1666 βίου
1450 1631 1585 1668 ἀνδρικῶς
1599 1633 1816 1669 ἐνεκαρτέρησε,

181 1678 302 1705 ctionum
322 1687 328 1705 :
345 1679 394 1706 sed
424 1686 474 1706 nec
490 1686 586 1706 onmes
600 1687 693 1707 secum
720 1679 832 1707 abstulit
851 1681 976 1708 consola-

182 1725 265 1752 tionis
279 1725 375 1753 modos
388 1734 395 1752 ε
408 1726 462 1752 imo
477 1725 570 1760 plures
585 1733 659 1753 nunc
678 1729 800 1761 praestat,
815 1730 844 1753 et
861 1726 974 1760 quidem

181 1770 271 1805 primo
295 1778 344 1806 per
369 1778 514 1806 generosas
537 1771 600 1798 vita:
620 1771 744 1800 actiones
766 1772 909 1800 :secuudo
927 1780 974 1804 per

182 1816 407 1844 intercessionem
423 1817 494 1853 apud
509 1816 594 1844 Deum
607 1826 615 1850 ;
630 1821 726 1853 utpote
739 1818 796 1853 jam
808 1818 927 1845 vicinior
948 1818 974 1845 ei

181 1863 279 1896 factus,
295 1868 323 1891 et
336 1864 447 1892 caeleste
459 1864 649 1900 adiumentum
664 1864 692 1892 in
707 1869 800 1900 partes
816 1872 972 1897 assumens,

180 1916 243 1936 (11m
260 1908 296 1936 ad
321 1909 547 1942 succurrendum,
563 1914 620 1936 tum
646 1909 680 1936 ad
704 1909 912 1937 vindicandum.
928 1909 972 1936 Si-

182 1953 238 1980 icnt
268 1953 341 1980 labra
363 1962 370 1980 :
401 1954 520 1982 clamant
540 1954 673 1982 actiones.
690 1954 796 1991 Lingua
820 1958 903 1987 tacet,
922 1955 971 1982 sed

181 2004 277 2027 contra
291 1999 381 2035 legum
393 2000 539 2028 violatores
551 2002 611 2036 ejus
627 2001 834 2037 redargutiones
849 2002 971 2037 ipsorum

182 2046 296 2073 consilia
322 2052 455 2082 perpetuo
470 2047 618 2082 ﬂagellant,
643 2052 671 2075 et
692 2048 848 2084 religiosum
876 2055 972 2083 quem-

183 2091 247 2119 libet
274 2091 308 2119 ad
330 2092 539 2120 oblectationem
558 2093 679 2120 excitant
714 2098 742 2121 et
771 2094 970 2121 fortitudinem.

181 2137 254 2170 Quid
268 2139 380 2167 tandem
398 2139 447 2166 ?in
463 2139 663 2173 persecutione,
679 2139 837 2173 alilictione,
850 2139 969 2172 miseria,

184 2186 271 2213 vitam
288 2185 396 2213 clausit.
419 2186 454 2213 At
471 2185 530 2213 hate
542 2193 586 2213 me
601 2193 773 2220 summopere
782 2185 968 2213 consolantur.

182 2231 243 2259 Non
261 2232 334 2259 enim
349 2231 467 2259 delictiis
482 2231 593 2259 atiluere
607 2231 684 2258 illum
698 2231 800 2264 decuit,
816 2232 863 2267 qui
876 2232 909 2260 ad
925 2239 969 2259 re-

182 2283 266 2313 gnum
281 2278 412 2305 caelorum
432 2277 589 2311 anhelabat,
604 2282 632 2305 et
644 2278 716 2306 illam
730 2278 768 2306 ibi
791 2278 868 2305 adire
884 2278 970 2306 hatre-

179 2323 291 2350 ditatem
303 2322 389 2350 voluit
406 2322 587 2350 :luctatorem
605 2323 749 2358 quiescere
766 2331 822 2351 non
833 2324 947 2352 decebat
961 2334 969 2354 ι

179 2375 231 2395 nec
245 2367 386 2395 certamini
415 2367 583 2396 destinatum
609 2368 637 2395 in
652 2369 819 2396 umbraculis
842 2369 970 2397 arborum

179 2413 297 2448 paradisi
313 2413 455 2447 recubare,
470 2421 502 2441 ac
517 2414 623 2442 dulcem
640 2422 767 2442 somnum
785 2422 885 2450 capere
901 2424 908 2442 ε
922 2416 969 2444 sed

179 2460 251 2487 inter
259 2459 418 2492 certamina,
435 2467 483 2495 per
500 2460 701 2494 tribulationes,
714 2461 786 2488 inter
806 2469 970 2496 persequen-

180 2503 249 2530 tium
261 2503 364 2539 gladios
377 2504 514 2539 explorari
529 2504 622 2533 decuit
635 2514 642 2532 :
658 2510 686 2533 et
708 2505 748 2533 sic
762 2506 908 2541 approbari
929 2507 967 2535 ab

178 2549 362 2585 agonotheta,
389 2551 489 2579 sudore
510 2552 665 2580 madentem
695 2552 926 2587 ecolluctatione,
940 2559 969 2582 et

177 2595 219 2623 sic
230 2596 265 2624 de
279 2604 371 2630 cursu,
387 2597 527 2625 laboribus
541 2597 680 2632 anhelum,
689 2598 797 2627 felicem
809 2599 966 2634 przedicari:

179 2641 204 2668 id
215 2641 288 2675 quod
313 2648 362 2676 ego
379 2642 488 2670 coronis
502 2642 684 2677 pratulerim:
704 2651 768 2670 nam
788 2651 896 2671 corona:
919 2643 969 2672 do-

178 2691 279 2715 nantur
295 2687 330 2714 ab
347 2687 497 2715 atblothela
516 2696 522 2713 :
544 2688 602 2716 hmc
623 2690 755 2717 certantis
781 2689 888 2718 labores
911 2690 968 2717 cla-

177 2737 254 2760 mant
268 2737 296 2760 et
315 2733 461 2761 lemniscos
477 2742 483 2759 :
497 2734 569 2761 inter
581 2735 686 2763 medias
709 2740 736 2763 et
751 2735 811 2764 illas
828 2741 967 2764 extremas

177 2778 395 2812 persecutiones,
425 2778 511 2806 abivit
534 2779 567 2806 ad
597 2784 800 2808 coronatorem.
829 2780 967 2814 Quorsum

178 2822 252 2849 enim
267 2823 295 2850 in
310 2824 445 2852 inﬁnitam
456 2824 607 2860 agonistam
616 2825 715 2853 durare
731 2827 861 2861 oportuit,
873 2833 968 2854 acnon

178 2867 271 2894 statim
291 2870 382 2903 potius
399 2870 444 2897 illa
474 2871 605 2905 consequi
618 2876 731 2906 propter
745 2879 776 2899 ea
793 2879 854 2906 quae
872 2877 968 2907 pertu-

179 2908 221 2942 Πι,
239 2916 266 2938 et
283 2913 321 2940 sic
333 2914 477 2943 obduravit
489 2924 496 2943 :
509 2915 630 2944 hostium
642 2924 709 2955 sane
722 2917 883 2955 votairibL
890 2917 967 2955 istud

1026 1676 1072 1703 καὶ
1094 1677 1156 1707 ταῖς
1171 1676 1239 1711 πρὸς
1253 1676 1284 1703 τὸ
1299 1676 1378 1704 Θεϊον
1394 1678 1563 1711 ἐντεύξεσινο
1581 1678 1628 1705 ἅτε
1643 1678 1675 1714 δὴ
1688 1678 1818 1715 πλησιαι-

1024 1730 1104 1757 τερον
1113 1721 1244 1756 γεγονὼς,
1260 1723 1308 1749 καὶ
1319 1722 1368 1758 τὴν
1379 1723 1485 1750 ἐκείθεν
1497 1724 1584 1751 ἕλκων
1599 1724 1701 1759 μᾶλλον
1716 1726 1818 1762 ῥοπὴν,

1025 1768 1064 1799 εἰς
1080 1768 1240 1802 ἐπικουρίαν
1257 1769 1304 1795 καὶ
1318 1768 1470 1804 ἐκδίκησιν.
1491 1770 1559 1805 Σιγᾷ
1578 1771 1612 1797 τὰ
1636 1771 1713 1806 χείλη
1724 1778 1732 1786 ο
1749 1771 1821 1798 ἀλλά

1010 1814 1126 1849 Δβοῶσιν
1142 1815 1170 1841 at
1185 1814 1299 1850 πράξεις
1311 1824 1318 1830 ·
1335 1816 1352 1850 ἡ
1370 1815 1481 1849 γλῶσσα
1495 1815 1565 1848 τέως
1582 1817 1681 1851 ἠρεμεῖ
1692 1825 1700 1832 ·
1717 1817 1777 1843 ἀλλ’
1795 1817 1820 1844 oi

1024 1859 1096 1887 κατὰ
1111 1860 1165 1886 τῶν
1183 1860 1420 1896 παρανομούντων
1433 1861 1539 1896 ἔλεγχοι
1554 1862 1644 1888 αὐτῶν
1658 1862 1682 1888 τ’
1704 1863 1821 1889 ἐκείνων

1023 1907 1087 1938 τοὺς
1105 1906 1254 1942 λογισμοὺς
1270 1906 1395 1934 ἀθάνατα
1412 1907 1586 1943 μαστιγοῦσι,
1606 1909 1720 1936 καὶτῶν
1737 1911 1822 1937 εὐσε-

1024 1953 1143 1981 ϐούντων
1157 1954 1291 1986 ἕκαστον,
1307 1955 1347 1986 εἰς
1363 1954 1499 1990 θυμηδίαν
1521 1955 1568 1982 καὶ
1592 1956 1719 1992 ἀνδρείαν
1742 1957 1822 1985 διαν-

1024 1999 1145 2026 ιστῶσιν.
1170 1999 1203 2026 Τί
1226 1999 1335 2033 λοιπόν;
1362 2000 1391 2027 ὲν
1413 2000 1543 2036 διωγμοῖς
1575 2002 1622 2029 καὶ
1639 2002 1746 2037 θλίψεσι
1772 2005 1824 2031 καὶ

1021 2045 1222 2082 ταλαιπωρίαις
1238 2046 1284 2073 τὸν
1311 2046 1367 2081 βίον
1396 2047 1524 2075 ἀπέλιπε.
1552 2048 1589 2074 Τὸ
1612 2050 1744 2083 μέγιστόν
1774 2059 1824 2085 μοι

1022 2091 1111 2126 λέγεις
1125 2092 1310 2128 παραμύθιον.
1327 2093 1364 2120 Οὐ
1379 2094 1433 2129 γὰρ
1451 2093 1504 2120 ἔδει
1517 2095 1623 2130 τρυφᾴν
1641 2096 1686 2122 τὸν
1702 2096 1755 2131 τὴν
1773 2097 1826 2131 βαι

1023 2137 1127 2164 σιλείαν
1150 2137 1205 2164 τῶν
1230 2138 1352 2173 οὐρανῶν
1374 2139 1576 2175 ἐπιζητοῦντα,
1593 2141 1640 2168 καὶ
1659 2142 1704 2167 τὸν
1726 2143 1825 2169 ἐκεῖσε

1022 2183 1122 2218 κλῆρον
1135 2183 1278 2210 διώκοντα.
1300 2184 1357 2211 Οὐκ
1378 2184 1433 2211 ἔδει
1448 2186 1494 2212 τὸν
1509 2186 1631 2221 ἀθλητὴν
1645 2187 1805 2222 ἡσυχάζειν
1816 2196 1823 2203 ·

1021 2229 1080 2256 οὐδὲ
1097 2229 1141 2256 τὸν
1155 2230 1308 2265 ἀγωνιστὴν
1319 2230 1372 2257 ὑπὸ
1390 2233 1480 2264 σκιαῖς
1497 2232 1544 2259 καὶ
1558 2232 1679 2268 δένδροις
1693 2234 1742 2260 καὶ
1764 2243 1826 2261 πα-

1024 2274 1159 2311 ραδείσοις
1187 2275 1377 2303 ἀνεκεκλίσθαι
1398 2277 1446 2303 καὶ
1472 2277 1681 2304 ἀναπαύεσθαι·
1701 2278 1766 2305 ἀλλ’
1795 2280 1829 2306 ὲν

1024 2321 1117 2356 μέσοις
1130 2320 1183 2348 ἔδει
1200 2322 1257 2354 τοῖς
1279 2322 1391 2357 ἀγῶσιν,
1407 2324 1436 2350 ὲν
1450 2323 1543 2355 αὐτοῖς
1561 2325 1618 2355 rei;
1639 2327 1828 2360 πειρασμοῖς,

1020 2367 1049 2391 ὲν
1070 2366 1146 2401 μέσῳ
1172 2367 1221 2402 τῆς
1237 2367 1292 2394 τῶν
1315 2368 1471 2396 διωκόντων
1489 2370 1646 2404 μιαιφονίας
1667 2370 1830 2405 δοκιμάζε-

1020 2414 1094 2444 σθαι,
1117 2413 1198 2441 καλὸν
1215 2415 1417 2451 ἐμφανισθῆναι
1438 2416 1478 2452 τῷ
1500 2417 1668 2453 ἀγωνοθέτῃ,
1702 2418 1831 2453 ἱδρῶσιν

1019 2458 1175 2494 ἀθλητικοῖς
1192 2460 1234 2487 ἔτι
1258 2463 1509 2499 ιϊιερισίαςόμενον⁸
1536 2464 1672 2500 μακάριον
1695 2465 1831 2501 ὀφθῆναι

1019 2505 1072 2532 τῶν
1088 2505 1198 2542 δρόμων
1214 2507 1262 2534 καὶ
1284 2508 1417 2544 καμάτων
1433 2510 1631 2546 ἀσθμαίνοντα.
1648 2510 1738 2538 Τοῦτο
1766 2512 1833 2539 τῶν

1018 2552 1160 2586 στεφάνων
1177 2552 1233 2587 ἐγώ
1249 2563 1320 2590 φημι
1337 2555 1556 2592 μακαριώτερον.
1569 2557 1606 2583 Τὸ
1619 2558 1668 2592 μὲν
1680 2558 1739 2593 γάρ
1759 2558 1833 2585 ἐστι

1018 2597 1066 2624 τοῦ
1083 2598 1228 2626 ἀθλοθέτου
1242 2621 1249 2633 ,
1275 2601 1305 2627 τὸ
1319 2601 1348 2627 δὲ
1367 2603 1417 2636 τῆς
1433 2603 1480 2629 τοῦ
1502 2603 1708 2639 ἀγωνιζομένου
1730 2613 1833 2631 σπου-

1017 2643 1065 2678 δῆς
1081 2644 1127 2670 καὶ
1143 2644 1356 2681 εὐδοκιμήσεως.
1375 2648 1420 2674 Ἐν
1439 2648 1507 2684 αὐτῇ
1521 2650 1594 2685 μέσῃ
1612 2651 1646 2686 τῇ
1661 2649 1718 2677 τῶν
1730 2649 1834 2684 διωγ-

1020 2689 1077 2725 μῶν
1101 2691 1189 2726 ἁκμῇ,
1209 2692 1278 2727 πρὸς
1300 2693 1346 2719 τὸν
1368 2693 1532 2729 στεφοδότην
1544 2695 1717 2730 ἀπέδραμεν.
1733 2696 1776 2722 Τί
1799 2696 1838 2722 δὲ

1019 2737 1160 2772 ἀπέραντα
1189 2738 1303 2773 κάμνειν
1330 2738 1442 2766 ἐδούλου
1458 2740 1504 2766 τὸν
1526 2741 1679 2776 ἀγωνιστὴν
1699 2741 1753 2768 καὶ
1791 2742 1838 2777 μὴ

1017 2780 1110 2817 τάχιον
1135 2784 1227 2818 τυχεῖν
1251 2784 1294 2819 ἐφ’
1319 2781 1341 2819 ᾧ
1374 2785 1462 2813 ταῦτα
1489 2786 1661 2822 διεκαρτέρει
1686 2787 1738 2814 καὶ
1771 2788 1840 2814 ὕπ-

1018 2829 1130 2864 έςρερενς
1143 2829 1264 2866 Ἑχθρῶν
1275 2832 1359 2867 εὐχήν
1371 2841 1416 2868 μοι
1429 2833 1530 2867 λέγεις⁷
1539 2833 1595 2860 ἀλλ’
1607 2833 1670 2869 οὐχὶ
1681 2835 1840 2870 πρόνοιαν

1018 2873 1123 2907 φίλων·
1151 2875 1213 2901 οὐδὲ
1239 2876 1336 2910 πόνον,
1365 2878 1426 2905 οὐδὲ
1455 2878 1540 2906 ἔλεον.
1574 2879 1685 2915 Ἐξῆλθε
1714 2880 1842 2907 κοινῶν

1017 2919 1150 2955 ὀμμάτων
1170 2920 1199 2947 τὸ
1214 2922 1304 2950 κοινὸν
1320 2923 1369 2958 τῆς
1388 2923 1550 2960 Ἐκκλησίας
1566 2925 1679 2961 τέκνον,
1697 2927 1712 2954 ὁ
1729 2927 1842 2961 καλξς
