1928 3097
152 126 206 158 849

724 123 993 156 EPISTOLARUM
1011 122 1128 153 LIBER
1147 122 1188 152 II.

1715 119 1770 153 850

152 185 216 218 ἐμοὶ
231 183 278 211 καὶ
291 183 338 211 τοῦ
352 183 420 211 Θεοῦ
433 183 574 220 ἄνθρωπος
583 192 589 200 ·
611 184 669 211 ἀλλ’
681 184 721 216 εἰς
731 183 862 219 οὐρανὸν,
878 182 934 210 ἀλλ’

987 189 1091 215 narras,
1105 189 1161 210 non
1174 180 1298 216 pavidam
1311 179 1463 208 amicorum
1472 186 1577 212 curam,
1595 186 1647 207 nec
1672 179 1772 207 tolera-

152 230 193 260 εἰς
207 229 252 256 τὸν
266 229 354 256 κοινὸν
377 230 527 264 Δεσπότην,
542 229 610 257 ἀλλὰ
625 229 683 265 μετ’
698 229 823 264 ἀγγέλων
839 227 936 263 χορεύ-

154 283 218 309 σων,
242 275 299 302 ἀλλ’
313 275 463 311 ίερουργός.
483 275 517 302 Ὢ
532 275 619 311 πόσην
632 271 710 310 εὖρον
727 276 755 301 ὲν
774 274 862 309 τούτῳ
882 282 937 301 πα-

154 319 296 355 ραψυχήνί
317 320 391 347 Ἔδει
414 320 478 356 γάρ,
501 319 555 346 ἔδει
579 319 626 346 καὶ
641 319 691 354 τὴν
709 319 787 354 ἡμῶν
809 319 937 354 ἀπαρχὴν

155 365 225 401 ὑπὲρ
245 365 320 401 ίερᾶς
336 365 432 400 δόξης,
456 365 503 392 καὶ
526 365 617 403 νόμων
645 365 725 400 ιερῶν
746 365 935 400 διωκομένων,

155 411 299 448 ίερουργδν
315 411 375 447 Θεῷ
399 411 618 447 προσταχθῆναι·
638 411 788 447 ιερουργὸς,
812 411 938 446 ἐμφράτ-

153 465 207 482 των
222 455 292 491 μετά
301 455 422 488 πλείονος
432 457 482 491 τῆς
497 455 654 492 παρρησίας
670 456 791 491 στόματα
805 455 935 491 βεόἠλων,

154 502 202 528 καὶ
223 501 340 537 χαλινῶν
353 502 479 536 γλώσσας
493 502 560 529 κενά
580 502 764 537 ἐπισταμένας
777 509 791 522 ι
805 509 812 517 ·
832 502 937 537 ίερουρ-

153 547 212 582 γὸς,
228 547 280 574 κᾶν
304 547 386 584 μὴτὸ
401 548 509 583 ἀνίερον
527 547 656 583 βούλοιτο.
673 548 706 574 Τί
731 547 788 581 έτι;
810 547 937 582 Ἐπήνθει

154 593 228 629 αὐτῷ
244 593 278 620 τὰ
292 594 340 629 τῆς
354 594 456 629 ἀρετῆς
480 595 588 621 ἅπαντα
598 602 604 609 ·
620 594 665 621 διὰ
680 594 757 621 τοῦτο
771 594 825 629 γὰρ
840 594 937 621 θᾶττον

153 640 194 671 εἰς
223 639 273 674 τὴν
304 640 461 676 ἀμάραντον
485 640 669 676 ἀπεφοίτησεν
696 639 743 667 τοῦ
772 640 936 676 παραδείσου

152 685 303 720 πολιτείαν,
321 686 364 713 ἵνα
379 687 462 722 μηδὲν
473 686 546 721 αὐτῷ
560 687 614 713 τῶν
630 685 856 722 κατορθωθέντων
869 687 937 713 ἀπο-

153 734 290 768 μαρανθῇ.
309 734 340 759 Et
365 733 419 768 γὰρ
435 733 521 764 οὐδεὶς
546 732 600 760 ἀπὸ
623 732 711 768 ῥύπου
734 732 865 767 καθαρὸς,
882 731 937 758 οὐδ’

152 778 185 806 ἂν
199 778 289 813 ἡμέρα
305 779 353 814 μία
364 780 378 805 ὁ
391 779 446 814 βίος
461 779 554 811 αὑτοῦ,
571 779 585 805 ό
599 778 695 806 θᾶττον
708 778 754 804 τὸν
768 778 874 805 δίαυλον
888 778 936 805 τοῦ

151 823 218 863 βίου.
226 820 352 857 ἐξελθὼν,
367 825 398 851 τὸ
416 824 541 851 πλεῖστον
556 824 625 860 ἔφθη
637 824 684 851 τοῦ
696 823 782 860 ῥύπου
797 824 936 859 ἐκφυγών.

151 871 248 897 Κοινὸν
261 869 295 906 ἦν
304 870 358 898 τῶν
373 870 557 898 εὐσεϐούντων
572 871 711 906 στήριγμα
723 879 729 886 ·
744 870 826 897 καλὸν
844 870 935 902 αὐτοῖς

150 915 315 943 ἀπολέλοιπε
326 917 427 943 κανόνα
440 917 487 943 καὶ
503 916 589 943 τύπον
603 918 633 942 ὲν
644 917 701 948 τοῖς
713 916 782 951 ὑπὲρ
795 915 935 948 εὐσεϐείας

149 962 242 993 πόνοις
251 962 281 988 τὺ
290 962 338 997 ζῇν
350 962 480 989 ἐκλιπών.
493 962 551 989 υὺκ
560 959 630 988 εἶδεν
641 962 690 997 τὴν
696 961 746 993 τῆς
761 961 933 997 Ἑκκλησίας,

149 1008 220 1043 ὑπὲρ
240 1005 274 1044 ἦς
295 1008 416 1044 ὲνήθλει,
432 1009 673 1036 ἀποκατάστασιν⁹
700 1008 744 1035 διὰ
767 1007 847 1034 τοῦτο
871 1008 935 1034 ἀκε-

149 1053 243 1088 ραίους
258 1055 363 1081 ἐκεῖθεν
380 1054 437 1090 ἔχει
447 1055 502 1082 τῶν
516 1056 606 1082 πόνων
620 1055 684 1086 τοὺς
697 1053 820 1090 μισθούς.
831 1053 869 1080 Τὸ
880 1054 934 1089 γὰρ

148 1099 206 1126 ἀνθ’
219 1096 256 1127 ὧν
267 1100 430 1134 ἀγωνίζεται
441 1109 495 1133 τις,
510 1100 681 1136 εὐφροσύνης
699 1099 815 1126 ἐνταῦθα
832 1100 933 1134 τυχεῖν,

147 1145 330 1180 ὑποτέμνεται
340 1146 390 1181 τῆς
401 1146 505 1172 ἐκεῖθεν
521 1147 723 1182 μακαριότητος
736 1145 786 1177 τὰς
806 1145 933 1181 ἀμοιϐάς.

148 1191 206 1218 Οὐκ
220 1188 275 1217 εἶδε
290 1191 340 1227 τὴν
363 1192 586 1219 ἀποκατάστασιν
614 1191 754 1227 αἰσθητοῖς
772 1191 934 1227 ὀφθαλμοῖς,

148 1238 205 1264 ἀλλ’
222 1239 272 1273 ὁρᾷ
287 1238 345 1265 νυνὶ
359 1240 416 1269 τοῖς
434 1240 553 1274 νοητοῖς⁸
583 1238 640 1266 ἀλλ’
661 1239 727 1271 ῐσως
742 1238 934 1274 πλησιαίτερον

147 1283 267 1316 γεγονὼς
283 1283 351 1310 Θεοῦ
362 1305 369 1316 ,
385 1284 499 1320 ταύτην,
516 1285 573 1316 τοῖς
597 1285 626 1310 ὲν
642 1283 767 1318 αἰσθήσει
784 1283 935 1319 στρεφομέ-

148 1337 214 1362 νοις,
231 1330 270 1356 ἔτι
288 1329 320 1356 ἂν
345 1329 399 1365 ἄρα
422 1329 560 1365 συμφέρον
576 1330 741 1365 ὲπιταχυνεῖ.
759 1329 836 1364 Ἔχει
849 1329 935 1364 τάφος

147 1375 178 1401 τὸ
197 1375 293 1410 σῶμα,
320 1375 378 1402 ἀλλ’
395 1375 516 1414 οὐράνιοι
537 1376 653 1411 θάλαμοι
672 1376 723 1410 τὴν
739 1375 846 1411 ψυχήν·
864 1376 881 1410 ἡ
899 1375 935 1411 γῆ

147 1420 196 1455 τὴν
209 1421 294 1454 κόνιν,
308 1421 364 1448 ἀλλ’
384 1421 556 1457 Ἀδραμιαῖοι
570 1422 664 1448 κόλποι
676 1422 707 1448 τὸ
718 1421 836 1457 πνεῦμα.
849 1421 935 1448 Φίλων

149 1467 294 1502 ἐστερήθη,
313 1467 370 1494 ἀλλ’
387 1464 450 1502 εὗρε
465 1468 528 1499 τοὺς
541 1468 699 1503 κρείττους·
717 1468 829 1503 εὑρήσει
845 1467 874 1494 δὲ
889 1467 935 1494 καὶ

149 1512 196 1544 οὓς
212 1512 288 1539 ἔλιπε
315 1513 373 1548 μετ’
398 1514 499 1547 ὀλίγον,
515 1513 548 1540 ἂν
570 1513 609 1548 τῷ
627 1511 696 1540 εἶναι
719 1513 847 1549 μείνωσιν
865 1514 935 1548 φίλοι

149 1558 228 1586 Θεοῦ.
258 1559 380 1594 Ἑχθρῶν
404 1560 515 1594 ἐξῆλθεν
539 1560 685 1591 ἐπιϐουλὰς
700 1560 848 1595 αἰσθητῶν,
870 1569 935 1595 νοη-

149 1604 214 1637 τῶν,
232 1604 363 1640 φανερὰς,
389 1605 518 1639 ὑφάλους,
541 1605 651 1638 ἔξωθεν,
678 1604 762 1636 ἔνδον,
786 1604 871 1636 ἀῖδεῑς
890 1604 936 1630 ὑπ’

149 1650 256 1686 ἐνέδρᾳ.
275 1647 368 1682 Εἷδεν,
391 1651 415 1677 εί
442 1650 489 1677 καὶ
513 1650 551 1682 ὡς
567 1651 597 1677 έν
619 1650 745 1686 ἐσόπτρῳ
763 1649 860 1686 (τοῦτο
881 1650 936 1685 γὰρ

149 1697 238 1730 ἔγωγε
250 1696 280 1722 τὸ
294 1697 322 1722 ὲν
335 1697 391 1728 τοῖς
401 1696 582 1731 θεοπέμπτοις
595 1695 710 1731 ὀνείροις
722 1696 788 1732 ὁρῶ)
801 1696 819 1722 ἂ
830 1696 934 1728 ἐπόθει,

152 1741 198 1767 καὶ
218 1737 256 1767 ὧν
287 1741 466 1773 ἀδιαλείπτως
487 1741 624 1776 ἐγλίχετο·
642 1739 683 1773 οἷς
699 1741 748 1776 τὴν
773 1742 864 1776 ψυχὴν
888 1741 936 1768 ἀν-

151 1786 305 1820 επτέρωτο,
331 1787 378 1812 καὶ
400 1786 469 1821 πρὸς
484 1786 502 1813 ἃ.
518 1787 566 1812 καὶ
579 1785 618 1820 τῷ
634 1787 727 1821 σκήνει
753 1785 936 1820 βαρυνόμενος

150 1831 305 1867 ἀνεφέρετο.
328 1830 404 1858 Εἷδεν
428 1832 473 1858 τὸν
501 1831 635 1859 καλοῦντα
650 1832 781 1864 Βασιλέα,
798 1832 861 1863 τοὺς
882 1832 935 1858 ὐπ-

151 1877 349 1912 ηρετουμένους
363 1878 492 1913 φαιδροὺς
505 1877 638 1911 ἀγγέλους
651 1879 684 1912 τῇ
694 1877 799 1911 κλήσει,
811 1877 856 1903 τὸν
865 1877 936 1912 ἱερὸν

150 1924 254 1949 ἐκεῖνον
280 1923 327 1949 καὶ
352 1923 479 1958 βεϐήλοις
500 1922 637 1956 ἄψαυστον
660 1923 707 1950 καὶ
728 1923 851 1955 ἀθέατον,
871 1920 936 1957 ἐνῷ

150 1968 348 2003 παρεπέμπετο
366 1969 445 2005 χορὸν
463 1972 514 2004 τήν
530 1969 668 2004 ἁφραστον
681 1969 789 2003 ἐκείνην
802 1969 850 1995 καὶ
871 1970 933 1996 ἀτε-

149 2011 279 2047 λεύτητον
293 2013 370 2045 δόξαν
385 2014 432 2040 καὶ
445 2014 563 2048 τρυφήν.
581 2014 612 2039 Ὢ
627 2013 762 2047 γλυκείων
775 2015 934 2047 ἀπόλαυσις,

149 2059 197 2084 καὶ
222 2058 276 2094 πρὸ
298 2059 347 2094 τῆς
370 2058 555 2090 ἀπολαύσεως,
573 2058 736 2094 θεαμάτων
753 2059 775 2085 ῶ
797 2061 935 2095 μακαρίας

149 2104 318 2139 ἀποδημίας“
332 2104 355 2131 ὣ
371 2105 449 2138 ἀξίας
463 2105 651 2139 θαυμάζεσθαι
664 2113 672 2121 ⁸
686 2105 743 2132 ἀλλ’
753 2106 814 2141 οὐχὶ
830 2106 935 2142 δάκρυα

150 2149 347 2183 προκαλεῖσθαι
374 2150 536 2185 ζηλοῦσθαι,
567 2151 628 2186 οὐχὶ
656 2151 831 2178 πενθεῖσθαι·
867 2152 935 2187 μετά

988 234 1079 257 torum
1093 227 1371 256 commiserationem.
1388 227 1431 254 ’Ab
1447 226 1535 254 oculis
1554 226 1679 254 omnium
1706 225 1772 256 abiit

988 274 1115 310 publicus
1129 273 1259 301 Ecclesiae
1286 273 1357 300 ﬁlius
1370 282 1377 300 :
1388 272 1534 308 praeclarus
1547 272 1592 299 ille
1603 271 1662 305 Dei,
1681 275 1709 299 et
1721 279 1772 299 no-

988 326 1046 350 ster
1065 322 1147 350 homo
1167 330 1173 348 :
1194 320 1241 349 sed
1255 321 1284 348 in
1294 321 1388 353 caelos,
1402 320 1437 348 ad
1445 327 1616 349 communem
1627 319 1772 347 Dominum

988 368 1064 401 abiit,
1076 367 1123 395 sed
1136 367 1235 395 choros
1255 374 1317 394 eum
1335 366 1439 401 angelis
1457 366 1707 397 coneelebraturus,
1724 365 1778 393 sed

987 414 1124 442 sacerdos.
1147 413 1202 448 Ego
1221 417 1313 440 autem
1335 418 1468 447 quantum
1483 412 1511 439 in
1528 412 1582 439 hoc
1607 418 1663 438 uno
1683 410 1772 438 solatii

987 460 1133 488 adinvenil
1149 459 1189 487 ita
1207 459 1280 487 enim
1297 466 1346 494 par
1358 458 1408 486 fuit
1424 463 1454 486 ut
1470 458 1596 485 sacerdos
1616 457 1672 485 Deo
1688 457 1774 484 offer-

988 511 1073 540 retur,
1094 506 1277 542 primitiarum
1298 504 1369 537 loco,
1384 504 1483 532 divinis
1491 503 1607 539 legibus,
1632 503 1691 538 Spro
1723 501 1772 529 Dei

987 553 1072 588 gloria
1092 560 1186 588 passus
1214 552 1431 588 persecutionem
1451 560 1458 579 :
1479 551 1604 579 sacerdos
1630 555 1722 578 autem
1738 550 1774 582 is.

986 599 1034 634 qui
1048 606 1110 626 cum
1134 599 1219 625 multa
1234 598 1358 626 libertate
1370 597 1492 633 profanis
1505 596 1659 624 hominibus
1676 603 1707 623 os
1723 595 1773 624 ob-

987 649 1093 673 struere
1106 648 1205 680 potest,
1221 648 1250 671 et
1265 644 1373 671 frenum
1389 643 1501 678 injicere
1524 643 1623 678 linguis
1637 642 1773 670 meditan-

988 691 1055 718 tium
1074 698 1142 718 vana
1158 699 1165 717 :
1181 690 1318 722 sacerdos,
1341 689 1427 717 velint
1443 689 1532 716 nolint
1555 688 1673 723 profani.
1703 688 1774 721 Quid

989 736 1118 764 ulterius?
1137 735 1240 763 Virtute
1268 735 1383 763 ﬂorebat
1398 735 1528 770 undique.
1539 734 1672 767 Quocirca
1693 734 1774 761 citius

987 783 1052 810 hinc
1069 782 1152 810 abivit
1175 782 1209 809 ad
1234 781 1489 809 immarcescibilem
1511 779 1628 816 paradisi
1640 779 1773 814 politiam,

988 832 1017 855 ut
1027 835 1062 855 ne
1079 827 1145 862 quid
1160 827 1225 854 illia
1238 827 1320 854 rectis
1334 826 1414 854 factis
1430 826 1622 854 deﬂoresceret
1637 835 1644 853 :
1657 825 1681 853 si
1700 824 1774 852 enim

987 874 1077 901 denuo
1092 873 1128 901 sit
1141 881 1156 900 a
1166 873 1293 901 sordibus
1305 880 1400 907 purus,
1420 880 1455 900 ne
1472 872 1581 907 quidem
1595 871 1617 898 si
1632 871 1674 898 vel
1693 871 1774 898 unius

985 918 1039 946 diei
1053 918 1170 953 spatium
1181 917 1314 949 vinceret,
1329 922 1403 945 certe
1415 917 1462 952 qui
1476 917 1596 944 diuulum
1613 916 1675 944 vitae
1691 924 1775 951 quan-

985 964 1072 991 tocius
1086 963 1212 995 exccssit,
1229 963 1361 998 plurimas
1374 963 1420 991 ille
1434 964 1529 990 sordes
1546 962 1641 989 abluit.
1662 962 1775 991 Pietatis

984 1014 1043 1037 erat
1066 1017 1211 1037 commune
1236 1009 1373 1044 quoddam
1400 1009 1638 1037 stabilimentum:
1660 1008 1774 1044 praecla-

984 1064 1042 1084 rum
1054 1056 1118 1091 ipsis
1127 1056 1257 1091 regulam.
1271 1059 1299 1083 et
1309 1055 1422 1083 formam
1435 1055 1555 1090 reliquit,
1565 1055 1612 1090 qui
1629 1055 1655 1081 in
1671 1055 1776 1090 patien—

984 1103 1020 1130 do
1037 1110 1087 1137 pro
1104 1102 1204 1137 pietate
1218 1103 1334 1130 excessit
1352 1110 1368 1130 e
1397 1101 1463 1129 vita.
1483 1101 1611 1129 Ecclesiae
1627 1100 1710 1133 illius,
1726 1109 1775 1135 pro

984 1155 1038 1184 qua
1048 1147 1171 1180 certavit,
1184 1147 1382 1175 restitutionem
1396 1155 1451 1174 non
1464 1147 1531 1174 vidit
1546 1155 1554 1173 :
1569 1147 1707 1181 quocirca,
1724 1148 1774 1174 im-

984 1191 1142 1227 permislam
1169 1191 1292 1219 laborum
1327 1191 1481 1219 mercedem
1513 1191 1540 1218 in
1577 1191 1654 1218 cmlis
1681 1189 1772 1218 habet.

985 1238 1052 1265 Nam
1073 1238 1096 1265 si
1124 1238 1355 1266 oblectamentum
1384 1237 1508 1264 laborum
1537 1236 1581 1264 hic
1602 1242 1774 1272 perceperat.

984 1284 1139 1320 privaretur
1152 1283 1328 1312 beatitudinis
1342 1283 1442 1311 ibidem
1458 1282 1638 1310 retributione
1659 1292 1665 1310 :
1689 1283 1776 1310 oculis

985 1330 1124 1358 sensitivis
1139 1329 1364 1357 restaurationem
1374 1336 1430 1356 non
1448 1328 1516 1355 vidit
1532 1337 1538 1355 :
1556 1328 1604 1355 sed
1620 1328 1775 1355 intellectus

985 1376 1073 1404 oculis
1085 1383 1158 1403 nunc
1170 1375 1308 1408 intuetur;
1336 1380 1429 1410 utpote
1453 1374 1510 1402 Deo
1541 1374 1657 1402 vicinior
1675 1374 1773 1406 factus,

986 1431 1020 1450 eo
1029 1429 1177 1458 properare
1189 1426 1218 1449 et
1235 1421 1289 1449 illis
1302 1421 1448 1453 conducet,
1465 1420 1511 1455 qui
1526 1421 1617 1448 adhuc
1631 1424 1775 1448 versantur

986 1468 1013 1495 in
1034 1467 1218 1496 scnsibilibus.
1235 1466 1342 1502 Corpus
1369 1466 1524 1501 sepulcrum
1541 1466 1673 1500 continet,
1687 1466 1775 1494 thala-

987 1515 1023 1541 mi
1037 1519 1127 1542 autem
1146 1513 1272 1541 cmlestes
1285 1513 1415 1545 animam,
1432 1513 1570 1548 pulverem
1590 1512 1674 1540 habet
1693 1517 1774 1545 terra,

987 1560 1111 1595 spiritum
1127 1568 1191 1588 vero
1207 1560 1286 1587 sinus
1309 1559 1425 1586 Abrahae
1442 1567 1449 1585 :
1475 1559 1634 1593 privabatur
1668 1558 1774 1590 amicis,

987 1606 1088 1641 reperit
1104 1607 1239 1638 meliores,
1262 1611 1290 1633 et
1309 1613 1378 1641 quos
1407 1605 1561 1640 dereliquit.
1576 1605 1648 1632 haud
1661 1604 1708 1631 diu
1722 1604 1776 1632 erit

986 1660 1048 1680 cum
1070 1661 1166 1680 rursus
1187 1653 1317 1684 inveniet,
1332 1652 1355 1679 si
1384 1651 1595 1686 permanserint,
1623 1655 1694 1678 statu
1709 1658 1775 1685 quo,

986 1698 1066 1725 amici
1077 1698 1125 1725 Dei
1150 1705 1156 1724 :
1172 1698 1292 1724 hostium
1307 1696 1420 1724 insidias
1430 1696 1516 1725 evasit
1535 1696 1716 1728 sensibilium,
1733 1696 1774 1723 in-

987 1743 1194 1776 tclleetualium,
1209 1747 1328 1778 apertas,
1345 1742 1476 1775 oceultas,
1489 1743 1622 1775 internas,
1636 1747 1774 1773 externas.

987 1788 1144 1816 manifestas
1162 1793 1190 1815 et
1203 1788 1389 1815 clancularius.
1405 1787 1479 1815 Vidit
1498 1788 1552 1819 hie,
1568 1787 1616 1814 sed
1628 1791 1657 1814 ut
1669 1787 1698 1814 in
1714 1794 1776 1822 spe-

987 1834 1047 1860 eulo
1061 1833 1145 1868 (quod
1156 1838 1183 1860 et
1197 1841 1246 1868 ego
1257 1840 1306 1867 per
1315 1833 1420 1860 somnia
1432 1840 1447 1859 a
1462 1833 1520 1859 Deo
1535 1832 1657 1859 immissa
1670 1832 1773 1866 video),

986 1885 1048 1912 qua:
1067 1877 1204 1912 cupiebat,
1231 1881 1259 1903 et
1285 1877 1416 1904 continue
1426 1876 1583 1909 anhelabat,
1600 1876 1699 1911 quibus
1714 1877 1774 1903 ani.

988 1930 1039 1950 mze
1055 1922 1129 1949 dedit
1142 1922 1208 1954 aias,
1222 1922 1255 1949 ad
1269 1930 1329 1957 quae
1344 1922 1406 1949 licet
1426 1921 1602 1949 tabernaculo
1620 1929 1775 1957 praegrava-

987 1973 1031 1995 tus
1056 1967 1205 1994 ferebatur.
1233 1966 1307 1995 Vidit
1325 1968 1426 2003 Regem
1458 1971 1637 1998 annuentem,
1663 1967 1776 2003 angelos

986 2014 1108 2041 claritate
1119 2013 1282 2048 conspicuos
1296 2013 1472 2041 administros
1487 2013 1649 2047 vocationis,
1665 2021 1773 2041 sacrum

987 2059 1072 2091 illum,
1086 2059 1209 2094 profanis
1219 2059 1360 2091 intactum,
1373 2063 1400 2087 et
1410 2059 1573 2087 invisibilcm
1584 2054 1685 2092 locum,
1703 2060 1778 2087 inex-

986 2105 1137 2140 plicabilem
1146 2105 1257 2141 gloriam
1271 2109 1299 2132 et
1309 2105 1518 2133 oblectationem
1532 2105 1773 2137 interminabilem.

985 2159 1040 2186 quo
1053 2151 1276 2178 transferebatur.
1298 2152 1361 2179 llaec
1385 2156 1428 2178 est
1442 2148 1596 2179 dulcedinis
1624 2151 1729 2184 fruitio,
1746 2155 1775 2179 et

149 2195 284 2230 λαμπρῶν
307 2197 441 2231 ἐνταφίωυ
468 2197 522 2224 τῶν
545 2197 678 2232 οὐρανίων
706 2197 789 2233 ἀνέϐη
817 2193 928 2224 πυλῶν·

986 2198 1095 2225 visionis
1107 2198 1180 2224 illius
1192 2202 1255 2224 ante
1268 2197 1423 2224 fruitionem
1437 2206 1444 2224 :
1463 2201 1547 2228 certe,
1564 2204 1693 2224 excessus
1706 2196 1769 2224 felix

151 2241 222 2276 μετὰ
244 2241 373 2276 λαμπρᾶς
387 2242 435 2277 τῆς
456 2242 596 2278 λαμπάδος
609 2244 659 2270 οὐκ
673 2243 754 2279 ὲλαίῳ
775 2245 849 2280 μόνῳ
868 2254 931 2280 φαι-

149 2286 327 2321 δρυνομένης,
344 2286 413 2313 ἀλλὰ
434 2286 481 2313 καὶ
507 2289 562 2320 τοῖς
578 2289 632 2314 ἀπὸ
644 2288 697 2315 τῶν
712 2289 800 2316 ἄθλων
824 2291 933 2326 ἱδρῶσιν

149 2332 350 2367 ἀρδευομένης·
368 2332 399 2358 οὐ
425 2333 576 2369 παρθενείᾳ
601 2334 667 2370 μόνῃ
688 2334 931 2371 λαμπρυνομένης,

148 2378 217 2404 ἀλλά
244 2378 292 2404 καὶ
314 2377 464 2413 ἱερωσύνης
486 2378 621 2414 ἀξιώματι
650 2380 846 2416 κλεῖζομένης·
872 2382 934 2408 οὐδὲ

148 2423 253 2454 τούτοις
274 2423 364 2457 μόνον,
382 2423 450 2450 ἀλλὰ
465 2425 511 2451 καὶ
525 2426 584 2457 ταῖς
599 2425 694 2458 ἄλλαις
712 2427 824 2461 ἀρεταῖς
839 2427 871 2454 δι’
891 2424 930 2454 ὧν

148 2469 179 2495 τὸ
193 2469 303 2504 δαψιλὲς
318 2471 365 2496 καὶ
392 2471 505 2498 ἀένναον
524 2471 573 2506 τῆς
592 2472 762 2507 φωτοχυσίας
785 2472 934 2499 κατεπλου-

147 2515 238 2550 τὶσθη.
254 2516 347 2543 Ταῦτά
372 2525 417 2551 μοι
432 2517 527 2551 γέγονε
541 2517 721 2553 ψυχαγωγία,
737 2520 824 2547 ταῦτα
845 2529 934 2556 παρα-

151 2561 262 2596 μύθιον,
279 2563 381 2597 μᾶλλον
395 2563 424 2590 δὲ
442 2564 497 2590 ἀπὸ
512 2565 561 2599 τῆς
579 2564 756 2600 παραμυθίας
782 2564 934 2600 ἀρξάμενα,

148 2608 190 2640 εἰς
207 2610 395 2644 πνευματικὴν
411 2610 578 2645 μετέστησεν
598 2610 767 2646 εὐφροσύνην
786 2611 833 2638 καὶ
848 2611 932 2645 ἀγαλ-

148 2653 249 2681 λίασιν.
274 2655 365 2682 Ταῦτα
392 2655 440 2682 καὶ
467 2657 500 2691 τῇ
527 2657 560 2692 σῇ
585 2657 765 2692 ἀρχιερατικῇ
785 2657 933 2691 τελειότητι

148 2700 267 2736 γινέσθω
293 2702 341 2728 καὶ
356 2703 530 2738 παραμυθία,
549 2704 595 2731 καὶ
621 2704 708 2740 χαρᾶς
726 2704 773 2731 καὶ
800 2704 934 2740 θυμηδίας

982 2248 1008 2271 ct
1022 2244 1206 2275 admirandus,
1218 2250 1274 2270 non
1283 2242 1406 2278 laerymis
1414 2242 1593 2274 decorandus,
1607 2242 1654 2270 sed
1663 2242 1774 2270 aemula-

984 2290 1057 2317 tione
1071 2288 1234 2323 operandus,
1249 2295 1303 2315 non
1315 2287 1458 2323 lugendus.
1478 2287 1580 2314 lliustri
1590 2288 1670 2314 modo
1683 2291 1776 2315 tumu-

983 2336 1054 2362 latus
1083 2335 1209 2362 coelcstes
1228 2334 1308 2361 sedes
1324 2332 1456 2364 ascendit,
1468 2341 1530 2360 cum
1543 2333 1668 2368 lampade
1692 2334 1774 2367 clara,

984 2389 1039 2408 non
1050 2381 1110 2408 oleo
1120 2385 1226 2407 tantum
1235 2379 1395 2412 illiuninata,
1407 2378 1453 2406 scd
1462 2379 1619 2406 certaminis
1630 2379 1777 2406 sudoribus

984 2427 1134 2458 dililuentc,
1147 2434 1201 2453 non
1232 2426 1289 2453 sola
1301 2425 1456 2460 virginitate
1470 2426 1587 2458 exculta,
1615 2425 1663 2453 sed
1683 2433 1776 2453 sacer-

983 2472 1065 2500 dotali
1079 2471 1209 2507 dignitate
1216 2478 1324 2506 quoque
1334 2470 1431 2498 diﬂ'usa
1441 2478 1511 2503 ;.nee
1525 2471 1585 2498 istis
1599 2471 1674 2501 solis.
1691 2471 1739 2499 sed
1749 2476 1776 2499 et

984 2518 1043 2546 aliis
1054 2518 1199 2545 virtutibus
1213 2517 1284 2545 unde
1295 2516 1468 2544 abundantia
1484 2517 1614 2552 perennis
1629 2517 1719 2544 eti'uso
1733 2517 1775 2544 lu—

985 2565 1058 2592 mine
1073 2564 1199 2592 dilatatur
1214 2573 1220 2591 ε
1237 2564 1294 2591 hzec
1309 2568 1372 2591 sunt
1387 2563 1445 2595 illa.
1461 2571 1522 2598 quae
1538 2563 1659 2591 animum
1682 2571 1774 2591 meum

988 2611 1113 2638 reﬁciunt
1130 2619 1137 2643 ;
1153 2611 1211 2638 haec
1226 2618 1287 2645 qua:
1308 2609 1485 2637 consolantur
1499 2619 1506 2637 :
1534 2610 1589 2637 imo
1608 2609 1699 2645 potius
1711 2609 1776 2636 hine

989 2657 1068 2685 initio
1081 2657 1275 2685 consolationis
1288 2656 1422 2689 derivato,
1437 2657 1470 2684 ad
1484 2657 1651 2692 spiritualem
1668 2655 1774 2682 refere-

989 2704 1069 2732 batur
1081 2703 1291 2733 oblcctationem
1301 2703 1556 2740 cxaltationemquc.
1570 2702 1633 2731 llaec
1646 2706 1675 2730 et
1700 2705 1779 2730 tuam-

794 2781 909 2810 VAllL-E
921 2781 1122 2810 LECTIONES.

187 2833 203 2850 ι
214 2830 259 2860 to.
272 2832 398 2868 μελετᾷν.
