1928 3097
173 118 223 152 851
738 117 868 149 PHOTII
887 112 1138 149 PATRIARCHIE
1159 120 1213 150 CP.
1741 124 1792 156 852

173 175 430 211 archiepiscopalem
449 174 644 211 perfectionem
672 173 794 201 solemur
816 183 823 201 :
842 174 901 202 haec
929 174 934 201 i

1029 173 1146 206 πύθεσις,
1161 174 1216 210 ὅσῳ
1234 174 1281 201 καὶ
1299 175 1398 209 μᾶλλον
1418 176 1459 207 είς
1476 175 1525 212 τὴν
1547 176 1595 213 σὴν
1610 177 1705 213 ἀνήκει
1720 178 1790 205 ειδιι-

174 220 265 256 gaudii
271 224 297 248 et
304 220 495 248 consolationis
502 223 690 255 argumentum
697 218 804 252 cedant,
814 225 901 252 eoque
907 225 935 244 m;

1030 219 1125 246 καλίαν
1145 220 1194 247 καὶ
1216 219 1349 256 σπουδὴν,
1374 222 1409 248 τὰ
1427 221 1474 248 τοῦ
1490 223 1672 258 μεταστάντος
1696 233 1791 260 κατορ-

175 265 215 301 ιςίε
233 266 305 300 quod
319 270 371 293 tua:
378 265 528 301 disciplinae
539 272 611 292 curae
625 260 960 292 etinstructionitranslati
1011 265 1134 301 θώματα.

177 311 244 342 hinc
259 311 331 338 illius
342 319 386 339 res
401 311 529 346 praeclare
543 310 606 338 olim
620 314 701 345 gestae
720 309 819 337 ascribi
832 309 958 336 debeant.

448 355 556 383 EPIST.
576 355 684 382 XXXV.

1300 354 1411 384 ΕΠΙΣΤ.
1434 356 1495 385 AE’.

311 400 482 429 Euschemom'
499 402 625 429 Cwsareaz
640 401 840 436 archiepiscopo.

1090 400 1265 435 Εὐσχήμονι
1284 401 1508 436 ἁρχιεπισκόπῳ
1524 404 1710 439 Καισαρείας.

785 455 920 480 Montacut.
936 455 988 487 (ep.
1004 453 1059 484 202,
1072 459 1096 484 p.
1108 452 1175 483 299).

209 506 334 542 Suscepit
356 507 466 542 quidam
489 508 660 543 prophetam,
681 511 728 535 aut
747 507 884 542 iustorum
906 506 954 534 ali-

1048 505 1172 538 Ἐδέξατό
1184 513 1226 537 τις
1242 506 1396 542 προφήτην,
1412 506 1429 542 ἢ
1443 506 1511 538 ὅλως
1525 507 1586 534 τινὰ
1599 508 1654 536 τῶν
1666 509 1787 543 δικαίων,

172 559 264 587 quem,
277 559 310 579 eo
324 552 397 586 quod
426 553 525 580 multos
537 553 613 579 illum
638 551 808 579 admirationi
823 551 933 578 habentt

1027 559 1047 577 ct
1067 550 1183 583 πολλοὺς
1199 549 1253 578 εἶδε
1275 551 1320 578 τὸν
1335 552 1420 588 ἄνδρα
1437 552 1635 588 θαυμάζοντας,
1654 555 1788 588 καὶδόξαν

172 597 309 629 observat,
320 596 365 631 qui
381 603 413 623 ex
429 597 474 623 illa
488 604 536 623 sua
552 596 747 628 admiratione,
768 595 884 631 gloriam
900 602 933 622 no

1027 596 1037 622 5
1064 596 1164 632 μικρὰν
1189 596 1222 624 ἐκ
1242 597 1289 624 τοῦ
1312 597 1452 632 θαυμάσαι
1469 598 1653 634 θηράσαντας.
1680 599 1788 635 Ἕτερος

171 641 336 669 mediocrem
351 641 528 669 venabantur.
543 641 619 669 Alius
642 649 719 676 spem
740 641 870 675 concipit,
882 648 932 675 quc

1026 644 1088 671 ‘ﬂtv
1103 644 1214 676 ἐλπίδας
1229 644 1347 679 τρέφων,
1362 643 1399 675 ὡς
1412 644 1444 670 ὲκ
1464 643 1513 678 τῆς
1527 644 1660 679 ὑποδοχῆς
1675 644 1787 671 πλούτου

171 687 245 714 etali
272 687 455 722 susceptione,
480 686 580 714 eximia
604 686 758 714 divitiarum
787 686 932 713 aﬂluentim

1029 689 1195 725 εριΰαλεῖται
1209 689 1399 725 λαμπρότητα,
1415 689 1432 724 ἧ
1446 697 1518 721 τινος
1530 689 1612 724 ἄλλης
1633 690 1787 725 σωματικῆς

171 735 249 769 copia
265 734 415 762 abundabit
434 734 498 762 :vel
512 738 613 761 statum
625 734 743 768 aliquem
765 733 868 760 bonum
893 740 932 760 c0I

1028 734 1155 766 Βπαθείας
1183 733 1366 767 ὲπιτεύξεται.
1384 734 1478 765 Οὐδεὶς
1495 734 1621 769 οὐδαμῶς
1644 735 1699 761 τῶν
1715 736 1789 771 εἰρη-

170 780 292 816 poralem
304 781 550 815 consequetur..At
565 787 647 807 nemo
663 780 745 815 plane
764 779 891 810 istorum,
911 787 931 805 vi

1028 780 1095 807 ἐνων
1109 780 1171 806 οὐτε
1187 779 1341 813 προφήτου
1358 779 1484 813 μισθὸν,
1499 778 1562 805 οὔτε
1579 781 1659 813 τινὸς
1673 780 1788 807 δικαίου

169 826 302 860 propheta:
318 827 461 852 mercedem
476 829 669 860 consequetur,
685 825 727 852 vel
738 825 805 859 justi
818 825 868 851 viri
880 828 930 851 retr

1027 825 1146 859 ήψεται.
1164 824 1214 855 Τίς
1227 824 1255 850 δὲ
1271 823 1402 859 λήψεταις
1425 823 1453 851 '0
1468 823 1501 851 δι’
1513 824 1579 851 αὐτὸ
1594 825 1624 851 τὸ
1637 823 1705 853 εἶναι
1719 834 1785 861 προ-

169 871 311 899 butionem.
326 871 393 904 Quis
404 875 493 898 autem
511 875 673 906 recepturus
687 878 747 898 eam
764 870 826 898 est?
838 869 863 897 Is
874 870 929 896 nim

1028 871 1093 907 ήτην
1109 870 1156 897 καὶ
1171 870 1238 897 Θεοῦ
1261 870 1430 905 θεράποντα·
1446 869 1544 906 (τοῦτο
1561 871 1615 905 γάρ
1633 871 1714 903 ἐστιν,
1738 872 1789 904 Εὶς

169 924 242 949 rum,
257 917 314 952 qui,
327 917 399 952 quod
414 917 462 944 Dei
471 924 576 949 servus,
589 916 758 951 etpropheta
771 916 832 951 quis
843 916 930 943 exsist

1027 924 1099 951 νομα
1119 915 1284 950 προφήτου.
1309 915 1357 942 καὶ
1374 916 1418 948 εὶς
1440 915 1534 949 ὄνομα
1556 915 1703 950 δικαισυ·)
1722 916 1788 943 ἀλλὰ

169 962 235 996 (hoc
247 963 320 990 enim
335 963 392 990 vult
406 963 481 996 illud,
492 962 526 989 In
540 963 644 990 nomine
654 963 796 997 prophetia,
809 962 836 988 in
852 961 930 988 nomii

1028 962 1069 998 ηδ’
1092 961 1270 997 ὲμπορίαν,ἢ
1290 961 1419 995 τοιαύτην
1436 961 1498 988 τινὰ
1521 960 1616 996 χρείαν
1639 961 1684 987 τὺν
1706 961 1788 996 ἄνδρα

166 1008 257 1044 justi),
270 1013 362 1036 etnon
373 1008 564 1043 cauponando,
580 1008 621 1035 vel
634 1007 806 1035 commodum
820 1011 927 1042 captant

1028 1009 1158 1044 :Xépsvog,
1180 1009 1227 1034 καὶ
1241 1008 1292 1044 silv
1306 1007 1421 1043 δυνατὴν
1433 1007 1583 1043 θεραπείαν
1594 1007 1633 1038 είς
1648 1007 1729 1034 αὐτὸν
1741 1016 1789 1034 xu!

168 1052 279 1089 recipit,
307 1057 335 1081 et
352 1061 406 1088 quo
432 1058 522 1089 potest
541 1053 673 1088 obsequio
684 1061 745 1080 eam
759 1053 923 1084 demeretur,

1027 1055 1135 1090 αρότητι
1156 1054 1270 1090 καρδίας
1285 1054 1333 1080 καὶ
1353 1053 1487 1089 σπουδαίᾳ
1502 1052 1598 1089 γνώμῃ
1614 1053 1788 1089 ἐνδεικνύμε-

169 1107 239 1136 pura
261 1099 427 1127 conscientia
450 1103 478 1127 et
492 1100 610 1126 honesto
638 1098 740 1126 animo.
754 1098 845 1130 Certe,
858 1097 930 1133 digni

1028 1110 1059 1132 ις.
1082 1101 1172 1134 ’Δξιος
1185 1100 1241 1135 γὰρ
1257 1100 1294 1131 ὡς
1315 1099 1422 1135 ἀληθῶς
1445 1099 1520 1133 ἄξιος
1538 1100 1552 1126 ό
1578 1099 1699 1132 τοιοῦτος
1716 1100 1789 1132 Θείας

170 1145 282 1173 omnino
295 1145 357 1173 talis
374 1145 464 1172 divina
476 1145 666 1177 retributione,
679 1148 707 1172 et
728 1143 931 1172 redhostimentt

1028 1145 1177 1182 ντιμισθίας
1194 1146 1242 1173 καὶ
1262 1146 1433 1177 ἀντιδόσεως.
1458 1145 1496 1172 To
1516 1145 1560 1178 δὲ,
1584 1145 1700 1172 Μισθὸν
1717 1152 1789 1180 προ-

169 1191 237 1219 lllud
248 1199 339 1226 porro,
361 1190 507 1218 Mercedem
515 1191 593 1225 justi,
608 1190 752 1217 mercedem
767 1190 900 1224 propheta:
911 1198 930 1216 Tt

1028 1191 1112 1224 ήτου,
1129 1191 1178 1218 καὶ
1198 1191 1310 1226 μισθὸν
1326 1191 1443 1218 δικαίου
1461 1191 1603 1226 λήψεται,
1619 1191 1711 1226 διττὴν
1733 1191 1788 1227 ἔχει

169 1237 247 1271 cipiet
260 1236 282 1270 δ,
298 1236 433 1271 duplicem
452 1236 533 1264 habet
549 1236 712 1263 sententiam
731 1244 737 1262 :
754 1235 797 1263 vel
812 1235 884 1262 enim
897 1235 930 1262 sit

1027 1237 1054 1272 ὴν
1066 1237 1184 1264 διάνοιαν
1193 1245 1200 1253 ο
1214 1237 1231 1272 ἢ
1246 1236 1299 1271 γὰρ
1312 1237 1354 1263 ὅτι
1367 1236 1416 1272 τῆς
1431 1236 1594 1271 εἰλικρινοῦς
1608 1237 1656 1263 καὶ
1668 1236 1788 1271 καθαρᾶς

169 1290 240 1311 certe
254 1282 449 1318 hospitalitatis
464 1287 492 1310 et
507 1289 581 1317 purae
597 1281 750 1309 mercedem
765 1281 803 1308 illi
811 1280 930 1316 recipien

1029 1283 1155 1316 ιλοξενίας
1170 1283 1215 1309 τὸν
1237 1283 1344 1316 μισθὸν,
1358 1283 1383 1309 οἱ
1398 1283 1460 1314 τοὺς
1475 1282 1628 1318 προφήτας,
1643 1282 1690 1308 καὶ
1709 1281 1788 1312 ὅλως,

168 1333 246 1356 certo
261 1327 371 1359 certius.
382 1328 429 1363 qui
445 1328 605 1363 prophetam
627 1327 668 1354 vel
684 1327 789 1362 justum
803 1326 924 1361 recipiun

1029 1328 1032 1352 ἴ
1050 1336 1124 1360 τινας
1141 1328 1195 1354 τῶν
1219 1327 1330 1354 δικαίων
1346 1326 1549 1362 ὑποδεχόμενοι,
1566 1326 1675 1358 πάντως
1692 1335 1724 1361 γε
1741 1327 1790 1362 λή-

168 1380 221 1401 nec
237 1373 341 1400 honore
360 1373 406 1400 illo
435 1372 535 1408 privari
551 1377 674 1407 possunt,
687 1373 732 1407 qui
748 1372 844 1407 dignos
859 1379 888 1399 se
909 1379 929 1406 p1

1027 1383 1112 1407 ονται,
1126 1375 1173 1402 καὶ
1186 1375 1236 1401 οὐκ
1249 1374 1321 1401 ἔστιν
1336 1374 1435 1405 αὐτοὺς
1449 1373 1503 1400 τῶν
1512 1372 1601 1409 γερῶν
1613 1372 1788 1409 στερηθῆναι,

168 1426 214 1447 res
232 1427 248 1447 a
274 1426 304 1447 se
322 1423 412 1455 gestas
436 1418 639 1454 prmstiterunt;
670 1418 713 1446 vel
723 1417 796 1453 quod
811 1418 884 1445 illam
898 1425 929 1445 nc

1029 1430 1045 1448 ιν
1060 1421 1150 1454 ἀξίους
1174 1421 1286 1452 ἑαυτοὺς
1297 1441 1305 1454 ,
1321 1420 1355 1448 δι’
1371 1428 1409 1447 ων
1429 1419 1561 1455 ἔπραξαν,
1580 1418 1701 1451 ἔδειξανο
1718 1418 1734 1453 ἢ
1749 1418 1790 1446 ὃτι

168 1465 303 1500 recipient
330 1464 490 1500 simpliciter
511 1465 664 1492 mercedem
687 1464 887 1500 hospitalitatis,
906 1471 929 1491 st

1029 1466 1054 1493 αὶ
1069 1462 1142 1493 οὗτοι
1164 1466 1213 1501 οὐχ
1239 1466 1332 1498 ἁπλῶς
1358 1464 1453 1500 μισθὸν
1471 1465 1635 1499 φιλοξενίας,
1661 1463 1727 1491 ἀλλὰ
1744 1464 1790 1490 τὸν

167 1511 287 1538 similem
301 1514 348 1538 aut
363 1510 495 1545 aequalem
517 1509 598 1545 justis
612 1514 640 1537 et
656 1510 805 1545 prophetis.
825 1510 925 1545 Magnu

1027 1520 1065 1539 ιον
1079 1512 1126 1539 καὶ
1145 1512 1237 1546 ὅμοιον
1251 1513 1308 1543 τοῖς
1323 1513 1476 1547 προφήταις
1490 1511 1540 1538 καὶ
1554 1510 1668 1542 δικαίοις
1688 1509 1788 1544 ἀπολή-

168 1555 235 1591 quid
248 1555 418 1590 hospitalitas
433 1559 473 1583 est
486 1563 494 1582 :
510 1563 634 1591 magnam
647 1555 780 1582 conducet
791 1555 929 1582 mercedem

1030 1566 1114 1584 ονται.
1129 1558 1208 1591 Μέγα
1222 1558 1277 1593 γὰρ
1296 1557 1442 1592 φιλοξενια,
1457 1557 1505 1584 καὶ
1529 1555 1661 1592 μεγάλους
1680 1554 1791 1590 μισθοὺς

168 1601 314 1637 imprimis,
332 1601 355 1628 si
369 1600 476 1628 honesti
492 1606 520 1628 et
543 1600 630 1636 legem
649 1600 697 1628 Dei
729 1604 866 1628 sectantes
885 1607 929 1627 rec

1032 1602 1189 1638 ροξενοῦσα,
1209 1602 1256 1629 καὶ
1280 1602 1398 1638 μάλιστα
1422 1601 1575 1628 σπουδαίων
1598 1601 1720 1636 ἀνδρῶν,
1745 1600 1791 1626 καὶ

167 1648 289 1684 piantur.
316 1647 393 1674 Hanc
416 1651 445 1675 tu
469 1647 602 1674 rationem
618 1646 642 1674 si
654 1651 728 1674 recte
743 1646 904 1678 institueris,
922 1654 928 1672 ι

1030 1649 1073 1685 τὲρ
1094 1648 1173 1674 οείων
1189 1648 1279 1682 νόμων
1295 1648 1468 1682 διωκομένων
1482 1647 1516 1682 ἢν
1532 1647 1564 1674 σὺ
1580 1645 1720 1680 κατορθῶν
1743 1645 1791 1671 καὶ

167 1697 280 1729 propter
302 1700 405 1720 nomen
433 1699 465 1720 ac
479 1692 587 1720 titulum
608 1699 748 1719 servorum
771 1691 830 1725 Dei,
849 1699 928 1719 noni

1030 1704 1044 1727 ς
1068 1694 1153 1729 ὄνομα
1169 1693 1237 1720 Θεοῦ
1254 1693 1445 1728 θεραπόντων,
1472 1692 1543 1719 ἀλλὰ
1570 1693 1607 1728 μὴ
1630 1691 1664 1718 δι’
1679 1691 1744 1718 ἄλλο
1764 1700 1791 1717 τι

167 1739 248 1766 aliam
278 1738 361 1766 ullam
385 1745 495 1766 causam
517 1737 636 1773 hospitio
662 1738 825 1774 susceperis,
852 1746 928 1767 oracu

1030 1739 1066 1770 ιὺς
1082 1738 1165 1765 αὑτοῦ
1182 1738 1292 1772 ξενίζων
1314 1738 1417 1773 φίλους,
1437 1738 1539 1774 μᾶλλόν
1553 1746 1582 1764 τε
1600 1737 1728 1772 συνήσεις
1745 1735 1791 1762 τὸν

167 1783 322 1820 Evangelici
336 1788 456 1812 mentem
473 1785 589 1818 tenebis,
622 1785 695 1813 unde
705 1785 877 1813 commodum
892 1793 925 1820 pe

1030 1785 1181 1819 ιαγγελικὸν
1203 1784 1327 1820 χρησμὸν
1340 1805 1347 1817 ,
1361 1784 1489 1811 κάκεῖθεν
1504 1784 1632 1819 εὑρήσεις
1645 1783 1675 1809 τὸ
1695 1782 1791 1817 κέρδος

167 1830 275 1865 cipies:
296 1829 360 1858 felix
383 1830 506 1858 omnium
534 1830 619 1866 magis
641 1830 686 1858 illa
702 1830 852 1864 beatitudo,
872 1838 928 1866 qum

1031 1829 1046 1856 ἲ)
1071 1830 1305 1865 μακαριότητοςί)
1330 1830 1397 1857 πολὺ
1422 1830 1515 1864 μεῖζον
1539 1829 1556 1864 ἢ
1579 1829 1649 1856 κατὰ
1664 1828 1792 1863 διήγησιν

167 1883 228 1910 quae
242 1876 333 1904 verbis
347 1875 448 1911 poterit
459 1876 521 1903 ullis
530 1875 672 1911 explicari.
1006 1877 1097 1903 λόγου.

439 1932 548 1961 EPIST.
569 1933 688 1961 XXXVI.

1299 1931 1411 1959 ΕΠΙΣΤ.
1428 1932 1496 1965 Aq’.

345 1978 428 2006 Paulo
443 1979 614 2013 metropolitw
629 1978 773 2006 Laodicea.

1136 1979 1244 2013 Παύλῳ
1255 1978 1460 2013 μητροπολίτῃ
1474 1978 1657 2012 Λαοδικείας.

782 2035 915 2060 Montacut.
930 2034 982 2065 (ep.
998 2034 1053 2067 206,
1070 2041 1094 2066 p.
1111 2034 1177 2066 504).

204 2083 370 2120 Defatigatus
392 2092 452 2113 sum
474 2092 586 2133 serenps
608 2085 667 2118 dies
687 2085 866 2117 numerando,
887 2085 951 2112 dum

1042 2086 1176 2119 Ἕκαμον,
1188 2085 1237 2117 τὰς
1249 2085 1340 2116 εὐδίας
1350 2083 1524 2120 ἀναμετρῶν,
1539 2085 1586 2112 καὶ
1595 2085 1644 2121 τὴν
1656 2084 1705 2120 σὴν
1714 2094 1796 2121 περι-

169 2135 247 2160 tuum
260 2131 407 2159 adventum
423 2130 575 2166 exspectem
590 2131 655 2159 :sed
669 2131 778 2164 sudum,
792 2135 822 2158 ut
837 2131 928 2158 videtu

1034 2131 1172 2167 .snopsvo;
1191 2130 1282 2165 ἄφιξιν
1293 2138 1299 2145 ·
1314 2130 1382 2163 ἀλλ’,
1397 2131 1434 2162 ὡς
1452 2130 1535 2162 ἔοικε,
1556 2130 1690 2166 χειμῶνες
1705 2140 1747 2157 σοι
1765 2133 1795 2158 αἱ

168 2181 317 2212 tempestas
330 2177 377 2205 tibi
394 2177 460 2204 fuit:
471 2185 551 2212 quem
565 2185 630 2213 ergo
646 2177 791 2205 terminum
806 2177 929 2214 sorticnll

1036 2176 1089 2203 δίαι
1103 2175 1257 2210 γεγόνασιν.
1273 2175 1320 2207 Et;
1341 2176 1417 2201 ποῖον
1430 2172 1478 2202 οὖν
1499 2174 1553 2210 ἄρα
1574 2175 1659 2210 πέρας
1681 2175 1716 2202 τὰ
1738 2176 1796 2203 τῶν

168 2227 343 2259 tempestates
359 2227 423 2252 tuae.

1005 2223 1145 2259 χειμώνων
1161 2230 1202 2248 σοι
1215 2221 1447 2257 ἀποκριθήσεταις

430 2277 538 2305 EPIST.
558 2276 691 2304 XXXVII.

1302 2275 1414 2302 ΕΠΙΣΤ.
1430 2276 1487 2302 AZ'.

344 2324 432 2352 Paulo
449 2325 619 2359 metropolitw
633 2325 777 2353 Laodicea.

1134 2323 1241 2354 Παύλῳ
1255 2323 1460 2357 μητροπολίτῃ
1478 2322 1661 2355 Λαοδικείας.

783 2381 916 2406 Montacut.
935 2383 985 2411 (ep.
999 2380 1054 2410 ﬁlii,
1065 2386 1088 2410 p.
1102 2379 1168 2410 317).

153 2425 158 2427 ’
204 2433 233 2460 Si
249 2433 335 2460 hiems
346 2440 402 2460 non
416 2437 484 2465 erat,
494 2433 527 2460 de
535 2440 587 2468 qua
596 2433 702 2460 dicebat
714 2432 851 2466 Scrvator,
862 2433 914 2460 Ora

1043 2431 1072 2457 Et
1094 2430 1132 2466 μὴ
1145 2430 1248 2466 χειμὼν
1271 2428 1315 2466 ἦν,
1341 2431 1405 2465 περὶ
1420 2427 1451 2457 οὗ
1472 2432 1487 2457 ὁ
1507 2431 1603 2465 Σωτὴρ
1618 2430 1722 2463 ἔλεγεν,
1737 2430 1797 2456 Εὗ-

168 2487 200 2506 ne
212 2480 274 2514 fuga
286 2482 369 2506 vestra
386 2486 432 2513 per
442 2479 551 2506 hiemem
569 2479 615 2513 ﬁat
624 2480 644 2510 ⁵.
657 2479 801 2506 verborum
814 2479 840 2506 in
854 2483 880 2506 te
894 2479 929 2506 Ιιῑι

1036 2479 1096 2504 ῖσθε
1109 2477 1151 2512 μὴ
1166 2477 1303 2512 γενέσθαι
1317 2478 1375 2511 τὴν
1388 2477 1491 2512 φυγὴν
1504 2477 1588 2512 ὑμῶν·
1604 2477 1638 2504 ἐν
1652 2476 1776 2511 χειμῶνι
1789 2484 1797 2492 ·

168 2533 239 2553 mem
256 2525 422 2552 concitarem
436 2534 442 2552 :
456 2525 514 2552 Non
536 2524 600 2552 novi
615 2533 677 2560 ego.
700 2525 788 2552 dicam
810 2533 885 2552 more
902 2533 928 2552 ιι]

1041 2524 1128 2559 ιμῶνα
1143 2524 1175 2551 ἄν
1191 2533 1232 2550 σοι
1250 2524 1336 2557 λόγων
1356 2523 1468 2555 δικαίως
1484 2523 1615 2558 ὲπέγειρα
1626 2531 1633 2538 ·
1649 2523 1699 2549 οὐκ
1715 2520 1777 2548 οἴδα
1788 2542 1796 2552 ,

168 2570 243 2597 nime
253 2569 344 2601 amici,
360 2574 413 2597 tam
430 2570 604 2605 longinquam
621 2569 880 2606 peregrinationem,
894 2578 929 2604 qu

1038 2579 1051 2595 ν
1068 2569 1162 2603 ἄφιλον
1180 2569 1235 2604 ἐρῶ
1253 2569 1355 2604 τρόπον
1369 2569 1386 2604 ἢ
1406 2568 1456 2603 τὴν
1470 2567 1542 2594 οὕτω
1563 2567 1672 2602 μακρὰν
1690 2567 1797 2601 ἀποδη-

166 2616 279 2652 propius
295 2615 417 2648 accedat,
437 2616 471 2643 ad
487 2616 592 2650 antiqui
614 2615 687 2643 illius
715 2616 790 2643 corvi
804 2616 894 2650 fugam
911 2617 927 2643 ii

1037 2615 1084 2647 ἴαν.
1100 2616 1147 2642 καὶ
1161 2615 1207 2642 τοῦ
1226 2615 1341 2642 παλαιοῦ
1362 2615 1478 2650 κόρακος
1496 2614 1600 2641 ἐκείνου
1618 2614 1701 2647 ἐγγὺς
1715 2614 1798 2646 γενέ-

167 2667 273 2688 cusare.
293 2659 341 2687 Sin
363 2659 413 2687 alae
427 2660 474 2687 tibi
498 2660 588 2687 adsint
609 2666 700 2691 casm.
713 2668 789 2694 purae
811 2665 838 2687 et
853 2660 928 2687 veloc

1038 2671 1070 2688 ‘dt
1091 2661 1318 2697 φιλονικήσασαν,
1338 2660 1510 2695 αἰτιώμενος.
1544 2659 1613 2686 Ἀλλ’
1635 2660 1659 2685 εί
1687 2658 1738 2694 μὲν
1766 2659 1799 2684 τὺ

168 2706 311 2739 columbae,
332 2712 440 2733 sartum.
463 2711 563 2733 tectum
585 2714 707 2733 amorem
739 2706 838 2739 habeo,
865 2707 929 2734 hicn

1037 2708 1106 2742 :spév
1133 2716 1173 2734 σοι
1192 2706 1242 2742 τῆς
1259 2707 1343 2742 ἁγνῆς
1366 2706 1413 2732 καὶ
1437 2706 1562 2741 καθαρᾶς
1587 2705 1634 2731 καὶ
1657 2704 1798 2738 ὸξνπόρου

167 2752 247 2789 plane
263 2753 341 2781 nihili
364 2757 416 2786 est,
435 2761 485 2781 nec
504 2753 569 2787 quid
592 2752 664 2780 aliud
684 2761 764 2788 grave
784 2762 790 2780 ι
811 2753 852 2781 sin
875 2754 925 2782 coll

1045 2754 1180 2789 ριστερᾶς,
1205 2753 1322 2790 ἔρρωται
1342 2753 1389 2788 τῆς
1409 2752 1530 2787 ἀγάπης,
1545 2751 1620 2778 οὐδὲν
1637 2751 1650 2777 ό
1668 2751 1799 2786 χειμὼν,

203 2831 216 2848 ⁵
235 2832 328 2868 Matth.
352 2841 378 2866 x,
394 2834 436 2861 :il.
479 2833 489 2849 ⁵
506 2833 587 2860 Marc.
610 2841 668 2867 λιιι,
692 2833 734 2861 l8.
