  <div class='ocr_page' id='page_1' title='image "/cluster/home/n/w/nwhite01/storage/ocr_20150623/102/njp.32101010943874/448.png"; bbox 0 0 1928 3097; ppageno 0'>
   <div class='ocr_carea' id='block_1_1' title="bbox 144 118 197 150">
    <p class='ocr_par' dir='ltr' id='par_1_1' title="bbox 144 118 197 150">
     <span class='ocr_line' id='line_1_1' title="bbox 144 118 197 150; baseline 0 -1"><span class='ocrx_word' id='word_1_1' title='bbox 144 118 197 150; x_wconf 76' lang='lat'><strong>853</strong></span> 
     </span>
    </p>
   </div>
   <div class='ocr_carea' id='block_1_2' title="bbox 718 114 1182 148">
    <p class='ocr_par' dir='ltr' id='par_1_2' title="bbox 718 114 1182 148">
     <span class='ocr_line' id='line_1_2' title="bbox 718 114 1182 148; baseline 0.006 -4"><span class='ocrx_word' id='word_1_2' title='bbox 718 114 987 146; x_wconf 80' lang='lat' dir='ltr'><strong>EPISTOLARUM</strong></span> <span class='ocrx_word' id='word_1_3' title='bbox 1007 115 1123 147; x_wconf 79' lang='lat' dir='ltr'><strong>LIBER</strong></span> <span class='ocrx_word' id='word_1_4' title='bbox 1141 117 1182 148; x_wconf 87' lang='lat' dir='ltr'><strong>II.</strong></span> 
     </span>
    </p>
   </div>
   <div class='ocr_carea' id='block_1_3' title="bbox 1714 120 1765 151">
    <p class='ocr_par' dir='ltr' id='par_1_3' title="bbox 1714 120 1765 151">
     <span class='ocr_line' id='line_1_3' title="bbox 1714 120 1765 151; baseline 0 0"><span class='ocrx_word' id='word_1_5' title='bbox 1714 120 1765 151; x_wconf 75' lang='grc'><strong>854</strong></span> 
     </span>
    </p>
   </div>
   <div class='ocr_carea' id='block_1_4' title="bbox 141 168 942 214">
    <p class='ocr_par' dir='ltr' id='par_1_4' title="bbox 141 168 926 208">
     <span class='ocr_line' id='line_1_4' title="bbox 141 168 926 208; baseline -0.005 -8"><span class='ocrx_word' id='word_1_6' title='bbox 141 174 235 208; x_wconf 81' lang='grc' dir='ltr'>ὥσπερ</span> <span class='ocrx_word' id='word_1_7' title='bbox 247 171 308 198; x_wconf 81' lang='grc' dir='ltr'><strong>οὐδέ</strong></span> <span class='ocrx_word' id='word_1_8' title='bbox 322 179 348 198; x_wconf 91' lang='grc' dir='ltr'><strong>τι</strong></span> <span class='ocrx_word' id='word_1_9' title='bbox 363 169 435 197; x_wconf 80' lang='grc' dir='ltr'>ἄλλο.</span> <span class='ocrx_word' id='word_1_10' title='bbox 451 169 483 196; x_wconf 82' lang='grc' dir='ltr'><strong>Εἰ</strong></span> <span class='ocrx_word' id='word_1_11' title='bbox 495 169 524 196; x_wconf 80' lang='grc' dir='ltr'><em>δέ</em></span> <span class='ocrx_word' id='word_1_12' title='bbox 539 177 601 197; x_wconf 76' lang='grc' dir='ltr'>τινα</span> <span class='ocrx_word' id='word_1_13' title='bbox 616 168 740 204; x_wconf 80' lang='grc' dir='ltr'>θραῦσιν,</span> <span class='ocrx_word' id='word_1_14' title='bbox 757 170 814 196; x_wconf 87' lang='grc' dir='ltr'>ἀλλ’</span> <span class='ocrx_word' id='word_1_15' title='bbox 831 169 880 196; x_wconf 79' lang='grc' dir='ltr'>οὐκ</span> <span class='ocrx_word' id='word_1_16' title='bbox 894 169 926 196; x_wconf 84' lang='grc' dir='ltr'><strong>ἀν</strong></span> 
     </span>
    </p>
   </div>
   <div class='ocr_carea' id='block_1_5' title="bbox 994 168 1765 214">
    <p class='ocr_par' dir='ltr' id='par_1_5' title="bbox 994 171 1765 214">
     <span class='ocr_line' id='line_1_5' title="bbox 994 171 1765 214; baseline 0.005 -16"><span class='ocrx_word' id='word_1_17' title='bbox 994 171 1082 199; x_wconf 87' lang='lat' dir='ltr'><strong>iouem</strong></span> <span class='ocrx_word' id='word_1_18' title='bbox 1103 176 1130 199; x_wconf 88' lang='lat' dir='ltr'><strong>et</strong></span> <span class='ocrx_word' id='word_1_19' title='bbox 1144 172 1350 214; x_wconf 73' lang='lat' dir='ltr'><strong>anfractioncm,</strong></span> <span class='ocrx_word' id='word_1_20' title='bbox 1362 174 1434 208; x_wconf 88' lang='lat' dir='ltr'><strong>quod</strong></span> <span class='ocrx_word' id='word_1_21' title='bbox 1456 181 1510 201; x_wconf 87' lang='lat' dir='ltr'><strong>non</strong></span> <span class='ocrx_word' id='word_1_22' title='bbox 1527 178 1603 208; x_wconf 90' lang='lat' dir='ltr'><strong>puto.</strong></span> <span class='ocrx_word' id='word_1_23' title='bbox 1621 175 1686 201; x_wconf 73' lang='lat' dir='ltr'><strong>hlud</strong></span> <span class='ocrx_word' id='word_1_24' title='bbox 1707 184 1765 210; x_wconf 85' lang='lat' dir='ltr'><strong>per-</strong></span> 
     </span>
    </p>
   </div>
   <div class='ocr_carea' id='block_1_6' title="bbox 143 215 928 252">
    <p class='ocr_par' dir='ltr' id='par_1_6' title="bbox 143 215 928 252">
     <span class='ocr_line' id='line_1_6' title="bbox 143 215 928 252; baseline -0.006 -7"><span class='ocrx_word' id='word_1_25' title='bbox 143 217 281 252; x_wconf 72' lang='grc' dir='ltr'><strong>πεισθείην</strong></span> <span class='ocrx_word' id='word_1_26' title='bbox 307 218 406 249; x_wconf 75' lang='grc' dir='ltr'>ὲκεϊνο,</span> <span class='ocrx_word' id='word_1_27' title='bbox 435 215 581 247; x_wconf 83' lang='grc' dir='ltr'>πεπόνθοι,</span> <span class='ocrx_word' id='word_1_28' title='bbox 603 215 709 250; x_wconf 85' lang='grc' dir='ltr'><strong>ἀνάγκη</strong></span> <span class='ocrx_word' id='word_1_29' title='bbox 733 215 809 242; x_wconf 79' lang='grc' dir='ltr'>κάτω</span> <span class='ocrx_word' id='word_1_30' title='bbox 838 216 928 249; x_wconf 75' lang='grc' dir='ltr'>μένειν</span> 
     </span>
    </p>
   </div>
   <div class='ocr_carea' id='block_1_7' title="bbox 142 260 928 297">
    <p class='ocr_par' dir='ltr' id='par_1_7' title="bbox 142 260 928 297">
     <span class='ocr_line' id='line_1_7' title="bbox 142 260 928 297; baseline -0.005 -6"><span class='ocrx_word' id='word_1_31' title='bbox 142 264 195 296; x_wconf 73' lang='grc' dir='ltr'>ἕως</span> <span class='ocrx_word' id='word_1_32' title='bbox 211 264 244 290; x_wconf 84' lang='grc' dir='ltr'>ἂν</span> <span class='ocrx_word' id='word_1_33' title='bbox 259 264 273 289; x_wconf 82' lang='grc' dir='ltr'><strong><em>ὸ</em></strong></span> <span class='ocrx_word' id='word_1_34' title='bbox 286 263 387 297; x_wconf 78' lang='grc' dir='ltr'>τάρσος</span> <span class='ocrx_word' id='word_1_35' title='bbox 405 261 485 288; x_wconf 82' lang='grc' dir='ltr'>πάλιν</span> <span class='ocrx_word' id='word_1_36' title='bbox 510 260 613 288; x_wconf 86' lang='grc' dir='ltr'>ἄνωθεν</span> <span class='ocrx_word' id='word_1_37' title='bbox 629 261 766 295; x_wconf 82' lang='grc' dir='ltr'>βλαστήσῃ</span> <span class='ocrx_word' id='word_1_38' title='bbox 778 280 786 292; x_wconf 85' lang='lat'><strong>,</strong></span> <span class='ocrx_word' id='word_1_39' title='bbox 803 261 851 287; x_wconf 81' lang='grc' dir='ltr'>καὶ</span> <span class='ocrx_word' id='word_1_40' title='bbox 867 261 928 296; x_wconf 81' lang='grc' dir='ltr'>μηδ’</span> 
     </span>
    </p>
   </div>
   <div class='ocr_carea' id='block_1_8' title="bbox 142 307 930 345">
    <p class='ocr_par' dir='ltr' id='par_1_8' title="bbox 142 307 930 345">
     <span class='ocr_line' id='line_1_8' title="bbox 142 307 930 345; baseline -0.004 -8"><span class='ocrx_word' id='word_1_41' title='bbox 142 311 170 338; x_wconf 74' lang='grc' dir='ltr'><strong>ἐν</strong></span> <span class='ocrx_word' id='word_1_42' title='bbox 180 310 257 345; x_wconf 73' lang='grc' dir='ltr'>εὑδίᾳ</span> <span class='ocrx_word' id='word_1_43' title='bbox 268 310 336 344; x_wconf 74' lang='grc' dir='ltr'>πρὸς</span> <span class='ocrx_word' id='word_1_44' title='bbox 351 309 425 344; x_wconf 76' lang='grc' dir='ltr'>ἡμᾶς</span> <span class='ocrx_word' id='word_1_45' title='bbox 439 308 662 343; x_wconf 76' lang='grc' dir='ltr'>μετεωρίζεσθαι.</span> <span class='ocrx_word' id='word_1_46' title='bbox 684 308 754 334; x_wconf 81' lang='grc' dir='ltr'><strong>Ἀλλ’</strong></span> <span class='ocrx_word' id='word_1_47' title='bbox 766 307 872 343; x_wconf 71' lang='grc' dir='ltr'>ἔρρωσό</span> <span class='ocrx_word' id='word_1_48' title='bbox 885 317 930 343; x_wconf 87' lang='grc' dir='ltr'><strong>μοι</strong></span> 
     </span>
    </p>
   </div>
   <div class='ocr_carea' id='block_1_9' title="bbox 142 354 930 390">
    <p class='ocr_par' dir='ltr' id='par_1_9' title="bbox 142 354 930 390">
     <span class='ocr_line' id='line_1_9' title="bbox 142 354 930 390; baseline -0.003 -8"><span class='ocrx_word' id='word_1_49' title='bbox 142 356 187 382; x_wconf 82' lang='grc' dir='ltr'>τὸν</span> <span class='ocrx_word' id='word_1_50' title='bbox 207 356 278 382; x_wconf 90' lang='grc' dir='ltr'>θεῖον</span> <span class='ocrx_word' id='word_1_51' title='bbox 299 355 388 390; x_wconf 77' lang='grc' dir='ltr'>ἔρωτα</span> <span class='ocrx_word' id='word_1_52' title='bbox 409 354 509 390; x_wconf 81' lang='grc' dir='ltr'>μᾶλλον</span> <span class='ocrx_word' id='word_1_53' title='bbox 531 354 578 380; x_wconf 73' lang='grc' dir='ltr'><strong>ἐπὶ</strong></span> <span class='ocrx_word' id='word_1_54' title='bbox 594 355 650 385; x_wconf 87' lang='grc' dir='ltr'>τοῖς</span> <span class='ocrx_word' id='word_1_55' title='bbox 666 355 809 390; x_wconf 78' lang='grc' dir='ltr'>προτέροις</span> <span class='ocrx_word' id='word_1_56' title='bbox 831 362 930 389; x_wconf 84' lang='grc' dir='ltr'>πτερο-</span> 
     </span>
    </p>
   </div>
   <div class='ocr_carea' id='block_1_10' title="bbox 96 400 930 438">
    <p class='ocr_par' dir='ltr' id='par_1_10' title="bbox 96 400 930 438">
     <span class='ocr_line' id='line_1_10' title="bbox 96 400 930 438; baseline -0.004 -9"><span class='ocrx_word' id='word_1_57' title='bbox 96 408 97 412; x_wconf 88' lang='lat'>‘</span> <span class='ocrx_word' id='word_1_58' title='bbox 142 403 259 438; x_wconf 80' lang='grc' dir='ltr'>φυῶν,ἤ</span> <span class='ocrx_word' id='word_1_59' title='bbox 282 403 345 434; x_wconf 86' lang='grc' dir='ltr'>τοὺς</span> <span class='ocrx_word' id='word_1_60' title='bbox 368 401 489 437; x_wconf 81' lang='grc' dir='ltr'><strong>ἀρχῆθεν</strong></span> <span class='ocrx_word' id='word_1_61' title='bbox 504 401 552 428; x_wconf 81' lang='grc' dir='ltr'><strong>καὶ</strong></span> <span class='ocrx_word' id='word_1_62' title='bbox 576 401 666 432; x_wconf 85' lang='grc' dir='ltr'>καλῶς</span> <span class='ocrx_word' id='word_1_63' title='bbox 689 400 930 436; x_wconf 73' lang='grc' dir='ltr'>προϐεϐλημένους</span> 
     </span>
    </p>
   </div>
   <div class='ocr_carea' id='block_1_11' title="bbox 142 447 648 484">
    <p class='ocr_par' dir='ltr' id='par_1_11' title="bbox 142 447 648 484">
     <span class='ocr_line' id='line_1_11' title="bbox 142 447 648 484; baseline -0.002 -9"><span class='ocrx_word' id='word_1_64' title='bbox 142 449 259 484; x_wconf 77' lang='grc' dir='ltr'>τάρσους</span> <span class='ocrx_word' id='word_1_65' title='bbox 273 447 395 484; x_wconf 73' lang='grc' dir='ltr'>ῥαθυμίᾳ</span> <span class='ocrx_word' id='word_1_66' title='bbox 406 447 648 482; x_wconf 84' lang='grc' dir='ltr'>περιθραυόμενος.</span> 
     </span>
    </p>
   </div>
   <div class='ocr_carea' id='block_1_12' title="bbox 439 503 635 531">
    <p class='ocr_par' dir='ltr' id='par_1_12' title="bbox 439 503 635 531">
     <span class='ocr_line' id='line_1_12' title="bbox 439 503 635 531; baseline -0.005 -1"><span class='ocrx_word' id='word_1_67' title='bbox 439 504 551 530; x_wconf 85' lang='grc' dir='ltr'><strong>ΕΠΙΣΤ.</strong></span> <span class='ocrx_word' id='word_1_68' title='bbox 569 503 635 531; x_wconf 82' lang='lat' dir='ltr'><strong>AH&#39;.</strong></span> 
     </span>
    </p>
   </div>
   <div class='ocr_carea' id='block_1_13' title="bbox 271 549 794 585">
    <p class='ocr_par' dir='ltr' id='par_1_13' title="bbox 271 549 794 585">
     <span class='ocr_line' id='line_1_13' title="bbox 271 549 794 585; baseline -0.004 -8"><span class='ocrx_word' id='word_1_69' title='bbox 271 551 380 582; x_wconf 77' lang='grc' dir='ltr'><em>Παύλῳ</em></span> <span class='ocrx_word' id='word_1_70' title='bbox 390 550 597 585; x_wconf 78' lang='grc' dir='ltr'>μητροπολίτῃ</span> <span class='ocrx_word' id='word_1_71' title='bbox 609 549 794 582; x_wconf 73' lang='grc' dir='ltr'>Λαοδικείας.</span> 
     </span>
    </p>
   </div>
   <div class='ocr_carea' id='block_1_14' title="bbox 978 217 1765 260">
    <p class='ocr_par' dir='ltr' id='par_1_14' title="bbox 978 217 1765 260">
     <span class='ocr_line' id='line_1_14' title="bbox 978 217 1765 260; baseline 0.004 -16"><span class='ocrx_word' id='word_1_72' title='bbox 978 217 1043 251; x_wconf 86' lang='lat' dir='ltr'><strong>peti,</strong></span> <span class='ocrx_word' id='word_1_73' title='bbox 1061 224 1173 260; x_wconf 74' lang='lat' dir='ltr'><strong>necesse</strong></span> <span class='ocrx_word' id='word_1_74' title='bbox 1189 223 1232 245; x_wconf 85' lang='lat' dir='ltr'><strong>est.</strong></span> <span class='ocrx_word' id='word_1_75' title='bbox 1252 218 1378 246; x_wconf 85' lang='lat' dir='ltr'><strong>deorsum</strong></span> <span class='ocrx_word' id='word_1_76' title='bbox 1393 223 1423 246; x_wconf 85' lang='lat' dir='ltr'><strong>ut</strong></span> <span class='ocrx_word' id='word_1_77' title='bbox 1443 219 1587 252; x_wconf 75' lang='lat' dir='ltr'><strong>consistas,</strong></span> <span class='ocrx_word' id='word_1_78' title='bbox 1603 219 1691 247; x_wconf 87' lang='lat' dir='ltr'><strong>donec</strong></span> <span class='ocrx_word' id='word_1_79' title='bbox 1716 221 1765 248; x_wconf 76' lang='lat' dir='ltr'><strong>ala:</strong></span> 
     </span>
    </p>
   </div>
   <div class='ocr_carea' id='block_1_15' title="bbox 979 263 1765 300">
    <p class='ocr_par' dir='ltr' id='par_1_15' title="bbox 979 263 1765 300">
     <span class='ocr_line' id='line_1_15' title="bbox 979 263 1765 300; baseline 0.001 -10"><span class='ocrx_word' id='word_1_80' title='bbox 979 263 1159 295; x_wconf 78' lang='lat' dir='ltr'><strong>excreverint,</strong></span> <span class='ocrx_word' id='word_1_81' title='bbox 1178 268 1205 290; x_wconf 86' lang='lat' dir='ltr'><strong>et</strong></span> <span class='ocrx_word' id='word_1_82' title='bbox 1224 271 1259 291; x_wconf 90' lang='lat' dir='ltr'><strong>ne</strong></span> <span class='ocrx_word' id='word_1_83' title='bbox 1273 264 1307 291; x_wconf 90' lang='lat' dir='ltr'><strong>ad</strong></span> <span class='ocrx_word' id='word_1_84' title='bbox 1330 272 1380 291; x_wconf 89' lang='lat' dir='ltr'><strong>nos</strong></span> <span class='ocrx_word' id='word_1_85' title='bbox 1400 265 1522 296; x_wconf 84' lang='lat' dir='ltr'><strong>advoles,</strong></span> <span class='ocrx_word' id='word_1_86' title='bbox 1540 273 1575 292; x_wconf 87' lang='lat' dir='ltr'><strong>ne</strong></span> <span class='ocrx_word' id='word_1_87' title='bbox 1599 272 1647 300; x_wconf 89' lang='lat' dir='ltr'><strong>per</strong></span> <span class='ocrx_word' id='word_1_88' title='bbox 1667 265 1765 293; x_wconf 89' lang='lat' dir='ltr'><strong>sudum</strong></span> 
     </span>
    </p>
   </div>
   <div class='ocr_carea' id='block_1_16' title="bbox 979 308 1768 346">
    <p class='ocr_par' dir='ltr' id='par_1_16' title="bbox 979 308 1768 346">
     <span class='ocr_line' id='line_1_16' title="bbox 979 308 1768 346; baseline 0.004 -11"><span class='ocrx_word' id='word_1_89' title='bbox 979 308 1098 343; x_wconf 86' lang='lat' dir='ltr'><strong>quidem.</strong></span> <span class='ocrx_word' id='word_1_90' title='bbox 1113 308 1166 336; x_wconf 85' lang='lat' dir='ltr'><strong>Sed</strong></span> <span class='ocrx_word' id='word_1_91' title='bbox 1179 309 1280 342; x_wconf 89' lang='lat' dir='ltr'><strong>valeas,</strong></span> <span class='ocrx_word' id='word_1_92' title='bbox 1296 309 1345 337; x_wconf 87' lang='lat' dir='ltr'><strong>Dei</strong></span> <span class='ocrx_word' id='word_1_93' title='bbox 1362 318 1485 337; x_wconf 84' lang='lat' dir='ltr'><strong>amorem</strong></span> <span class='ocrx_word' id='word_1_94' title='bbox 1500 310 1587 346; x_wconf 80' lang='lat' dir='ltr'><strong>magis</strong></span> <span class='ocrx_word' id='word_1_95' title='bbox 1601 311 1691 338; x_wconf 89' lang='lat' dir='ltr'><strong>adhuc</strong></span> <span class='ocrx_word' id='word_1_96' title='bbox 1709 318 1768 337; x_wconf 86' lang='lat' dir='ltr'><strong>ma-</strong></span> 
     </span>
    </p>
   </div>
   <div class='ocr_carea' id='block_1_17' title="bbox 979 354 1769 390">
    <p class='ocr_par' dir='ltr' id='par_1_17' title="bbox 979 354 1769 390">
     <span class='ocr_line' id='line_1_17' title="bbox 979 354 1769 390; baseline 0.003 -9"><span class='ocrx_word' id='word_1_97' title='bbox 979 355 1072 390; x_wconf 79' lang='lat' dir='ltr'><strong>gisque</strong></span> <span class='ocrx_word' id='word_1_98' title='bbox 1087 354 1253 389; x_wconf 83' lang='lat' dir='ltr'><strong>adurgendo,</strong></span> <span class='ocrx_word' id='word_1_99' title='bbox 1268 355 1358 390; x_wconf 79' lang='lat' dir='ltr'><strong>potius</strong></span> <span class='ocrx_word' id='word_1_100' title='bbox 1370 364 1450 390; x_wconf 89' lang='lat' dir='ltr'><strong>quam</strong></span> <span class='ocrx_word' id='word_1_101' title='bbox 1462 361 1493 383; x_wconf 92' lang='lat' dir='ltr'><strong>ut</strong></span> <span class='ocrx_word' id='word_1_102' title='bbox 1507 356 1556 383; x_wconf 83' lang='lat' dir='ltr'><strong>alae</strong></span> <span class='ocrx_word' id='word_1_103' title='bbox 1571 363 1632 390; x_wconf 67' lang='lat' dir='ltr'><strong>qua:</strong></span> <span class='ocrx_word' id='word_1_104' title='bbox 1644 356 1678 383; x_wconf 89' lang='lat' dir='ltr'><strong>ab</strong></span> <span class='ocrx_word' id='word_1_105' title='bbox 1690 355 1769 383; x_wconf 88' lang='lat' dir='ltr'><strong>initio</strong></span> 
     </span>
    </p>
   </div>
   <div class='ocr_carea' id='block_1_18' title="bbox 983 400 1769 436">
    <p class='ocr_par' dir='ltr' id='par_1_18' title="bbox 983 400 1769 436">
     <span class='ocr_line' id='line_1_18' title="bbox 983 400 1769 436; baseline 0.001 -9"><span class='ocrx_word' id='word_1_106' title='bbox 983 400 1083 434; x_wconf 88' lang='lat' dir='ltr'><strong>optime</strong></span> <span class='ocrx_word' id='word_1_107' title='bbox 1098 405 1274 428; x_wconf 80' lang='lat' dir='ltr'><strong>excreverant</strong></span> <span class='ocrx_word' id='word_1_108' title='bbox 1299 409 1347 436; x_wconf 89' lang='lat' dir='ltr'><strong>per</strong></span> <span class='ocrx_word' id='word_1_109' title='bbox 1365 402 1517 428; x_wconf 80' lang='lat' dir='ltr'><strong>socordiam</strong></span> <span class='ocrx_word' id='word_1_110' title='bbox 1541 401 1640 429; x_wconf 71' lang='lat' dir='ltr'><strong>collisa:</strong></span> <span class='ocrx_word' id='word_1_111' title='bbox 1662 401 1769 429; x_wconf 80' lang='lat' dir='ltr'><strong>ditl‘rin-</strong></span> 
     </span>
    </p>
   </div>
   <div class='ocr_carea' id='block_1_19' title="bbox 985 450 1092 481">
    <p class='ocr_par' dir='ltr' id='par_1_19' title="bbox 985 450 1092 481">
     <span class='ocr_line' id='line_1_19' title="bbox 985 450 1092 481; baseline 0 -9"><span class='ocrx_word' id='word_1_112' title='bbox 985 450 1092 481; x_wconf 75' lang='lat' dir='ltr'><strong>gantur.</strong></span> 
     </span>
    </p>
   </div>
   <div class='ocr_carea' id='block_1_20' title="bbox 1240 502 1518 531">
    <p class='ocr_par' dir='ltr' id='par_1_20' title="bbox 1240 502 1518 531">
     <span class='ocr_line' id='line_1_20' title="bbox 1240 502 1518 531; baseline 0.004 -2"><span class='ocrx_word' id='word_1_113' title='bbox 1240 502 1350 530; x_wconf 83' lang='lat' dir='ltr'><strong>EPIST.</strong></span> <span class='ocrx_word' id='word_1_114' title='bbox 1372 502 1518 531; x_wconf 78' lang='lat' dir='ltr'><strong>XXXVIII.</strong></span> 
     </span>
    </p>
   </div>
   <div class='ocr_carea' id='block_1_21' title="bbox 1152 548 1606 584">
    <p class='ocr_par' dir='ltr' id='par_1_21' title="bbox 1152 548 1606 584">
     <span class='ocr_line' id='line_1_21' title="bbox 1152 548 1606 584; baseline 0.004 -9"><span class='ocrx_word' id='word_1_115' title='bbox 1152 548 1237 576; x_wconf 81' lang='lat' dir='ltr'><strong>Paulo</strong></span> <span class='ocrx_word' id='word_1_116' title='bbox 1251 548 1405 576; x_wconf 77' lang='lat' dir='ltr'><strong>Laodicensi</strong></span> <span class='ocrx_word' id='word_1_117' title='bbox 1424 550 1606 584; x_wconf 76' lang='lat' dir='ltr'><strong>metropolitw.</strong></span> 
     </span>
    </p>
   </div>
   <div class='ocr_carea' id='block_1_22' title="bbox 759 597 1158 629">
    <p class='ocr_par' dir='ltr' id='par_1_22' title="bbox 759 597 1158 629">
     <span class='ocr_line' id='line_1_22' title="bbox 759 597 1158 629; baseline -0.005 -6"><span class='ocrx_word' id='word_1_118' title='bbox 759 598 891 623; x_wconf 78' lang='lat' dir='ltr'><strong>Montaent.</strong></span> <span class='ocrx_word' id='word_1_119' title='bbox 911 599 960 629; x_wconf 92' lang='lat' dir='ltr'><strong>(ep.</strong></span> <span class='ocrx_word' id='word_1_120' title='bbox 978 597 1034 627; x_wconf 76' lang='lat'><strong>220,</strong></span> <span class='ocrx_word' id='word_1_121' title='bbox 1052 605 1076 629; x_wconf 91' lang='lat' dir='ltr'><strong>p.</strong></span> <span class='ocrx_word' id='word_1_122' title='bbox 1092 597 1158 629; x_wconf 72' lang='lat'><strong>528).</strong></span> 
     </span>
    </p>
   </div>
   <div class='ocr_carea' id='block_1_23' title="bbox 179 645 942 682">
    <p class='ocr_par' dir='ltr' id='par_1_23' title="bbox 179 645 932 682">
     <span class='ocr_line' id='line_1_23' title="bbox 179 645 932 682; baseline 0.001 -9"><span class='ocrx_word' id='word_1_123' title='bbox 179 647 248 674; x_wconf 81' lang='grc' dir='ltr'>Οὒτε</span> <span class='ocrx_word' id='word_1_124' title='bbox 266 647 329 679; x_wconf 80' lang='grc' dir='ltr'>τοὺς</span> <span class='ocrx_word' id='word_1_125' title='bbox 351 647 380 673; x_wconf 79' lang='grc' dir='ltr'><strong>ὲν</strong></span> <span class='ocrx_word' id='word_1_126' title='bbox 400 647 490 681; x_wconf 85' lang='grc' dir='ltr'>λόγοις</span> <span class='ocrx_word' id='word_1_127' title='bbox 512 646 672 682; x_wconf 78' lang='grc' dir='ltr'>ἀγνώμονας</span> <span class='ocrx_word' id='word_1_128' title='bbox 697 647 851 682; x_wconf 79' lang='grc' dir='ltr'>εὐεργετεῖν</span> <span class='ocrx_word' id='word_1_129' title='bbox 874 645 932 674; x_wconf 83' lang='grc' dir='ltr'>οἶδα</span> 
     </span>
    </p>
   </div>
   <div class='ocr_carea' id='block_1_24' title="bbox 994 645 1773 682">
    <p class='ocr_par' dir='ltr' id='par_1_24' title="bbox 994 645 1773 680">
     <span class='ocr_line' id='line_1_24' title="bbox 994 645 1773 680; baseline 0.001 -8"><span class='ocrx_word' id='word_1_130' title='bbox 994 650 1003 662; x_wconf 77' lang='grc'><strong>⁸</strong></span> <span class='ocrx_word' id='word_1_131' title='bbox 1019 646 1072 673; x_wconf 86' lang='lat' dir='ltr'><strong>Nec</strong></span> <span class='ocrx_word' id='word_1_132' title='bbox 1087 645 1248 674; x_wconf 76' lang='lat' dir='ltr'><strong>benefacere</strong></span> <span class='ocrx_word' id='word_1_133' title='bbox 1264 645 1344 673; x_wconf 89' lang='lat' dir='ltr'><strong>dictis</strong></span> <span class='ocrx_word' id='word_1_134' title='bbox 1358 645 1497 680; x_wconf 89' lang='lat' dir='ltr'><strong>improbos</strong></span> <span class='ocrx_word' id='word_1_135' title='bbox 1512 646 1578 677; x_wconf 88' lang='lat' dir='ltr'><strong>scio,</strong></span> <span class='ocrx_word' id='word_1_136' title='bbox 1589 646 1652 673; x_wconf 87' lang='lat' dir='ltr'><strong>licet</strong></span> <span class='ocrx_word' id='word_1_137' title='bbox 1663 647 1705 680; x_wconf 83' lang='lat' dir='ltr'><strong>(ut</strong></span> <span class='ocrx_word' id='word_1_138' title='bbox 1716 651 1773 673; x_wconf 88' lang='lat' dir='ltr'><strong>tute</strong></span> 
     </span>
    </p>
   </div>
   <div class='ocr_carea' id='block_1_25' title="bbox 145 693 930 729">
    <p class='ocr_par' dir='ltr' id='par_1_25' title="bbox 145 693 930 729">
     <span class='ocr_line' id='line_1_25' title="bbox 145 693 930 729; baseline 0 -9"><span class='ocrx_word' id='word_1_139' title='bbox 145 694 226 729; x_wconf 84' lang='grc' dir='ltr'>λόγῳ.</span> <span class='ocrx_word' id='word_1_140' title='bbox 247 693 349 728; x_wconf 79' lang='grc' dir='ltr'>καίπερ</span> <span class='ocrx_word' id='word_1_141' title='bbox 369 695 398 720; x_wconf 84' lang='grc' dir='ltr'><strong>ὲν</strong></span> <span class='ocrx_word' id='word_1_142' title='bbox 414 695 471 725; x_wconf 83' lang='grc' dir='ltr'>τοῖς</span> <span class='ocrx_word' id='word_1_143' title='bbox 488 693 578 725; x_wconf 80' lang='grc' dir='ltr'>ἄλλοις</span> <span class='ocrx_word' id='word_1_144' title='bbox 594 694 651 728; x_wconf 83' lang='grc' dir='ltr'><strong>(ὡς</strong></span> <span class='ocrx_word' id='word_1_145' title='bbox 669 693 702 720; x_wconf 79' lang='grc' dir='ltr'><strong>ἂν</strong></span> <span class='ocrx_word' id='word_1_146' title='bbox 724 694 805 725; x_wconf 80' lang='grc' dir='ltr'>αὐτὸς</span> <span class='ocrx_word' id='word_1_147' title='bbox 831 693 930 728; x_wconf 85' lang='grc' dir='ltr'>φαίης)</span> 
     </span>
    </p>
   </div>
   <div class='ocr_carea' id='block_1_26' title="bbox 145 738 932 774">
    <p class='ocr_par' dir='ltr' id='par_1_26' title="bbox 145 738 932 774">
     <span class='ocr_line' id='line_1_26' title="bbox 145 738 932 774; baseline 0 -10"><span class='ocrx_word' id='word_1_148' title='bbox 145 738 361 774; x_wconf 82' lang='grc' dir='ltr'>φιλοσοφώτερον</span> <span class='ocrx_word' id='word_1_149' title='bbox 372 738 439 765; x_wconf 81' lang='grc' dir='ltr'>αὐτὸ</span> <span class='ocrx_word' id='word_1_150' title='bbox 450 739 602 774; x_wconf 76' lang='grc' dir='ltr'><strong>θεωρήσας,</strong></span> <span class='ocrx_word' id='word_1_151' title='bbox 611 738 673 765; x_wconf 76' lang='grc' dir='ltr'>οὔτε</span> <span class='ocrx_word' id='word_1_152' title='bbox 683 738 862 770; x_wconf 80' lang='grc' dir='ltr'>σολοικίζουσι</span> <span class='ocrx_word' id='word_1_153' title='bbox 875 738 932 774; x_wconf 79' lang='grc' dir='ltr'>(νῦν</span> 
     </span>
    </p>
   </div>
   <div class='ocr_carea' id='block_1_27' title="bbox 146 784 932 820">
    <p class='ocr_par' dir='ltr' id='par_1_27' title="bbox 146 784 932 820">
     <span class='ocr_line' id='line_1_27' title="bbox 146 784 932 820; baseline 0.003 -10"><span class='ocrx_word' id='word_1_154' title='bbox 146 784 200 819; x_wconf 76' lang='grc' dir='ltr'><strong>γὰρ</strong></span> <span class='ocrx_word' id='word_1_155' title='bbox 222 784 250 811; x_wconf 81' lang='grc' dir='ltr'>ετ</span> <span class='ocrx_word' id='word_1_156' title='bbox 260 792 326 810; x_wconf 88' lang='grc' dir='ltr'>ποτε</span> <span class='ocrx_word' id='word_1_157' title='bbox 338 804 344 815; x_wconf 86' lang='grc'><strong>,</strong></span> <span class='ocrx_word' id='word_1_158' title='bbox 362 785 457 820; x_wconf 79' lang='grc' dir='ltr'>καιρὸς</span> <span class='ocrx_word' id='word_1_159' title='bbox 473 785 519 811; x_wconf 75' lang='grc' dir='ltr'>καὶ</span> <span class='ocrx_word' id='word_1_160' title='bbox 535 784 582 811; x_wconf 84' lang='grc' dir='ltr'>τοῦ</span> <span class='ocrx_word' id='word_1_161' title='bbox 602 785 713 820; x_wconf 77' lang='grc' dir='ltr'>παῖξαι)</span> <span class='ocrx_word' id='word_1_162' title='bbox 739 785 857 820; x_wconf 82' lang='grc' dir='ltr'><strong>συνήθης</strong></span> <span class='ocrx_word' id='word_1_163' title='bbox 873 785 932 820; x_wconf 79' lang='grc' dir='ltr'>εἰμὶ</span> 
     </span>
    </p>
   </div>
   <div class='ocr_carea' id='block_1_28' title="bbox 147 828 933 866">
    <p class='ocr_par' dir='ltr' id='par_1_28' title="bbox 147 828 933 866">
     <span class='ocr_line' id='line_1_28' title="bbox 147 828 933 866; baseline 0.003 -10"><span class='ocrx_word' id='word_1_164' title='bbox 147 830 298 857; x_wconf 81' lang='grc' dir='ltr'>πείθεσθαι·</span> <span class='ocrx_word' id='word_1_165' title='bbox 320 830 373 862; x_wconf 75' lang='grc' dir='ltr'>ἕως</span> <span class='ocrx_word' id='word_1_166' title='bbox 387 831 420 857; x_wconf 78' lang='grc' dir='ltr'>ἂν</span> <span class='ocrx_word' id='word_1_167' title='bbox 436 828 483 858; x_wconf 84' lang='grc' dir='ltr'><strong>οὖν</strong></span> <span class='ocrx_word' id='word_1_168' title='bbox 498 831 653 866; x_wconf 80' lang='grc' dir='ltr'><strong>εὐχάριστοι</strong></span> <span class='ocrx_word' id='word_1_169' title='bbox 671 831 720 866; x_wconf 81' lang='grc' dir='ltr'>μὲν</span> <span class='ocrx_word' id='word_1_170' title='bbox 736 832 761 857; x_wconf 78' lang='lat' dir='ltr'><strong>oi</strong></span> <span class='ocrx_word' id='word_1_171' title='bbox 776 831 933 866; x_wconf 79' lang='grc' dir='ltr'>ἀγνώμονες</span> 
     </span>
    </p>
   </div>
   <div class='ocr_carea' id='block_1_29' title="bbox 147 878 936 915">
    <p class='ocr_par' dir='ltr' id='par_1_29' title="bbox 147 878 936 915">
     <span class='ocr_line' id='line_1_29' title="bbox 147 878 936 915; baseline 0.001 -10"><span class='ocrx_word' id='word_1_172' title='bbox 147 878 328 905; x_wconf 80' lang='grc' dir='ltr'>καταστῶσιν·</span> <span class='ocrx_word' id='word_1_173' title='bbox 347 879 372 904; x_wconf 79' lang='lat' dir='ltr'><strong>oi.</strong></span> <span class='ocrx_word' id='word_1_174' title='bbox 385 878 413 905; x_wconf 73' lang='grc' dir='ltr'><strong>δὲ</strong></span> <span class='ocrx_word' id='word_1_175' title='bbox 426 879 490 910; x_wconf 81' lang='grc' dir='ltr'>τοὺς</span> <span class='ocrx_word' id='word_1_176' title='bbox 504 879 604 910; x_wconf 85' lang='grc' dir='ltr'>καλοὺς</span> <span class='ocrx_word' id='word_1_177' title='bbox 619 880 691 913; x_wconf 83' lang='grc' dir='ltr'>κακῇ</span> <span class='ocrx_word' id='word_1_178' title='bbox 707 880 833 915; x_wconf 81' lang='grc' dir='ltr'>προφορᾷ</span> <span class='ocrx_word' id='word_1_179' title='bbox 847 879 936 914; x_wconf 81' lang='grc' dir='ltr'>ῥημά-</span> 
     </span>
    </p>
   </div>
   <div class='ocr_carea' id='block_1_30' title="bbox 146 923 937 961">
    <p class='ocr_par' dir='ltr' id='par_1_30' title="bbox 146 923 937 961">
     <span class='ocr_line' id='line_1_30' title="bbox 146 923 937 961; baseline 0.003 -11"><span class='ocrx_word' id='word_1_180' title='bbox 146 932 201 950; x_wconf 83' lang='grc' dir='ltr'><strong>των</strong></span> <span class='ocrx_word' id='word_1_181' title='bbox 214 923 381 958; x_wconf 80' lang='grc' dir='ltr'>αἰκιζόμενοι</span> <span class='ocrx_word' id='word_1_182' title='bbox 396 923 503 958; x_wconf 86' lang='grc' dir='ltr'>λόγους,</span> <span class='ocrx_word' id='word_1_183' title='bbox 523 924 636 951; x_wconf 83' lang='grc' dir='ltr'><strong>Ἐλλάδα</strong></span> <span class='ocrx_word' id='word_1_184' title='bbox 649 925 772 959; x_wconf 85' lang='grc' dir='ltr'>γλῶτταν</span> <span class='ocrx_word' id='word_1_185' title='bbox 786 926 835 961; x_wconf 83' lang='grc' dir='ltr'>τῆς</span> <span class='ocrx_word' id='word_1_186' title='bbox 851 926 937 959; x_wconf 86' lang='grc' dir='ltr'>ἀμου-</span> 
     </span>
    </p>
   </div>
   <div class='ocr_carea' id='block_1_31' title="bbox 147 969 936 1007">
    <p class='ocr_par' dir='ltr' id='par_1_31' title="bbox 147 969 936 1007">
     <span class='ocr_line' id='line_1_31' title="bbox 147 969 936 1007; baseline 0.003 -12"><span class='ocrx_word' id='word_1_187' title='bbox 147 969 208 1000; x_wconf 87' lang='grc' dir='ltr'>σίας</span> <span class='ocrx_word' id='word_1_188' title='bbox 221 969 389 1001; x_wconf 78' lang='grc' dir='ltr'>ἀλλάξωνται</span> <span class='ocrx_word' id='word_1_189' title='bbox 400 990 407 1002; x_wconf 87' lang='grc'><strong>,</strong></span> <span class='ocrx_word' id='word_1_190' title='bbox 422 970 471 996; x_wconf 80' lang='grc' dir='ltr'>οὐκ</span> <span class='ocrx_word' id='word_1_191' title='bbox 485 970 519 997; x_wconf 90' lang='grc' dir='ltr'>ἃν</span> <span class='ocrx_word' id='word_1_192' title='bbox 533 969 603 997; x_wconf 79' lang='grc' dir='ltr'>ἑκών</span> <span class='ocrx_word' id='word_1_193' title='bbox 616 979 649 1005; x_wconf 88' lang='grc' dir='ltr'><strong>γε</strong></span> <span class='ocrx_word' id='word_1_194' title='bbox 665 969 735 998; x_wconf 73' lang='grc' dir='ltr'>εἶναι</span> <span class='ocrx_word' id='word_1_195' title='bbox 750 971 804 998; x_wconf 84' lang='grc' dir='ltr'><strong>τῶν</strong></span> <span class='ocrx_word' id='word_1_196' title='bbox 819 973 869 1007; x_wconf 84' lang='grc' dir='ltr'>τῆς</span> <span class='ocrx_word' id='word_1_197' title='bbox 888 973 936 1007; x_wconf 85' lang='grc' dir='ltr'><strong>ῥη-</strong></span> 
     </span>
    </p>
   </div>
   <div class='ocr_carea' id='block_1_32' title="bbox 146 1014 936 1052">
    <p class='ocr_par' dir='ltr' id='par_1_32' title="bbox 146 1014 936 1052">
     <span class='ocr_line' id='line_1_32' title="bbox 146 1014 936 1052; baseline 0.005 -12"><span class='ocrx_word' id='word_1_198' title='bbox 146 1014 241 1050; x_wconf 79' lang='grc' dir='ltr'>τορίας</span> <span class='ocrx_word' id='word_1_199' title='bbox 251 1015 351 1042; x_wconf 83' lang='grc' dir='ltr'>καινῶν</span> <span class='ocrx_word' id='word_1_200' title='bbox 366 1015 523 1051; x_wconf 81' lang='grc' dir='ltr'>μυστηρίων</span> <span class='ocrx_word' id='word_1_201' title='bbox 536 1017 659 1048; x_wconf 78' lang='grc' dir='ltr'><strong>ἐπόπτας</strong></span> <span class='ocrx_word' id='word_1_202' title='bbox 672 1017 839 1052; x_wconf 82' lang='grc' dir='ltr'>ποιήσωμαι’</span> <span class='ocrx_word' id='word_1_203' title='bbox 851 1018 892 1044; x_wconf 80' lang='grc' dir='ltr'><strong>διὸ</strong></span> <span class='ocrx_word' id='word_1_204' title='bbox 904 1019 936 1044; x_wconf 83' lang='grc' dir='ltr'>σὺ</span> 
     </span>
    </p>
   </div>
   <div class='ocr_carea' id='block_1_33' title="bbox 150 1059 937 1096">
    <p class='ocr_par' dir='ltr' id='par_1_33' title="bbox 150 1059 937 1096">
     <span class='ocr_line' id='line_1_33' title="bbox 150 1059 937 1096; baseline 0.003 -11"><span class='ocrx_word' id='word_1_205' title='bbox 150 1060 199 1094; x_wconf 81' lang='grc' dir='ltr'>μὲν</span> <span class='ocrx_word' id='word_1_206' title='bbox 213 1059 262 1094; x_wconf 86' lang='grc' dir='ltr'><strong>τὴν</strong></span> <span class='ocrx_word' id='word_1_207' title='bbox 275 1059 398 1094; x_wconf 85' lang='grc' dir='ltr'>γλῶτταν</span> <span class='ocrx_word' id='word_1_208' title='bbox 420 1060 557 1092; x_wconf 72' lang='grc' dir='ltr'><strong>Ἀττικαῖς</strong></span> <span class='ocrx_word' id='word_1_209' title='bbox 572 1060 698 1095; x_wconf 77' lang='grc' dir='ltr'><strong>μελέταις</strong></span> <span class='ocrx_word' id='word_1_210' title='bbox 708 1081 716 1094; x_wconf 86' lang='grc'><strong>,</strong></span> <span class='ocrx_word' id='word_1_211' title='bbox 729 1062 743 1088; x_wconf 84' lang='grc' dir='ltr'><strong>ό</strong></span> <span class='ocrx_word' id='word_1_212' title='bbox 760 1061 789 1087; x_wconf 80' lang='grc' dir='ltr'><strong>δὲ</strong></span> <span class='ocrx_word' id='word_1_213' title='bbox 802 1061 847 1093; x_wconf 78' lang='grc' dir='ltr'>σὸς</span> <span class='ocrx_word' id='word_1_214' title='bbox 861 1061 937 1096; x_wconf 84' lang='grc' dir='ltr'>φίλος</span> 
     </span>
    </p>
   </div>
   <div class='ocr_carea' id='block_1_34' title="bbox 149 1105 938 1143">
    <p class='ocr_par' dir='ltr' id='par_1_34' title="bbox 149 1105 938 1143">
     <span class='ocr_line' id='line_1_34' title="bbox 149 1105 938 1143; baseline 0.004 -12"><span class='ocrx_word' id='word_1_215' title='bbox 149 1105 361 1141; x_wconf 80' lang='grc' dir='ltr'><strong>εὐγνωμοσύνης</strong></span> <span class='ocrx_word' id='word_1_216' title='bbox 375 1105 499 1137; x_wconf 83' lang='grc' dir='ltr'><strong>τελεταῖς</strong></span> <span class='ocrx_word' id='word_1_217' title='bbox 509 1126 516 1139; x_wconf 93' lang='grc'><strong>,</strong></span> <span class='ocrx_word' id='word_1_218' title='bbox 533 1106 582 1141; x_wconf 83' lang='grc' dir='ltr'><strong>τὴν</strong></span> <span class='ocrx_word' id='word_1_219' title='bbox 597 1106 711 1142; x_wconf 85' lang='grc' dir='ltr'>γνώμην</span> <span class='ocrx_word' id='word_1_220' title='bbox 733 1107 867 1143; x_wconf 81' lang='grc' dir='ltr'>καθάρας.</span> <span class='ocrx_word' id='word_1_221' title='bbox 889 1108 938 1134; x_wconf 79' lang='grc' dir='ltr'><strong>σὺν</strong></span> 
     </span>
    </p>
   </div>
   <div class='ocr_carea' id='block_1_35' title="bbox 150 1151 726 1187">
    <p class='ocr_par' dir='ltr' id='par_1_35' title="bbox 150 1151 726 1187">
     <span class='ocr_line' id='line_1_35' title="bbox 150 1151 726 1187; baseline 0.003 -10"><span class='ocrx_word' id='word_1_222' title='bbox 150 1151 209 1186; x_wconf 85' lang='grc' dir='ltr'><strong>Θεῷ</strong></span> <span class='ocrx_word' id='word_1_223' title='bbox 225 1151 306 1186; x_wconf 82' lang='grc' dir='ltr'>φάναι</span> <span class='ocrx_word' id='word_1_224' title='bbox 320 1151 458 1185; x_wconf 81' lang='grc' dir='ltr'>τεύξοισθε</span> <span class='ocrx_word' id='word_1_225' title='bbox 473 1152 527 1179; x_wconf 84' lang='grc' dir='ltr'>τῶν</span> <span class='ocrx_word' id='word_1_226' title='bbox 542 1152 726 1187; x_wconf 79' lang='grc' dir='ltr'>ποθουμὲνων.</span> 
     </span>
    </p>
   </div>
   <div class='ocr_carea' id='block_1_36' title="bbox 237 1257 639 1289">
    <p class='ocr_par' dir='ltr' id='par_1_36' title="bbox 237 1257 639 1289">
     <span class='ocr_line' id='line_1_36' title="bbox 237 1257 639 1289; baseline 0.002 -6"><span class='ocrx_word' id='word_1_227' title='bbox 237 1283 243 1289; x_wconf 77' lang='grc'><strong>,</strong></span> <span class='ocrx_word' id='word_1_228' title='bbox 452 1257 563 1284; x_wconf 81' lang='grc' dir='ltr'><strong>ΕΙΙΙΣΤ.</strong></span> <span class='ocrx_word' id='word_1_229' title='bbox 579 1257 639 1284; x_wconf 74' lang='grc' dir='ltr'><strong>Λθι.</strong></span> 
     </span>
    </p>
   </div>
   <div class='ocr_carea' id='block_1_37' title="bbox 267 1302 824 1339">
    <p class='ocr_par' dir='ltr' id='par_1_37' title="bbox 267 1302 824 1339">
     <span class='ocr_line' id='line_1_37' title="bbox 267 1302 824 1339; baseline 0 -8"><span class='ocrx_word' id='word_1_230' title='bbox 267 1304 399 1338; x_wconf 75' lang='grc' dir='ltr'>Ζαχαρία</span> <span class='ocrx_word' id='word_1_231' title='bbox 405 1304 609 1339; x_wconf 79' lang='grc' dir='ltr'>μητροπολίτῃ</span> <span class='ocrx_word' id='word_1_232' title='bbox 621 1302 824 1337; x_wconf 66' lang='grc' dir='ltr'>Χαλκηδόνος.</span> 
     </span>
    </p>
   </div>
   <div class='ocr_carea' id='block_1_38' title="bbox 984 691 1771 727">
    <p class='ocr_par' dir='ltr' id='par_1_38' title="bbox 984 691 1771 727">
     <span class='ocr_line' id='line_1_38' title="bbox 984 691 1771 727; baseline 0 -9"><span class='ocrx_word' id='word_1_233' title='bbox 984 691 1111 725; x_wconf 78' lang='lat' dir='ltr'><strong>allii-mas)</strong></span> <span class='ocrx_word' id='word_1_234' title='bbox 1122 691 1168 726; x_wconf 85' lang='lat' dir='ltr'><strong>qui</strong></span> <span class='ocrx_word' id='word_1_235' title='bbox 1183 692 1267 727; x_wconf 79' lang='lat' dir='ltr'><strong>magis</strong></span> <span class='ocrx_word' id='word_1_236' title='bbox 1278 691 1467 726; x_wconf 84' lang='lat' dir='ltr'><strong>philosophice</strong></span> <span class='ocrx_word' id='word_1_237' title='bbox 1477 699 1536 718; x_wconf 90' lang='lat' dir='ltr'><strong>rem</strong></span> <span class='ocrx_word' id='word_1_238' title='bbox 1546 692 1736 726; x_wconf 83' lang='lat' dir='ltr'><strong>complecteris</strong></span> <span class='ocrx_word' id='word_1_239' title='bbox 1744 692 1771 718; x_wconf 83' lang='lat' dir='ltr'><strong>in</strong></span> 
     </span>
    </p>
   </div>
   <div class='ocr_carea' id='block_1_39' title="bbox 986 736 1773 772">
    <p class='ocr_par' dir='ltr' id='par_1_39' title="bbox 986 736 1773 772">
     <span class='ocr_line' id='line_1_39' title="bbox 986 736 1773 772; baseline -0.001 -8"><span class='ocrx_word' id='word_1_240' title='bbox 986 737 1045 764; x_wconf 90' lang='lat' dir='ltr'><strong>aliis</strong></span> <span class='ocrx_word' id='word_1_241' title='bbox 1060 745 1067 763; x_wconf 87' lang='lat'>:</span> <span class='ocrx_word' id='word_1_242' title='bbox 1083 744 1172 771; x_wconf 88' lang='lat' dir='ltr'><strong>neque</strong></span> <span class='ocrx_word' id='word_1_243' title='bbox 1180 736 1363 764; x_wconf 59' lang='lat' dir='ltr'><strong>soloecismum</strong></span> <span class='ocrx_word' id='word_1_244' title='bbox 1377 737 1582 764; x_wconf 76' lang='lat' dir='ltr'><strong>admittentibus</strong></span> <span class='ocrx_word' id='word_1_245' title='bbox 1593 736 1678 772; x_wconf 88' lang='lat' dir='ltr'><strong>(nunc</strong></span> <span class='ocrx_word' id='word_1_246' title='bbox 1690 737 1773 768; x_wconf 89' lang='lat' dir='ltr'><strong>enim,</strong></span> 
     </span>
    </p>
   </div>
   <div class='ocr_carea' id='block_1_40' title="bbox 987 781 1776 816">
    <p class='ocr_par' dir='ltr' id='par_1_40' title="bbox 987 781 1776 816">
     <span class='ocr_line' id='line_1_40' title="bbox 987 781 1776 816; baseline 0 -7"><span class='ocrx_word' id='word_1_247' title='bbox 987 782 1009 809; x_wconf 84' lang='lat' dir='ltr'><strong>si</strong></span> <span class='ocrx_word' id='word_1_248' title='bbox 1024 781 1104 815; x_wconf 86' lang='lat' dir='ltr'><strong>alias,</strong></span> <span class='ocrx_word' id='word_1_249' title='bbox 1119 782 1228 809; x_wconf 86' lang='lat' dir='ltr'><strong>occasio</strong></span> <span class='ocrx_word' id='word_1_250' title='bbox 1241 781 1349 816; x_wconf 86' lang='lat' dir='ltr'><strong>jocandi</strong></span> <span class='ocrx_word' id='word_1_251' title='bbox 1371 782 1550 816; x_wconf 84' lang='lat' dir='ltr'><strong>ministratur)</strong></span> <span class='ocrx_word' id='word_1_252' title='bbox 1564 782 1630 809; x_wconf 92' lang='lat' dir='ltr'><strong>mihi</strong></span> <span class='ocrx_word' id='word_1_253' title='bbox 1652 782 1680 809; x_wconf 91' lang='lat' dir='ltr'><strong>in</strong></span> <span class='ocrx_word' id='word_1_254' title='bbox 1701 790 1776 809; x_wconf 88' lang='lat' dir='ltr'><strong>more</strong></span> 
     </span>
    </p>
   </div>
   <div class='ocr_carea' id='block_1_41' title="bbox 988 828 1776 863">
    <p class='ocr_par' dir='ltr' id='par_1_41' title="bbox 988 828 1776 863">
     <span class='ocr_line' id='line_1_41' title="bbox 988 828 1776 863; baseline 0 -9"><span class='ocrx_word' id='word_1_255' title='bbox 988 828 1099 862; x_wconf 81' lang='lat' dir='ltr'><strong>ponitur</strong></span> <span class='ocrx_word' id='word_1_256' title='bbox 1119 828 1308 862; x_wconf 85' lang='lat' dir='ltr'><strong>obtemperare</strong></span> <span class='ocrx_word' id='word_1_257' title='bbox 1325 836 1331 853; x_wconf 73' lang='grc' dir='ltr'><strong>ι</strong></span> <span class='ocrx_word' id='word_1_258' title='bbox 1348 828 1470 862; x_wconf 87' lang='lat' dir='ltr'><strong>quandiu</strong></span> <span class='ocrx_word' id='word_1_259' title='bbox 1485 828 1552 863; x_wconf 73' lang='lat' dir='ltr'><strong>grati</strong></span> <span class='ocrx_word' id='word_1_260' title='bbox 1570 828 1713 860; x_wconf 79' lang='lat' dir='ltr'><strong>exsistant,</strong></span> <span class='ocrx_word' id='word_1_261' title='bbox 1730 828 1776 862; x_wconf 86' lang='lat' dir='ltr'><strong>qui</strong></span> 
     </span>
    </p>
   </div>
   <div class='ocr_carea' id='block_1_42' title="bbox 985 873 1777 909">
    <p class='ocr_par' dir='ltr' id='par_1_42' title="bbox 985 873 1777 909">
     <span class='ocr_line' id='line_1_42' title="bbox 985 873 1777 909; baseline -0.001 -9"><span class='ocrx_word' id='word_1_262' title='bbox 985 878 1051 901; x_wconf 91' lang='lat' dir='ltr'><strong>sunt</strong></span> <span class='ocrx_word' id='word_1_263' title='bbox 1066 877 1119 901; x_wconf 92' lang='lat' dir='ltr'><strong>tam</strong></span> <span class='ocrx_word' id='word_1_264' title='bbox 1135 881 1266 909; x_wconf 83' lang='lat' dir='ltr'><strong>perverse</strong></span> <span class='ocrx_word' id='word_1_265' title='bbox 1282 873 1383 907; x_wconf 70' lang='lat' dir='ltr'><strong>atl‘ecti,</strong></span> <span class='ocrx_word' id='word_1_266' title='bbox 1398 878 1428 901; x_wconf 89' lang='lat' dir='ltr'><strong>ut</strong></span> <span class='ocrx_word' id='word_1_267' title='bbox 1442 877 1470 901; x_wconf 91' lang='lat' dir='ltr'><strong>et</strong></span> <span class='ocrx_word' id='word_1_268' title='bbox 1485 873 1555 900; x_wconf 90' lang='lat' dir='ltr'><strong>male</strong></span> <span class='ocrx_word' id='word_1_269' title='bbox 1568 873 1708 908; x_wconf 87' lang='lat' dir='ltr'><strong>productis</strong></span> <span class='ocrx_word' id='word_1_270' title='bbox 1718 881 1777 900; x_wconf 89' lang='lat' dir='ltr'><strong>ver-</strong></span> 
     </span>
    </p>
   </div>
   <div class='ocr_carea' id='block_1_43' title="bbox 987 920 1778 956">
    <p class='ocr_par' dir='ltr' id='par_1_43' title="bbox 987 920 1778 956">
     <span class='ocr_line' id='line_1_43' title="bbox 987 920 1778 956; baseline 0.001 -9"><span class='ocrx_word' id='word_1_271' title='bbox 987 920 1030 947; x_wconf 93' lang='lat' dir='ltr'><strong>bis</strong></span> <span class='ocrx_word' id='word_1_272' title='bbox 1047 920 1199 947; x_wconf 87' lang='lat' dir='ltr'><strong>orationem</strong></span> <span class='ocrx_word' id='word_1_273' title='bbox 1214 920 1326 954; x_wconf 61' lang='lat' dir='ltr'><strong>laedant,</strong></span> <span class='ocrx_word' id='word_1_274' title='bbox 1342 921 1380 948; x_wconf 88' lang='lat' dir='ltr'><strong>ita</strong></span> <span class='ocrx_word' id='word_1_275' title='bbox 1399 925 1429 948; x_wconf 92' lang='lat' dir='ltr'><strong>ut</strong></span> <span class='ocrx_word' id='word_1_276' title='bbox 1452 921 1569 956; x_wconf 75' lang='lat' dir='ltr'><strong>linguam</strong></span> <span class='ocrx_word' id='word_1_277' title='bbox 1586 920 1707 949; x_wconf 62' lang='lat' dir='ltr'><strong>Graecam</strong></span> <span class='ocrx_word' id='word_1_278' title='bbox 1725 921 1778 948; x_wconf 89' lang='lat' dir='ltr'><strong>illi—</strong></span> 
     </span>
    </p>
   </div>
   <div class='ocr_carea' id='block_1_44' title="bbox 984 965 1776 1002">
    <p class='ocr_par' dir='ltr' id='par_1_44' title="bbox 984 965 1776 1002">
     <span class='ocr_line' id='line_1_44' title="bbox 984 965 1776 1002; baseline 0 -8"><span class='ocrx_word' id='word_1_279' title='bbox 984 965 1060 994; x_wconf 85' lang='lat' dir='ltr'><strong>terati</strong></span> <span class='ocrx_word' id='word_1_280' title='bbox 1078 970 1244 1001; x_wconf 90' lang='lat' dir='ltr'><strong>permutent,</strong></span> <span class='ocrx_word' id='word_1_281' title='bbox 1271 967 1344 994; x_wconf 87' lang='lat' dir='ltr'><strong>haud</strong></span> <span class='ocrx_word' id='word_1_282' title='bbox 1366 974 1416 1002; x_wconf 75' lang='lat' dir='ltr'><strong>ego</strong></span> <span class='ocrx_word' id='word_1_283' title='bbox 1433 967 1549 994; x_wconf 87' lang='lat' dir='ltr'><strong>libenter</strong></span> <span class='ocrx_word' id='word_1_284' title='bbox 1563 967 1776 994; x_wconf 85' lang='lat' dir='ltr'><strong>admittam-cos</strong></span> 
     </span>
    </p>
   </div>
   <div class='ocr_carea' id='block_1_45' title="bbox 985 1012 1778 1048">
    <p class='ocr_par' dir='ltr' id='par_1_45' title="bbox 985 1012 1778 1048">
     <span class='ocr_line' id='line_1_45' title="bbox 985 1012 1778 1048; baseline 0.003 -10"><span class='ocrx_word' id='word_1_285' title='bbox 985 1019 1118 1039; x_wconf 88' lang='lat' dir='ltr'><strong>novorum</strong></span> <span class='ocrx_word' id='word_1_286' title='bbox 1130 1012 1272 1040; x_wconf 69' lang='lat' dir='ltr'><strong>rhetoricae</strong></span> <span class='ocrx_word' id='word_1_287' title='bbox 1285 1013 1479 1048; x_wconf 85' lang='lat' dir='ltr'><strong>mysteriorum</strong></span> <span class='ocrx_word' id='word_1_288' title='bbox 1492 1017 1617 1048; x_wconf 77' lang='lat' dir='ltr'><strong>epoplas.</strong></span> <span class='ocrx_word' id='word_1_289' title='bbox 1633 1012 1674 1040; x_wconf 89' lang='lat' dir='ltr'><strong>Tu</strong></span> <span class='ocrx_word' id='word_1_290' title='bbox 1691 1013 1778 1048; x_wconf 75' lang='lat' dir='ltr'><strong>igitur</strong></span> 
     </span>
    </p>
   </div>
   <div class='ocr_carea' id='block_1_46' title="bbox 984 1057 1778 1092">
    <p class='ocr_par' dir='ltr' id='par_1_46' title="bbox 984 1057 1778 1092">
     <span class='ocr_line' id='line_1_46' title="bbox 984 1057 1778 1092; baseline 0.001 -8"><span class='ocrx_word' id='word_1_291' title='bbox 984 1057 1103 1092; x_wconf 80' lang='lat' dir='ltr'><strong>linguam</strong></span> <span class='ocrx_word' id='word_1_292' title='bbox 1115 1062 1189 1085; x_wconf 84' lang='lat' dir='ltr'><strong>tuam</strong></span> <span class='ocrx_word' id='word_1_293' title='bbox 1204 1058 1409 1086; x_wconf 84' lang='lat' dir='ltr'><strong>Atticismorum</strong></span> <span class='ocrx_word' id='word_1_294' title='bbox 1421 1059 1655 1091; x_wconf 86' lang='lat' dir='ltr'><strong>meditationibus,</strong></span> <span class='ocrx_word' id='word_1_295' title='bbox 1670 1059 1778 1088; x_wconf 80' lang='lat' dir='ltr'><strong>amicus</strong></span> 
     </span>
    </p>
   </div>
   <div class='ocr_carea' id='block_1_47' title="bbox 985 1103 1776 1140">
    <p class='ocr_par' dir='ltr' id='par_1_47' title="bbox 985 1103 1776 1140">
     <span class='ocr_line' id='line_1_47' title="bbox 985 1103 1776 1140; baseline 0.003 -11"><span class='ocrx_word' id='word_1_296' title='bbox 985 1106 1077 1130; x_wconf 85' lang='lat' dir='ltr'><strong>autem</strong></span> <span class='ocrx_word' id='word_1_297' title='bbox 1094 1107 1156 1130; x_wconf 88' lang='lat' dir='ltr'><strong>tuus</strong></span> <span class='ocrx_word' id='word_1_298' title='bbox 1176 1103 1254 1131; x_wconf 71' lang='lat' dir='ltr'><strong>bona:</strong></span> <span class='ocrx_word' id='word_1_299' title='bbox 1273 1104 1460 1140; x_wconf 81' lang='lat' dir='ltr'><strong>dispositionis</strong></span> <span class='ocrx_word' id='word_1_300' title='bbox 1478 1105 1627 1140; x_wconf 86' lang='lat' dir='ltr'><strong>mysteriis,</strong></span> <span class='ocrx_word' id='word_1_301' title='bbox 1643 1105 1690 1133; x_wconf 91' lang='lat' dir='ltr'><strong>ubi</strong></span> <span class='ocrx_word' id='word_1_302' title='bbox 1715 1106 1776 1132; x_wconf 44' lang='lat' dir='ltr'><strong>ani.</strong></span> 
     </span>
    </p>
   </div>
   <div class='ocr_carea' id='block_1_48' title="bbox 987 1148 1777 1184">
    <p class='ocr_par' dir='ltr' id='par_1_48' title="bbox 987 1148 1777 1184">
     <span class='ocr_line' id='line_1_48' title="bbox 987 1148 1777 1184; baseline 0.004 -10"><span class='ocrx_word' id='word_1_303' title='bbox 987 1155 1061 1174; x_wconf 89' lang='lat' dir='ltr'><strong>mum</strong></span> <span class='ocrx_word' id='word_1_304' title='bbox 1079 1148 1269 1182; x_wconf 77' lang='lat' dir='ltr'><strong>purgaveritis,</strong></span> <span class='ocrx_word' id='word_1_305' title='bbox 1283 1156 1345 1176; x_wconf 92' lang='lat' dir='ltr'><strong>cum</strong></span> <span class='ocrx_word' id='word_1_306' title='bbox 1363 1149 1436 1177; x_wconf 87' lang='lat' dir='ltr'><strong>bono</strong></span> <span class='ocrx_word' id='word_1_307' title='bbox 1450 1149 1506 1176; x_wconf 90' lang='lat' dir='ltr'><strong>Deo</strong></span> <span class='ocrx_word' id='word_1_308' title='bbox 1521 1150 1729 1184; x_wconf 82' lang='lat' dir='ltr'><strong>consequemini</strong></span> <span class='ocrx_word' id='word_1_309' title='bbox 1749 1150 1777 1177; x_wconf 90' lang='lat' dir='ltr'><strong>id</strong></span> 
     </span>
    </p>
   </div>
   <div class='ocr_carea' id='block_1_49' title="bbox 988 1191 1281 1228">
    <p class='ocr_par' dir='ltr' id='par_1_49' title="bbox 988 1191 1281 1228">
     <span class='ocr_line' id='line_1_49' title="bbox 988 1191 1281 1228; baseline 0.003 -9"><span class='ocrx_word' id='word_1_310' title='bbox 988 1191 1060 1227; x_wconf 90' lang='lat' dir='ltr'><strong>quod</strong></span> <span class='ocrx_word' id='word_1_311' title='bbox 1076 1193 1281 1228; x_wconf 87' lang='lat' dir='ltr'><strong>concupiscitis.</strong></span> 
     </span>
    </p>
   </div>
   <div class='ocr_carea' id='block_1_50' title="bbox 1262 1259 1509 1288">
    <p class='ocr_par' dir='ltr' id='par_1_50' title="bbox 1262 1259 1509 1288">
     <span class='ocr_line' id='line_1_50' title="bbox 1262 1259 1509 1288; baseline 0.008 -2"><span class='ocrx_word' id='word_1_312' title='bbox 1262 1259 1371 1287; x_wconf 84' lang='lat' dir='ltr'><strong>EPIST.</strong></span> <span class='ocrx_word' id='word_1_313' title='bbox 1390 1260 1509 1288; x_wconf 77' lang='lat' dir='ltr'><strong>XXXIX.</strong></span> 
     </span>
    </p>
   </div>
   <div class='ocr_carea' id='block_1_51' title="bbox 1112 1306 1636 1340">
    <p class='ocr_par' dir='ltr' id='par_1_51' title="bbox 1112 1306 1636 1340">
     <span class='ocr_line' id='line_1_51' title="bbox 1112 1306 1636 1340; baseline 0 -8"><span class='ocrx_word' id='word_1_314' title='bbox 1112 1306 1250 1333; x_wconf 68' lang='lat' dir='ltr'><strong>lac/naria:</strong></span> <span class='ocrx_word' id='word_1_315' title='bbox 1266 1306 1437 1340; x_wconf 74' lang='lat' dir='ltr'><strong>metropolita:</strong></span> <span class='ocrx_word' id='word_1_316' title='bbox 1451 1306 1636 1334; x_wconf 79' lang='lat' dir='ltr'><strong>Chalcedonis.</strong></span> 
     </span>
    </p>
   </div>
   <div class='ocr_carea' id='block_1_52' title="bbox 768 1361 1161 1395">
    <p class='ocr_par' dir='ltr' id='par_1_52' title="bbox 768 1361 1161 1395">
     <span class='ocr_line' id='line_1_52' title="bbox 768 1361 1161 1395; baseline 0.01 -10"><span class='ocrx_word' id='word_1_317' title='bbox 768 1361 900 1386; x_wconf 83' lang='lat' dir='ltr'><strong>Montaeut.</strong></span> <span class='ocrx_word' id='word_1_318' title='bbox 915 1364 965 1393; x_wconf 86' lang='lat' dir='ltr'><strong>(ep.</strong></span> <span class='ocrx_word' id='word_1_319' title='bbox 978 1363 1032 1394; x_wconf 76' lang='lat'><strong>221,</strong></span> <span class='ocrx_word' id='word_1_320' title='bbox 1051 1370 1074 1394; x_wconf 89' lang='lat' dir='ltr'><strong>p.</strong></span> <span class='ocrx_word' id='word_1_321' title='bbox 1092 1364 1161 1395; x_wconf 78' lang='grc'><strong>329.)</strong></span> 
     </span>
    </p>
   </div>
   <div class='ocr_carea' id='block_1_53' title="bbox 187 1409 939 1448">
    <p class='ocr_par' dir='ltr' id='par_1_53' title="bbox 187 1409 939 1448">
     <span class='ocr_line' id='line_1_53' title="bbox 187 1409 939 1448; baseline -0.003 -10"><span class='ocrx_word' id='word_1_322' title='bbox 187 1412 387 1448; x_wconf 82' lang='grc' dir='ltr'>Γράφειςήμᾶς</span> <span class='ocrx_word' id='word_1_323' title='bbox 409 1411 531 1446; x_wconf 83' lang='grc' dir='ltr'>γραφὴν,</span> <span class='ocrx_word' id='word_1_324' title='bbox 547 1411 580 1446; x_wconf 85' lang='grc' dir='ltr'>ἣν</span> <span class='ocrx_word' id='word_1_325' title='bbox 596 1410 648 1436; x_wconf 78' lang='grc' dir='ltr'>κᾶν</span> <span class='ocrx_word' id='word_1_326' title='bbox 665 1410 758 1445; x_wconf 80' lang='grc' dir='ltr'>ἐτέρου</span> <span class='ocrx_word' id='word_1_327' title='bbox 776 1409 939 1445; x_wconf 77' lang='grc' dir='ltr'>γράφοντος,</span> 
     </span>
    </p>
   </div>
   <div class='ocr_carea' id='block_1_54' title="bbox 152 1455 938 1493">
    <p class='ocr_par' dir='ltr' id='par_1_54' title="bbox 152 1455 938 1493">
     <span class='ocr_line' id='line_1_54' title="bbox 152 1455 938 1493; baseline -0.004 -9"><span class='ocrx_word' id='word_1_328' title='bbox 152 1458 256 1489; x_wconf 78' lang='grc' dir='ltr'>δίκαιος</span> <span class='ocrx_word' id='word_1_329' title='bbox 277 1458 358 1489; x_wconf 77' lang='grc' dir='ltr'>αὐτὸς</span> <span class='ocrx_word' id='word_1_330' title='bbox 374 1455 445 1493; x_wconf 81' lang='grc' dir='ltr'>ἦσθα</span> <span class='ocrx_word' id='word_1_331' title='bbox 461 1456 557 1483; x_wconf 80' lang='grc' dir='ltr'>τοῦτον</span> <span class='ocrx_word' id='word_1_332' title='bbox 581 1455 689 1482; x_wconf 75' lang='grc' dir='ltr'><strong>διώκειν</strong></span> <span class='ocrx_word' id='word_1_333' title='bbox 707 1456 802 1482; x_wconf 82' lang='grc' dir='ltr'><strong>ἀδίκου</strong></span> <span class='ocrx_word' id='word_1_334' title='bbox 821 1458 938 1492; x_wconf 83' lang='grc' dir='ltr'>γραφῆς·</span> 
     </span>
    </p>
   </div>
   <div class='ocr_carea' id='block_1_55' title="bbox 1026 1411 1779 1447">
    <p class='ocr_par' dir='ltr' id='par_1_55' title="bbox 1026 1411 1779 1447">
     <span class='ocr_line' id='line_1_55' title="bbox 1026 1411 1779 1447; baseline 0 -9"><span class='ocrx_word' id='word_1_335' title='bbox 1026 1411 1118 1439; x_wconf 89' lang='lat' dir='ltr'><strong>Dieam</strong></span> <span class='ocrx_word' id='word_1_336' title='bbox 1130 1412 1210 1440; x_wconf 80' lang='lat' dir='ltr'><strong>nobis</strong></span> <span class='ocrx_word' id='word_1_337' title='bbox 1223 1412 1360 1445; x_wconf 88' lang='lat' dir='ltr'><strong>inscribis,</strong></span> <span class='ocrx_word' id='word_1_338' title='bbox 1371 1420 1452 1447; x_wconf 86' lang='lat' dir='ltr'><strong>quam</strong></span> <span class='ocrx_word' id='word_1_339' title='bbox 1469 1413 1491 1440; x_wconf 92' lang='lat' dir='ltr'><strong>si</strong></span> <span class='ocrx_word' id='word_1_340' title='bbox 1505 1413 1578 1440; x_wconf 91' lang='lat' dir='ltr'><strong>alius</strong></span> <span class='ocrx_word' id='word_1_341' title='bbox 1590 1411 1779 1447; x_wconf 64' lang='lat' dir='ltr'><strong>inscripserat»</strong></span> 
     </span>
    </p>
   </div>
   <div class='ocr_carea' id='block_1_56' title="bbox 989 1457 1780 1493">
    <p class='ocr_par' dir='ltr' id='par_1_56' title="bbox 989 1457 1780 1493">
     <span class='ocr_line' id='line_1_56' title="bbox 989 1457 1780 1493; baseline -0.001 -8"><span class='ocrx_word' id='word_1_342' title='bbox 989 1458 1023 1485; x_wconf 90' lang='lat' dir='ltr'><strong>de</strong></span> <span class='ocrx_word' id='word_1_343' title='bbox 1043 1458 1090 1485; x_wconf 89' lang='lat' dir='ltr'><strong>lite</strong></span> <span class='ocrx_word' id='word_1_344' title='bbox 1106 1458 1206 1493; x_wconf 84' lang='lat' dir='ltr'><strong>injuste</strong></span> <span class='ocrx_word' id='word_1_345' title='bbox 1228 1458 1360 1486; x_wconf 87' lang='lat' dir='ltr'><strong>intentata</strong></span> <span class='ocrx_word' id='word_1_346' title='bbox 1375 1459 1450 1485; x_wconf 91' lang='lat' dir='ltr'><strong>illum</strong></span> <span class='ocrx_word' id='word_1_347' title='bbox 1472 1466 1527 1486; x_wconf 90' lang='lat' dir='ltr'><strong>non</strong></span> <span class='ocrx_word' id='word_1_348' title='bbox 1545 1457 1682 1485; x_wconf 88' lang='lat' dir='ltr'><strong>immerito</strong></span> <span class='ocrx_word' id='word_1_349' title='bbox 1699 1464 1780 1484; x_wconf 85' lang='lat' dir='ltr'><strong>accu-</strong></span> 
     </span>
    </p>
   </div>
   <div class='ocr_carea' id='block_1_57' title="bbox 154 1501 942 1550">
    <p class='ocr_par' dir='ltr' id='par_1_57' title="bbox 154 1501 939 1538">
     <span class='ocr_line' id='line_1_57' title="bbox 154 1501 939 1538; baseline -0.003 -8"><span class='ocrx_word' id='word_1_350' title='bbox 154 1504 201 1530; x_wconf 81' lang='grc' dir='ltr'>καὶ</span> <span class='ocrx_word' id='word_1_351' title='bbox 211 1503 327 1538; x_wconf 80' lang='grc' dir='ltr'>γράφεις</span> <span class='ocrx_word' id='word_1_352' title='bbox 342 1503 499 1536; x_wconf 83' lang='grc' dir='ltr'>ἀπολογίαν,</span> <span class='ocrx_word' id='word_1_353' title='bbox 520 1501 633 1536; x_wconf 79' lang='grc' dir='ltr'>μηδενός</span> <span class='ocrx_word' id='word_1_354' title='bbox 650 1510 679 1528; x_wconf 87' lang='grc' dir='ltr'><strong>σε</strong></span> <span class='ocrx_word' id='word_1_355' title='bbox 692 1501 837 1533; x_wconf 77' lang='grc' dir='ltr'>διώξαντος</span> <span class='ocrx_word' id='word_1_356' title='bbox 852 1501 939 1537; x_wconf 85' lang='grc' dir='ltr'>δίκην·</span> 
     </span>
    </p>
   </div>
   <div class='ocr_carea' id='block_1_58' title="bbox 994 1501 1781 1550">
    <p class='ocr_par' dir='ltr' id='par_1_58' title="bbox 994 1504 1781 1539">
     <span class='ocr_line' id='line_1_58' title="bbox 994 1504 1781 1539; baseline -0.001 -8"><span class='ocrx_word' id='word_1_357' title='bbox 994 1512 1082 1537; x_wconf 83' lang='lat' dir='ltr'><strong>sares;</strong></span> <span class='ocrx_word' id='word_1_358' title='bbox 1098 1509 1125 1531; x_wconf 90' lang='lat' dir='ltr'><strong>et</strong></span> <span class='ocrx_word' id='word_1_359' title='bbox 1143 1504 1294 1539; x_wconf 80' lang='lat' dir='ltr'><strong>apologiam</strong></span> <span class='ocrx_word' id='word_1_360' title='bbox 1316 1505 1414 1532; x_wconf 87' lang='lat' dir='ltr'><strong>scribis</strong></span> <span class='ocrx_word' id='word_1_361' title='bbox 1426 1505 1505 1537; x_wconf 76' lang='lat' dir='ltr'><strong>dicae,</strong></span> <span class='ocrx_word' id='word_1_362' title='bbox 1523 1512 1585 1532; x_wconf 91' lang='lat' dir='ltr'><strong>cum</strong></span> <span class='ocrx_word' id='word_1_363' title='bbox 1602 1508 1628 1531; x_wconf 91' lang='lat' dir='ltr'><strong>te</strong></span> <span class='ocrx_word' id='word_1_364' title='bbox 1643 1511 1725 1531; x_wconf 90' lang='lat' dir='ltr'><strong>nemo</strong></span> <span class='ocrx_word' id='word_1_365' title='bbox 1737 1510 1781 1531; x_wconf 83' lang='lat' dir='ltr'><strong>ae-</strong></span> 
     </span>
    </p>
   </div>
   <div class='ocr_carea' id='block_1_59' title="bbox 154 1546 942 1583">
    <p class='ocr_par' dir='ltr' id='par_1_59' title="bbox 154 1546 942 1583">
     <span class='ocr_line' id='line_1_59' title="bbox 154 1546 942 1583; baseline -0.005 -8"><span class='ocrx_word' id='word_1_366' title='bbox 154 1549 200 1576; x_wconf 79' lang='grc' dir='ltr'><strong>καί</strong></span> <span class='ocrx_word' id='word_1_367' title='bbox 220 1557 260 1575; x_wconf 89' lang='grc' dir='ltr'><strong>τοι</strong></span> <span class='ocrx_word' id='word_1_368' title='bbox 279 1547 428 1583; x_wconf 84' lang='grc' dir='ltr'>συγγνώμη</span> <span class='ocrx_word' id='word_1_369' title='bbox 451 1548 526 1574; x_wconf 84' lang='grc' dir='ltr'>πᾶσα</span> <span class='ocrx_word' id='word_1_370' title='bbox 550 1549 597 1573; x_wconf 83' lang='grc' dir='ltr'>καὶ</span> <span class='ocrx_word' id='word_1_371' title='bbox 612 1546 754 1580; x_wconf 67' lang='grc' dir='ltr'>ἀπολογία,</span> <span class='ocrx_word' id='word_1_372' title='bbox 779 1547 877 1582; x_wconf 82' lang='grc' dir='ltr'>μακρῷ</span> <span class='ocrx_word' id='word_1_373' title='bbox 903 1546 942 1582; x_wconf 83' lang='grc' dir='ltr'>τῷ</span> 
     </span>
    </p>
   </div>
   <div class='ocr_carea' id='block_1_60' title="bbox 156 1591 944 1629">
    <p class='ocr_par' dir='ltr' id='par_1_60' title="bbox 156 1591 944 1629">
     <span class='ocr_line' id='line_1_60' title="bbox 156 1591 944 1629; baseline -0.005 -8"><span class='ocrx_word' id='word_1_374' title='bbox 156 1595 248 1629; x_wconf 78' lang='grc' dir='ltr'>μέτρω</span> <span class='ocrx_word' id='word_1_375' title='bbox 258 1595 308 1629; x_wconf 84' lang='grc' dir='ltr'>τῆς</span> <span class='ocrx_word' id='word_1_376' title='bbox 322 1593 487 1628; x_wconf 79' lang='grc' dir='ltr'>κατηγορίας</span> <span class='ocrx_word' id='word_1_377' title='bbox 507 1593 645 1627; x_wconf 82' lang='grc' dir='ltr'>διέστηκεν</span> <span class='ocrx_word' id='word_1_378' title='bbox 656 1599 662 1606; x_wconf 86' lang='grc'><strong>·</strong></span> <span class='ocrx_word' id='word_1_379' title='bbox 684 1593 714 1618; x_wconf 79' lang='grc' dir='ltr'>οὑ</span> <span class='ocrx_word' id='word_1_380' title='bbox 729 1591 783 1626; x_wconf 79' lang='grc' dir='ltr'><strong>γὰρ</strong></span> <span class='ocrx_word' id='word_1_381' title='bbox 797 1591 881 1622; x_wconf 70' lang='grc' dir='ltr'>ἐστιν,</span> <span class='ocrx_word' id='word_1_382' title='bbox 894 1592 944 1618; x_wconf 87' lang='grc' dir='ltr'>οὐκ</span> 
     </span>
    </p>
   </div>
   <div class='ocr_carea' id='block_1_61' title="bbox 153 1637 942 1673">
    <p class='ocr_par' dir='ltr' id='par_1_61' title="bbox 153 1637 942 1673">
     <span class='ocr_line' id='line_1_61' title="bbox 153 1637 942 1673; baseline -0.003 -7"><span class='ocrx_word' id='word_1_383' title='bbox 153 1641 227 1667; x_wconf 77' lang='grc' dir='ltr'>ἐστιν</span> <span class='ocrx_word' id='word_1_384' title='bbox 247 1640 322 1666; x_wconf 73' lang='grc' dir='ltr'>ἔλεον</span> <span class='ocrx_word' id='word_1_385' title='bbox 337 1640 424 1666; x_wconf 77' lang='grc' dir='ltr'>αἰτεῖν</span> <span class='ocrx_word' id='word_1_386' title='bbox 435 1658 443 1671; x_wconf 87' lang='grc'><strong>,</strong></span> <span class='ocrx_word' id='word_1_387' title='bbox 457 1638 505 1673; x_wconf 73' lang='grc' dir='ltr'>καὶ</span> <span class='ocrx_word' id='word_1_388' title='bbox 518 1638 596 1671; x_wconf 83' lang='grc' dir='ltr'>λόγον</span> <span class='ocrx_word' id='word_1_389' title='bbox 612 1637 789 1672; x_wconf 81' lang='grc' dir='ltr'>ἀδικημάτων</span> <span class='ocrx_word' id='word_1_390' title='bbox 805 1637 942 1668; x_wconf 85' lang='grc' dir='ltr'>ἀπαιτεῖν,</span> 
     </span>
    </p>
   </div>
   <div class='ocr_carea' id='block_1_62' title="bbox 154 1680 944 1721">
    <p class='ocr_par' dir='ltr' id='par_1_62' title="bbox 154 1680 944 1721">
     <span class='ocr_line' id='line_1_62' title="bbox 154 1680 944 1721; baseline -0.004 -9"><span class='ocrx_word' id='word_1_391' title='bbox 154 1686 226 1712; x_wconf 83' lang='grc' dir='ltr'>ὥστε</span> <span class='ocrx_word' id='word_1_392' title='bbox 246 1685 284 1721; x_wconf 85' lang='grc' dir='ltr'>μὴ</span> <span class='ocrx_word' id='word_1_393' title='bbox 300 1685 432 1720; x_wconf 83' lang='grc' dir='ltr'>πρότερον</span> <span class='ocrx_word' id='word_1_394' title='bbox 448 1684 537 1711; x_wconf 81' lang='grc' dir='ltr'>αἰτίαν</span> <span class='ocrx_word' id='word_1_395' title='bbox 554 1683 623 1718; x_wconf 78' lang='grc' dir='ltr'>ἔχων</span> <span class='ocrx_word' id='word_1_396' title='bbox 633 1692 639 1698; x_wconf 93' lang='grc'><strong>·</strong></span> <span class='ocrx_word' id='word_1_397' title='bbox 655 1680 734 1719; x_wconf 75' lang='grc' dir='ltr'>εὗρες</span> <span class='ocrx_word' id='word_1_398' title='bbox 753 1683 944 1718; x_wconf 75' lang='grc' dir='ltr'>ἀπολογούμεο</span> 
     </span>
    </p>
   </div>
   <div class='ocr_carea' id='block_1_63' title="bbox 154 1727 945 1766">
    <p class='ocr_par' dir='ltr' id='par_1_63' title="bbox 154 1727 945 1766">
     <span class='ocr_line' id='line_1_63' title="bbox 154 1727 945 1766; baseline -0.004 -8"><span class='ocrx_word' id='word_1_399' title='bbox 154 1741 210 1763; x_wconf 83' lang='grc' dir='ltr'>νος,</span> <span class='ocrx_word' id='word_1_400' title='bbox 238 1731 272 1758; x_wconf 86' lang='grc' dir='ltr'><strong>δι’</strong></span> <span class='ocrx_word' id='word_1_401' title='bbox 301 1727 338 1758; x_wconf 81' lang='grc' dir='ltr'><strong>ὥν</strong></span> <span class='ocrx_word' id='word_1_402' title='bbox 365 1731 480 1758; x_wconf 74' lang='grc' dir='ltr'>σεαυτὸν</span> <span class='ocrx_word' id='word_1_403' title='bbox 515 1731 694 1766; x_wconf 72' lang='grc' dir='ltr'>μακροτάτων</span> <span class='ocrx_word' id='word_1_404' title='bbox 725 1729 813 1764; x_wconf 81' lang='grc' dir='ltr'>λόγων</span> <span class='ocrx_word' id='word_1_405' title='bbox 841 1729 945 1761; x_wconf 74' lang='grc' dir='ltr'>ἔδειξας</span> 
     </span>
    </p>
   </div>
   <div class='ocr_carea' id='block_1_64' title="bbox 155 1774 945 1811">
    <p class='ocr_par' dir='ltr' id='par_1_64' title="bbox 155 1774 945 1811">
     <span class='ocr_line' id='line_1_64' title="bbox 155 1774 945 1811; baseline -0.003 -9"><span class='ocrx_word' id='word_1_406' title='bbox 155 1776 309 1811; x_wconf 63' lang='grc' dir='ltr'>χρεώστην</span> <span class='ocrx_word' id='word_1_407' title='bbox 320 1776 369 1803; x_wconf 77' lang='grc' dir='ltr'>οὐκ</span> <span class='ocrx_word' id='word_1_408' title='bbox 380 1776 589 1810; x_wconf 77' lang='grc' dir='ltr'>ὲπεκαλεσάμην</span> <span class='ocrx_word' id='word_1_409' title='bbox 599 1776 678 1806; x_wconf 81' lang='grc' dir='ltr'>ὅλως·</span> <span class='ocrx_word' id='word_1_410' title='bbox 693 1776 740 1801; x_wconf 75' lang='grc' dir='ltr'><strong>καὶ</strong></span> <span class='ocrx_word' id='word_1_411' title='bbox 755 1775 808 1801; x_wconf 85' lang='grc' dir='ltr'>τῶν</span> <span class='ocrx_word' id='word_1_412' title='bbox 818 1774 945 1801; x_wconf 81' lang='grc' dir='ltr'>Αἰσώπου</span> 
     </span>
    </p>
   </div>
   <div class='ocr_carea' id='block_1_65' title="bbox 155 1820 945 1857">
    <p class='ocr_par' dir='ltr' id='par_1_65' title="bbox 155 1820 945 1857">
     <span class='ocr_line' id='line_1_65' title="bbox 155 1820 945 1857; baseline -0.004 -8"><span class='ocrx_word' id='word_1_413' title='bbox 155 1823 243 1856; x_wconf 84' lang='grc' dir='ltr'>λόγων</span> <span class='ocrx_word' id='word_1_414' title='bbox 257 1822 334 1849; x_wconf 80' lang='grc' dir='ltr'>οὐδὲν</span> <span class='ocrx_word' id='word_1_415' title='bbox 355 1821 542 1857; x_wconf 82' lang='grc' dir='ltr'>μετριωτέραν</span> <span class='ocrx_word' id='word_1_416' title='bbox 561 1821 617 1856; x_wconf 78' lang='grc' dir='ltr'><strong>ὁρῶ</strong></span> <span class='ocrx_word' id='word_1_417' title='bbox 638 1821 686 1856; x_wconf 85' lang='grc' dir='ltr'><strong>τὴν</strong></span> <span class='ocrx_word' id='word_1_418' title='bbox 706 1820 864 1854; x_wconf 83' lang='grc' dir='ltr'>ἀπολογίαν.</span> <span class='ocrx_word' id='word_1_419' title='bbox 889 1821 945 1855; x_wconf 77' lang='grc' dir='ltr'><strong>Οὐχ</strong></span> 
     </span>
    </p>
   </div>
   <div class='ocr_carea' id='block_1_66' title="bbox 155 1865 946 1902">
    <p class='ocr_par' dir='ltr' id='par_1_66' title="bbox 155 1865 946 1902">
     <span class='ocr_line' id='line_1_66' title="bbox 155 1865 946 1902; baseline -0.003 -10"><span class='ocrx_word' id='word_1_420' title='bbox 155 1867 291 1902; x_wconf 81' lang='grc' dir='ltr'>ἥμαρτον,</span> <span class='ocrx_word' id='word_1_421' title='bbox 304 1865 382 1902; x_wconf 70' lang='grc' dir='ltr'>οἶμαι</span> <span class='ocrx_word' id='word_1_422' title='bbox 407 1867 454 1893; x_wconf 75' lang='grc' dir='ltr'><strong>καὶ</strong></span> <span class='ocrx_word' id='word_1_423' title='bbox 471 1867 525 1892; x_wconf 84' lang='grc' dir='ltr'><strong>τῶν</strong></span> <span class='ocrx_word' id='word_1_424' title='bbox 543 1867 582 1896; x_wconf 80' lang='grc' dir='ltr'>εἰς</span> <span class='ocrx_word' id='word_1_425' title='bbox 605 1865 754 1900; x_wconf 82' lang='grc' dir='ltr'>Σωκράτην</span> <span class='ocrx_word' id='word_1_426' title='bbox 775 1866 946 1900; x_wconf 82' lang='grc' dir='ltr'>ὲμπαροινη-</span> 
     </span>
    </p>
   </div>
   <div class='ocr_carea' id='block_1_67' title="bbox 158 1913 947 1949">
    <p class='ocr_par' dir='ltr' id='par_1_67' title="bbox 158 1913 947 1949">
     <span class='ocr_line' id='line_1_67' title="bbox 158 1913 947 1949; baseline -0.004 -8"><span class='ocrx_word' id='word_1_427' title='bbox 158 1916 262 1942; x_wconf 74' lang='grc' dir='ltr'>σάντων</span> <span class='ocrx_word' id='word_1_428' title='bbox 287 1915 535 1949; x_wconf 80' lang='grc' dir='ltr'>ἀναισχυντοτέραν</span> <span class='ocrx_word' id='word_1_429' title='bbox 550 1913 606 1949; x_wconf 71' lang='grc' dir='ltr'>ὁρῶ</span> <span class='ocrx_word' id='word_1_430' title='bbox 625 1913 676 1948; x_wconf 83' lang='grc' dir='ltr'><strong>τὴν</strong></span> <span class='ocrx_word' id='word_1_431' title='bbox 693 1913 861 1948; x_wconf 84' lang='grc' dir='ltr'>κατηγορίαν</span> <span class='ocrx_word' id='word_1_432' title='bbox 875 1922 882 1928; x_wconf 90' lang='grc'><strong>·</strong></span> <span class='ocrx_word' id='word_1_433' title='bbox 898 1913 947 1938; x_wconf 81' lang='grc' dir='ltr'>καὶ</span> 
     </span>
    </p>
   </div>
   <div class='ocr_carea' id='block_1_68' title="bbox 157 1958 946 1996">
    <p class='ocr_par' dir='ltr' id='par_1_68' title="bbox 157 1958 946 1996">
     <span class='ocr_line' id='line_1_68' title="bbox 157 1958 946 1996; baseline -0.003 -9"><span class='ocrx_word' id='word_1_434' title='bbox 157 1962 227 1996; x_wconf 83' lang='grc' dir='ltr'>ὑπὲρ</span> <span class='ocrx_word' id='word_1_435' title='bbox 244 1961 292 1996; x_wconf 82' lang='grc' dir='ltr'><strong>μὲν</strong></span> <span class='ocrx_word' id='word_1_436' title='bbox 308 1960 407 1987; x_wconf 83' lang='grc' dir='ltr'>σαυτοῦ</span> <span class='ocrx_word' id='word_1_437' title='bbox 427 1962 467 1991; x_wconf 80' lang='grc' dir='ltr'>εἰς</span> <span class='ocrx_word' id='word_1_438' title='bbox 483 1959 553 1995; x_wconf 75' lang='grc' dir='ltr'>ἀέρα</span> <span class='ocrx_word' id='word_1_439' title='bbox 567 1959 653 1994; x_wconf 76' lang='grc' dir='ltr'>δέρων</span> <span class='ocrx_word' id='word_1_440' title='bbox 669 1959 840 1990; x_wconf 82' lang='grc' dir='ltr'>ὲπύκτευσας</span> <span class='ocrx_word' id='word_1_441' title='bbox 851 1979 860 1992; x_wconf 85' lang='grc'><strong>,</strong></span> <span class='ocrx_word' id='word_1_442' title='bbox 884 1958 946 1985; x_wconf 78' lang='grc' dir='ltr'>καθ’</span> 
     </span>
    </p>
   </div>
   <div class='ocr_carea' id='block_1_69' title="bbox 157 2005 946 2044">
    <p class='ocr_par' dir='ltr' id='par_1_69' title="bbox 157 2005 946 2044">
     <span class='ocr_line' id='line_1_69' title="bbox 157 2005 946 2044; baseline -0.005 -10"><span class='ocrx_word' id='word_1_443' title='bbox 157 2008 237 2044; x_wconf 85' lang='grc' dir='ltr'>ἡμῶν</span> <span class='ocrx_word' id='word_1_444' title='bbox 261 2008 289 2034; x_wconf 83' lang='grc' dir='ltr'><strong>δὲ</strong></span> <span class='ocrx_word' id='word_1_445' title='bbox 309 2008 372 2041; x_wconf 75' lang='grc' dir='ltr'><strong>ὀξὺν</strong></span> <span class='ocrx_word' id='word_1_446' title='bbox 399 2007 448 2041; x_wconf 84' lang='grc' dir='ltr'>μὲν</span> <span class='ocrx_word' id='word_1_447' title='bbox 471 2007 519 2033; x_wconf 80' lang='grc' dir='ltr'>καὶ</span> <span class='ocrx_word' id='word_1_448' title='bbox 545 2006 660 2041; x_wconf 67' lang='grc' dir='ltr'>σφοδρὴν</span> <span class='ocrx_word' id='word_1_449' title='bbox 679 2006 724 2032; x_wconf 82' lang='grc' dir='ltr'>τὸν</span> <span class='ocrx_word' id='word_1_450' title='bbox 750 2006 867 2041; x_wconf 87' lang='grc' dir='ltr'>δρόμον,</span> <span class='ocrx_word' id='word_1_451' title='bbox 888 2005 946 2031; x_wconf 83' lang='grc' dir='ltr'>ἀλλ’</span> 
     </span>
    </p>
   </div>
   <div class='ocr_carea' id='block_1_70' title="bbox 158 2051 946 2088">
    <p class='ocr_par' dir='ltr' id='par_1_70' title="bbox 158 2051 946 2088">
     <span class='ocr_line' id='line_1_70' title="bbox 158 2051 946 2088; baseline -0.003 -8"><span class='ocrx_word' id='word_1_452' title='bbox 158 2053 296 2088; x_wconf 73' lang='grc' dir='ltr'>ἐπισφαλῆ</span> <span class='ocrx_word' id='word_1_453' title='bbox 323 2054 371 2080; x_wconf 84' lang='grc' dir='ltr'>καὶ</span> <span class='ocrx_word' id='word_1_454' title='bbox 402 2052 520 2080; x_wconf 84' lang='grc' dir='ltr'>ἀναίτιον</span> <span class='ocrx_word' id='word_1_455' title='bbox 554 2051 726 2087; x_wconf 84' lang='grc' dir='ltr'>διηγώνισαι.</span> <span class='ocrx_word' id='word_1_456' title='bbox 748 2052 781 2078; x_wconf 79' lang='grc' dir='ltr'><em>Ἡ</em></span> <span class='ocrx_word' id='word_1_457' title='bbox 809 2052 863 2086; x_wconf 86' lang='grc' dir='ltr'><strong>γὰρ</strong></span> <span class='ocrx_word' id='word_1_458' title='bbox 891 2051 946 2078; x_wconf 84' lang='grc' dir='ltr'>τῶν</span> 
     </span>
    </p>
   </div>
   <div class='ocr_carea' id='block_1_71' title="bbox 157 2096 947 2135">
    <p class='ocr_par' dir='ltr' id='par_1_71' title="bbox 157 2096 947 2135">
     <span class='ocr_line' id='line_1_71' title="bbox 157 2096 947 2135; baseline -0.001 -9"><span class='ocrx_word' id='word_1_459' title='bbox 157 2100 275 2126; x_wconf 69' lang='grc' dir='ltr'>ἐπαίνων</span> <span class='ocrx_word' id='word_1_460' title='bbox 296 2099 410 2135; x_wconf 77' lang='grc' dir='ltr'>αὔξησις</span> <span class='ocrx_word' id='word_1_461' title='bbox 428 2100 458 2126; x_wconf 84' lang='grc' dir='ltr'>οὐ</span> <span class='ocrx_word' id='word_1_462' title='bbox 484 2100 564 2134; x_wconf 83' lang='grc' dir='ltr'>μόνον</span> <span class='ocrx_word' id='word_1_463' title='bbox 586 2099 662 2126; x_wconf 76' lang='grc' dir='ltr'>οὐδὲν</span> <span class='ocrx_word' id='word_1_464' title='bbox 678 2099 888 2134; x_wconf 74' lang='grc' dir='ltr'>παραιτεῖσθαι,</span> <span class='ocrx_word' id='word_1_465' title='bbox 909 2096 947 2126; x_wconf 82' lang='grc' dir='ltr'>ὧν</span> 
     </span>
    </p>
   </div>
   <div class='ocr_carea' id='block_1_72' title="bbox 158 2143 948 2179">
    <p class='ocr_par' dir='ltr' id='par_1_72' title="bbox 158 2143 948 2179">
     <span class='ocr_line' id='line_1_72' title="bbox 158 2143 948 2179; baseline 0.001 -10"><span class='ocrx_word' id='word_1_466' title='bbox 158 2144 312 2179; x_wconf 77' lang='grc' dir='ltr'>ὑδρίσμεθα</span> <span class='ocrx_word' id='word_1_467' title='bbox 325 2164 332 2177; x_wconf 88' lang='grc'><strong>,</strong></span> <span class='ocrx_word' id='word_1_468' title='bbox 346 2145 415 2171; x_wconf 87' lang='grc' dir='ltr'>ἀλλὰ</span> <span class='ocrx_word' id='word_1_469' title='bbox 429 2145 475 2171; x_wconf 75' lang='grc' dir='ltr'>καὶ</span> <span class='ocrx_word' id='word_1_470' title='bbox 489 2145 535 2170; x_wconf 73' lang='grc' dir='ltr'><strong>ἐπὶ</strong></span> <span class='ocrx_word' id='word_1_471' title='bbox 553 2144 583 2170; x_wconf 79' lang='grc' dir='ltr'>τὸ</span> <span class='ocrx_word' id='word_1_472' title='bbox 599 2145 691 2179; x_wconf 72' lang='grc' dir='ltr'>μεῖζον</span> <span class='ocrx_word' id='word_1_473' title='bbox 710 2144 772 2178; x_wconf 84' lang='grc' dir='ltr'>ἄγει</span> <span class='ocrx_word' id='word_1_474' title='bbox 791 2143 825 2169; x_wconf 76' lang='grc' dir='ltr'><strong>τὰ</strong></span> <span class='ocrx_word' id='word_1_475' title='bbox 847 2144 948 2179; x_wconf 82' lang='grc' dir='ltr'>ὲγκλή-</span> 
     </span>
    </p>
   </div>
   <div class='ocr_carea' id='block_1_73' title="bbox 995 1550 1781 1586">
    <p class='ocr_par' dir='ltr' id='par_1_73' title="bbox 995 1550 1781 1586">
     <span class='ocr_line' id='line_1_73' title="bbox 995 1550 1781 1586; baseline -0.001 -9"><span class='ocrx_word' id='word_1_476' title='bbox 995 1553 1087 1582; x_wconf 87' lang='lat' dir='ltr'><strong>cuset;</strong></span> <span class='ocrx_word' id='word_1_477' title='bbox 1103 1553 1177 1577; x_wconf 88' lang='lat' dir='ltr'><strong>certe</strong></span> <span class='ocrx_word' id='word_1_478' title='bbox 1193 1550 1272 1577; x_wconf 90' lang='lat' dir='ltr'><strong>venia</strong></span> <span class='ocrx_word' id='word_1_479' title='bbox 1286 1557 1366 1584; x_wconf 87' lang='lat' dir='ltr'><strong>quam</strong></span> <span class='ocrx_word' id='word_1_480' title='bbox 1380 1550 1537 1586; x_wconf 82' lang='lat' dir='ltr'><strong>longissime</strong></span> <span class='ocrx_word' id='word_1_481' title='bbox 1556 1550 1590 1577; x_wconf 88' lang='lat' dir='ltr'><strong>ab</strong></span> <span class='ocrx_word' id='word_1_482' title='bbox 1608 1550 1781 1577; x_wconf 81' lang='lat' dir='ltr'><strong>accusatione</strong></span> 
     </span>
    </p>
   </div>
   <div class='ocr_carea' id='block_1_74' title="bbox 995 1591 1782 1631">
    <p class='ocr_par' dir='ltr' id='par_1_74' title="bbox 995 1591 1782 1631">
     <span class='ocr_line' id='line_1_74' title="bbox 995 1591 1782 1631; baseline 0 -9"><span class='ocrx_word' id='word_1_483' title='bbox 995 1591 1173 1630; x_wconf 61' lang='lat' dir='ltr'><strong>distinguitur</strong></span> <span class='ocrx_word' id='word_1_484' title='bbox 1195 1605 1201 1622; x_wconf 90' lang='lat'><strong>:</strong></span> <span class='ocrx_word' id='word_1_485' title='bbox 1222 1604 1276 1623; x_wconf 89' lang='lat' dir='ltr'><strong>non</strong></span> <span class='ocrx_word' id='word_1_486' title='bbox 1303 1599 1393 1631; x_wconf 86' lang='lat' dir='ltr'><strong>potest</strong></span> <span class='ocrx_word' id='word_1_487' title='bbox 1410 1595 1625 1623; x_wconf 82' lang='lat' dir='ltr'><strong>misericordiam</strong></span> <span class='ocrx_word' id='word_1_488' title='bbox 1642 1600 1782 1630; x_wconf 77' lang='lat' dir='ltr'><strong>expetere.</strong></span> 
     </span>
    </p>
   </div>
   <div class='ocr_carea' id='block_1_75' title="bbox 995 1641 1783 1678">
    <p class='ocr_par' dir='ltr' id='par_1_75' title="bbox 995 1641 1783 1678">
     <span class='ocr_line' id='line_1_75' title="bbox 995 1641 1783 1678; baseline 0 -10"><span class='ocrx_word' id='word_1_489' title='bbox 995 1642 1042 1677; x_wconf 88' lang='lat' dir='ltr'><strong>qui</strong></span> <span class='ocrx_word' id='word_1_490' title='bbox 1057 1642 1187 1669; x_wconf 84' lang='lat' dir='ltr'><strong>rationem</strong></span> <span class='ocrx_word' id='word_1_491' title='bbox 1204 1642 1289 1678; x_wconf 74' lang='lat' dir='ltr'><strong>exigit</strong></span> <span class='ocrx_word' id='word_1_492' title='bbox 1305 1646 1422 1677; x_wconf 73' lang='lat' dir='ltr'><strong>acceptm</strong></span> <span class='ocrx_word' id='word_1_493' title='bbox 1438 1642 1555 1677; x_wconf 56' lang='lat' dir='ltr'><strong>injuriae,</strong></span> <span class='ocrx_word' id='word_1_494' title='bbox 1571 1641 1622 1669; x_wconf 90' lang='lat' dir='ltr'><strong>nisi</strong></span> <span class='ocrx_word' id='word_1_495' title='bbox 1635 1641 1711 1676; x_wconf 86' lang='lat' dir='ltr'><strong>prius</strong></span> <span class='ocrx_word' id='word_1_496' title='bbox 1722 1649 1783 1668; x_wconf 87' lang='lat' dir='ltr'><strong>rea-</strong></span> 
     </span>
    </p>
   </div>
   <div class='ocr_carea' id='block_1_76' title="bbox 996 1686 1782 1724">
    <p class='ocr_par' dir='ltr' id='par_1_76' title="bbox 996 1686 1782 1724">
     <span class='ocr_line' id='line_1_76' title="bbox 996 1686 1782 1724; baseline -0.001 -11"><span class='ocrx_word' id='word_1_497' title='bbox 996 1691 1053 1714; x_wconf 87' lang='lat' dir='ltr'><strong>tum</strong></span> <span class='ocrx_word' id='word_1_498' title='bbox 1068 1691 1250 1714; x_wconf 83' lang='lat' dir='ltr'><strong>contraxerat.</strong></span> <span class='ocrx_word' id='word_1_499' title='bbox 1276 1686 1317 1713; x_wconf 91' lang='lat' dir='ltr'><strong>Tu</strong></span> <span class='ocrx_word' id='word_1_500' title='bbox 1338 1687 1490 1722; x_wconf 75' lang='lat' dir='ltr'><strong>apologiam</strong></span> <span class='ocrx_word' id='word_1_501' title='bbox 1509 1686 1690 1724; x_wconf 77' lang='lat' dir='ltr'><strong>contexendo,</strong></span> <span class='ocrx_word' id='word_1_502' title='bbox 1707 1693 1782 1712; x_wconf 77' lang='lat' dir='ltr'><strong>reum</strong></span> 
     </span>
    </p>
   </div>
   <div class='ocr_carea' id='block_1_77' title="bbox 998 1730 1784 1766">
    <p class='ocr_par' dir='ltr' id='par_1_77' title="bbox 998 1730 1784 1766">
     <span class='ocr_line' id='line_1_77' title="bbox 998 1730 1784 1766; baseline -0.004 -8"><span class='ocrx_word' id='word_1_503' title='bbox 998 1737 1023 1758; x_wconf 88' lang='lat' dir='ltr'><strong>te</strong></span> <span class='ocrx_word' id='word_1_504' title='bbox 1037 1731 1140 1766; x_wconf 88' lang='lat' dir='ltr'><strong>prodis,</strong></span> <span class='ocrx_word' id='word_1_505' title='bbox 1153 1736 1181 1758; x_wconf 88' lang='lat' dir='ltr'><strong>et</strong></span> <span class='ocrx_word' id='word_1_506' title='bbox 1200 1731 1367 1766; x_wconf 78' lang='lat' dir='ltr'><strong>longissima:</strong></span> <span class='ocrx_word' id='word_1_507' title='bbox 1385 1731 1499 1759; x_wconf 78' lang='lat' dir='ltr'><strong>rationis</strong></span> <span class='ocrx_word' id='word_1_508' title='bbox 1515 1730 1661 1758; x_wconf 78' lang='lat' dir='ltr'><strong>reddendae</strong></span> <span class='ocrx_word' id='word_1_509' title='bbox 1677 1730 1784 1756; x_wconf 88' lang='lat' dir='ltr'><strong>debito-</strong></span> 
     </span>
    </p>
   </div>
   <div class='ocr_carea' id='block_1_78' title="bbox 996 1777 1784 1813">
    <p class='ocr_par' dir='ltr' id='par_1_78' title="bbox 996 1777 1784 1813">
     <span class='ocr_line' id='line_1_78' title="bbox 996 1777 1784 1813; baseline -0.001 -9"><span class='ocrx_word' id='word_1_510' title='bbox 996 1785 1066 1805; x_wconf 85' lang='lat' dir='ltr'><strong>rem.</strong></span> <span class='ocrx_word' id='word_1_511' title='bbox 1085 1777 1204 1805; x_wconf 88' lang='lat' dir='ltr'><strong>Omnino</strong></span> <span class='ocrx_word' id='word_1_512' title='bbox 1222 1782 1249 1805; x_wconf 90' lang='lat' dir='ltr'><strong>te</strong></span> <span class='ocrx_word' id='word_1_513' title='bbox 1274 1786 1328 1805; x_wconf 92' lang='lat' dir='ltr'><strong>non</strong></span> <span class='ocrx_word' id='word_1_514' title='bbox 1350 1778 1495 1813; x_wconf 79' lang='lat' dir='ltr'><strong>appellavi,</strong></span> <span class='ocrx_word' id='word_1_515' title='bbox 1523 1777 1675 1813; x_wconf 82' lang='lat' dir='ltr'><strong>apologiam</strong></span> <span class='ocrx_word' id='word_1_516' title='bbox 1698 1777 1784 1803; x_wconf 80' lang='lat' dir='ltr'><strong>nihilo</strong></span> 
     </span>
    </p>
   </div>
   <div class='ocr_carea' id='block_1_79' title="bbox 997 1823 1784 1858">
    <p class='ocr_par' dir='ltr' id='par_1_79' title="bbox 997 1823 1784 1858">
     <span class='ocr_line' id='line_1_79' title="bbox 997 1823 1784 1858; baseline -0.003 -8"><span class='ocrx_word' id='word_1_517' title='bbox 997 1823 1206 1853; x_wconf 79' lang='lat' dir='ltr'><strong>moderatiorem</strong></span> <span class='ocrx_word' id='word_1_518' title='bbox 1231 1823 1325 1858; x_wconf 68' lang='grc' dir='ltr'><strong>Αἰδομὶ</strong></span> <span class='ocrx_word' id='word_1_519' title='bbox 1350 1824 1448 1850; x_wconf 79' lang='lat' dir='ltr'><strong>fabulis</strong></span> <span class='ocrx_word' id='word_1_520' title='bbox 1472 1823 1575 1850; x_wconf 85' lang='lat' dir='ltr'><strong>video:</strong></span> <span class='ocrx_word' id='word_1_521' title='bbox 1594 1823 1691 1857; x_wconf 88' lang='lat' dir='ltr'><strong>opinor</strong></span> <span class='ocrx_word' id='word_1_522' title='bbox 1712 1823 1784 1849; x_wconf 86' lang='lat' dir='ltr'><strong>haud</strong></span> 
     </span>
    </p>
   </div>
   <div class='ocr_carea' id='block_1_80' title="bbox 998 1868 1785 1904">
    <p class='ocr_par' dir='ltr' id='par_1_80' title="bbox 998 1868 1785 1904">
     <span class='ocr_line' id='line_1_80' title="bbox 998 1868 1785 1904; baseline -0.003 -7"><span class='ocrx_word' id='word_1_523' title='bbox 998 1869 1116 1904; x_wconf 90' lang='lat' dir='ltr'><strong>deliqui,</strong></span> <span class='ocrx_word' id='word_1_524' title='bbox 1141 1869 1342 1896; x_wconf 87' lang='lat' dir='ltr'><strong>accusationem</strong></span> <span class='ocrx_word' id='word_1_525' title='bbox 1367 1869 1518 1896; x_wconf 83' lang='lat' dir='ltr'><strong>institutam</strong></span> <span class='ocrx_word' id='word_1_526' title='bbox 1536 1868 1785 1896; x_wconf 65' lang='lat' dir='ltr'><strong>videoveheneu-</strong></span> 
     </span>
    </p>
   </div>
   <div class='ocr_carea' id='block_1_81' title="bbox 999 1914 1786 1950">
    <p class='ocr_par' dir='ltr' id='par_1_81' title="bbox 999 1914 1786 1950">
     <span class='ocr_line' id='line_1_81' title="bbox 999 1914 1786 1950; baseline -0.001 -8"><span class='ocrx_word' id='word_1_527' title='bbox 999 1916 1107 1948; x_wconf 87' lang='lat' dir='ltr'><strong>tiorem,</strong></span> <span class='ocrx_word' id='word_1_528' title='bbox 1122 1923 1203 1950; x_wconf 89' lang='lat' dir='ltr'><strong>quam</strong></span> <span class='ocrx_word' id='word_1_529' title='bbox 1223 1915 1330 1942; x_wconf 72' lang='lat' dir='ltr'><strong>illorum</strong></span> <span class='ocrx_word' id='word_1_530' title='bbox 1345 1920 1414 1948; x_wconf 87' lang='lat' dir='ltr'><strong>erat,</strong></span> <span class='ocrx_word' id='word_1_531' title='bbox 1426 1915 1471 1950; x_wconf 87' lang='lat' dir='ltr'><strong>qui</strong></span> <span class='ocrx_word' id='word_1_532' title='bbox 1487 1915 1515 1942; x_wconf 93' lang='lat' dir='ltr'><strong>in</strong></span> <span class='ocrx_word' id='word_1_533' title='bbox 1531 1914 1670 1942; x_wconf 87' lang='lat' dir='ltr'><strong>Socratem</strong></span> <span class='ocrx_word' id='word_1_534' title='bbox 1686 1914 1786 1941; x_wconf 82' lang='lat' dir='ltr'><strong>debac—</strong></span> 
     </span>
    </p>
   </div>
   <div class='ocr_carea' id='block_1_82' title="bbox 998 1961 1784 1996">
    <p class='ocr_par' dir='ltr' id='par_1_82' title="bbox 998 1961 1784 1996">
     <span class='ocr_line' id='line_1_82' title="bbox 998 1961 1784 1996; baseline -0.003 -8"><span class='ocrx_word' id='word_1_535' title='bbox 998 1961 1158 1989; x_wconf 87' lang='lat' dir='ltr'><strong>chabantur.</strong></span> <span class='ocrx_word' id='word_1_536' title='bbox 1181 1961 1222 1988; x_wconf 87' lang='lat' dir='ltr'><strong>Tu</strong></span> <span class='ocrx_word' id='word_1_537' title='bbox 1242 1969 1307 1996; x_wconf 79' lang='lat' dir='ltr'><strong>ergo</strong></span> <span class='ocrx_word' id='word_1_538' title='bbox 1327 1969 1418 1989; x_wconf 87' lang='lat' dir='ltr'><strong>aerem</strong></span> <span class='ocrx_word' id='word_1_539' title='bbox 1439 1961 1588 1988; x_wconf 87' lang='lat' dir='ltr'><strong>verberans</strong></span> <span class='ocrx_word' id='word_1_540' title='bbox 1611 1968 1662 1995; x_wconf 92' lang='lat' dir='ltr'><strong>pro</strong></span> <span class='ocrx_word' id='word_1_541' title='bbox 1687 1961 1784 1994; x_wconf 82' lang='lat' dir='ltr'><strong>teipse,</strong></span> 
     </span>
    </p>
   </div>
   <div class='ocr_carea' id='block_1_83' title="bbox 998 2006 1785 2039">
    <p class='ocr_par' dir='ltr' id='par_1_83' title="bbox 998 2006 1785 2039">
     <span class='ocr_line' id='line_1_83' title="bbox 998 2006 1785 2039; baseline -0.001 -6"><span class='ocrx_word' id='word_1_542' title='bbox 998 2011 1140 2034; x_wconf 84' lang='lat' dir='ltr'><strong>conccrtas</strong></span> <span class='ocrx_word' id='word_1_543' title='bbox 1156 2007 1286 2034; x_wconf 86' lang='lat' dir='ltr'><strong>adversus</strong></span> <span class='ocrx_word' id='word_1_544' title='bbox 1299 2014 1353 2039; x_wconf 87' lang='lat' dir='ltr'><strong>me,</strong></span> <span class='ocrx_word' id='word_1_545' title='bbox 1367 2014 1449 2034; x_wconf 87' lang='lat' dir='ltr'><strong>cursu</strong></span> <span class='ocrx_word' id='word_1_546' title='bbox 1463 2006 1560 2038; x_wconf 90' lang='lat' dir='ltr'><strong>veloci,</strong></span> <span class='ocrx_word' id='word_1_547' title='bbox 1574 2006 1622 2033; x_wconf 89' lang='lat' dir='ltr'><strong>scd</strong></span> <span class='ocrx_word' id='word_1_548' title='bbox 1635 2006 1742 2032; x_wconf 85' lang='lat' dir='ltr'><strong>lubrico</strong></span> <span class='ocrx_word' id='word_1_549' title='bbox 1756 2011 1785 2033; x_wconf 88' lang='lat' dir='ltr'><strong>et</strong></span> 
     </span>
    </p>
   </div>
   <div class='ocr_carea' id='block_1_84' title="bbox 999 2051 1784 2086">
    <p class='ocr_par' dir='ltr' id='par_1_84' title="bbox 999 2051 1784 2086">
     <span class='ocr_line' id='line_1_84' title="bbox 999 2051 1784 2086; baseline -0.001 -8"><span class='ocrx_word' id='word_1_550' title='bbox 999 2054 1102 2079; x_wconf 88' lang='lat' dir='ltr'><strong>incerto</strong></span> <span class='ocrx_word' id='word_1_551' title='bbox 1123 2053 1288 2080; x_wconf 84' lang='lat' dir='ltr'><strong>contendisti</strong></span> <span class='ocrx_word' id='word_1_552' title='bbox 1313 2052 1401 2079; x_wconf 84' lang='lat' dir='ltr'><strong>valide</strong></span> <span class='ocrx_word' id='word_1_553' title='bbox 1418 2061 1424 2078; x_wconf 92' lang='lat'>:</span> <span class='ocrx_word' id='word_1_554' title='bbox 1442 2052 1628 2078; x_wconf 86' lang='lat' dir='ltr'><strong>laudationum</strong></span> <span class='ocrx_word' id='word_1_555' title='bbox 1651 2051 1784 2086; x_wconf 77' lang='lat' dir='ltr'><strong>siquidem</strong></span> 
     </span>
    </p>
   </div>
   <div class='ocr_carea' id='block_1_85' title="bbox 999 2097 1786 2125">
    <p class='ocr_par' dir='ltr' id='par_1_85' title="bbox 999 2097 1786 2125">
     <span class='ocr_line' id='line_1_85' title="bbox 999 2097 1786 2125; baseline -0.004 0"><span class='ocrx_word' id='word_1_556' title='bbox 999 2097 1183 2125; x_wconf 79' lang='lat' dir='ltr'><strong>excrescentia</strong></span> <span class='ocrx_word' id='word_1_557' title='bbox 1199 2106 1253 2125; x_wconf 90' lang='lat' dir='ltr'><strong>non</strong></span> <span class='ocrx_word' id='word_1_558' title='bbox 1270 2098 1351 2124; x_wconf 91' lang='lat' dir='ltr'><strong>modo</strong></span> <span class='ocrx_word' id='word_1_559' title='bbox 1361 2097 1430 2124; x_wconf 90' lang='lat' dir='ltr'><strong>nihil</strong></span> <span class='ocrx_word' id='word_1_560' title='bbox 1443 2101 1554 2124; x_wconf 82' lang='lat' dir='ltr'><strong>excusat</strong></span> <span class='ocrx_word' id='word_1_561' title='bbox 1567 2097 1746 2124; x_wconf 85' lang='lat' dir='ltr'><strong>contumelias</strong></span> <span class='ocrx_word' id='word_1_562' title='bbox 1759 2097 1786 2122; x_wconf 86' lang='lat' dir='ltr'><strong>in</strong></span> 
     </span>
    </p>
   </div>
   <div class='ocr_carea' id='block_1_86' title="bbox 999 2141 1787 2178">
    <p class='ocr_par' dir='ltr' id='par_1_86' title="bbox 999 2141 1787 2178">
     <span class='ocr_line' id='line_1_86' title="bbox 999 2141 1787 2178; baseline -0.003 -8"><span class='ocrx_word' id='word_1_563' title='bbox 999 2151 1043 2170; x_wconf 87' lang='lat' dir='ltr'><strong>me</strong></span> <span class='ocrx_word' id='word_1_564' title='bbox 1054 2143 1149 2178; x_wconf 75' lang='lat' dir='ltr'><strong>iactas,</strong></span> <span class='ocrx_word' id='word_1_565' title='bbox 1163 2144 1210 2171; x_wconf 89' lang='lat' dir='ltr'><strong>sed</strong></span> <span class='ocrx_word' id='word_1_566' title='bbox 1222 2144 1409 2171; x_wconf 83' lang='lat' dir='ltr'><strong>accusationes</strong></span> <span class='ocrx_word' id='word_1_567' title='bbox 1424 2143 1561 2170; x_wconf 85' lang='lat' dir='ltr'><strong>institutas</strong></span> <span class='ocrx_word' id='word_1_568' title='bbox 1576 2143 1692 2177; x_wconf 84' lang='lat' dir='ltr'><strong>adauget</strong></span> <span class='ocrx_word' id='word_1_569' title='bbox 1715 2141 1787 2169; x_wconf 88' lang='lat' dir='ltr'><strong>Con-</strong></span> 
     </span>
    </p>
   </div>
   <div class='ocr_carea' id='block_1_87' title="bbox 160 2188 942 2224">
    <p class='ocr_par' dir='ltr' id='par_1_87' title="bbox 160 2189 942 2224">
     <span class='ocr_line' id='line_1_87' title="bbox 160 2189 942 2224; baseline -0.001 -9"><span class='ocrx_word' id='word_1_570' title='bbox 160 2197 243 2224; x_wconf 87' lang='grc' dir='ltr'>ματα.</span> <span class='ocrx_word' id='word_1_571' title='bbox 268 2190 400 2216; x_wconf 79' lang='grc' dir='ltr'>Πίπτουσι</span> <span class='ocrx_word' id='word_1_572' title='bbox 418 2189 466 2224; x_wconf 78' lang='grc' dir='ltr'>μὲν</span> <span class='ocrx_word' id='word_1_573' title='bbox 487 2189 541 2223; x_wconf 83' lang='grc' dir='ltr'><strong>γὰρ</strong></span> <span class='ocrx_word' id='word_1_574' title='bbox 560 2189 690 2224; x_wconf 68' lang='grc' dir='ltr'>γεωργοὶ,</span> <span class='ocrx_word' id='word_1_575' title='bbox 704 2189 751 2216; x_wconf 79' lang='grc' dir='ltr'>καὶ</span> <span class='ocrx_word' id='word_1_576' title='bbox 771 2189 883 2221; x_wconf 81' lang='grc' dir='ltr'>ναῦται,</span> <span class='ocrx_word' id='word_1_577' title='bbox 900 2189 942 2216; x_wconf 73' lang='grc' dir='ltr'>καῚ</span> 
     </span>
    </p>
   </div>
   <div class='ocr_carea' id='block_1_88' title="bbox 994 2188 1787 2224">
    <p class='ocr_par' dir='ltr' id='par_1_88' title="bbox 999 2188 1787 2223">
     <span class='ocr_line' id='line_1_88' title="bbox 999 2188 1787 2223; baseline -0.004 -6"><span class='ocrx_word' id='word_1_578' title='bbox 999 2190 1095 2217; x_wconf 82' lang='lat' dir='ltr'><strong>cidunt</strong></span> <span class='ocrx_word' id='word_1_579' title='bbox 1112 2190 1212 2223; x_wconf 92' lang='lat' dir='ltr'><strong>coloni,</strong></span> <span class='ocrx_word' id='word_1_580' title='bbox 1232 2195 1340 2221; x_wconf 71' lang='lat' dir='ltr'><strong>nautae,</strong></span> <span class='ocrx_word' id='word_1_581' title='bbox 1366 2189 1484 2220; x_wconf 90' lang='lat' dir='ltr'><strong>milites,</strong></span> <span class='ocrx_word' id='word_1_582' title='bbox 1510 2196 1646 2223; x_wconf 88' lang='lat' dir='ltr'><strong>caupones</strong></span> <span class='ocrx_word' id='word_1_583' title='bbox 1661 2197 1667 2214; x_wconf 76' lang='grc' dir='ltr'>ί</span> <span class='ocrx_word' id='word_1_584' title='bbox 1680 2188 1702 2214; x_wconf 89' lang='lat' dir='ltr'><strong>si</strong></span> <span class='ocrx_word' id='word_1_585' title='bbox 1726 2188 1787 2222; x_wconf 90' lang='lat' dir='ltr'><strong>quis</strong></span> 
     </span>
    </p>
   </div>
   <div class='ocr_carea' id='block_1_89' title="bbox 161 2235 946 2270">
    <p class='ocr_par' dir='ltr' id='par_1_89' title="bbox 161 2235 946 2270">
     <span class='ocr_line' id='line_1_89' title="bbox 161 2235 946 2270; baseline 0 -9"><span class='ocrx_word' id='word_1_586' title='bbox 161 2235 339 2270; x_wconf 81' lang='grc' dir='ltr'>στρατιῶται,</span> <span class='ocrx_word' id='word_1_587' title='bbox 371 2235 419 2262; x_wconf 79' lang='grc' dir='ltr'><strong>καὶ</strong></span> <span class='ocrx_word' id='word_1_588' title='bbox 450 2235 670 2270; x_wconf 63' lang='grc' dir='ltr'>παλιγκάπηλον</span> <span class='ocrx_word' id='word_1_589' title='bbox 698 2235 754 2261; x_wconf 85' lang='grc' dir='ltr'>ἀλλ’</span> <span class='ocrx_word' id='word_1_590' title='bbox 773 2236 821 2263; x_wconf 81' lang='grc' dir='ltr'><strong>ἐάν</strong></span> <span class='ocrx_word' id='word_1_591' title='bbox 847 2244 889 2266; x_wconf 88' lang='grc' dir='ltr'><strong>τις</strong></span> <span class='ocrx_word' id='word_1_592' title='bbox 915 2235 946 2261; x_wconf 82' lang='grc' dir='ltr'>τὸ</span> 
     </span>
    </p>
   </div>
   <div class='ocr_carea' id='block_1_90' title="bbox 159 2280 948 2316">
    <p class='ocr_par' dir='ltr' id='par_1_90' title="bbox 159 2280 948 2316">
     <span class='ocr_line' id='line_1_90' title="bbox 159 2280 948 2316; baseline 0.001 -10"><span class='ocrx_word' id='word_1_593' title='bbox 159 2281 272 2307; x_wconf 76' lang='grc' dir='ltr'>ἐκείνων</span> <span class='ocrx_word' id='word_1_594' title='bbox 288 2280 389 2315; x_wconf 83' lang='grc' dir='ltr'>πτῶμα</span> <span class='ocrx_word' id='word_1_595' title='bbox 418 2280 488 2315; x_wconf 85' lang='grc' dir='ltr'>φίλῳ</span> <span class='ocrx_word' id='word_1_596' title='bbox 503 2281 632 2316; x_wconf 75' lang='grc' dir='ltr'>ἀληθείας</span> <span class='ocrx_word' id='word_1_597' title='bbox 645 2280 792 2316; x_wconf 81' lang='grc' dir='ltr'>περιάπτοι</span> <span class='ocrx_word' id='word_1_598' title='bbox 805 2301 812 2313; x_wconf 85' lang='grc'><strong>,</strong></span> <span class='ocrx_word' id='word_1_599' title='bbox 833 2281 850 2316; x_wconf 86' lang='grc' dir='ltr'>ἢ</span> <span class='ocrx_word' id='word_1_600' title='bbox 865 2289 948 2316; x_wconf 82' lang='grc' dir='ltr'>στρα-</span> 
     </span>
    </p>
   </div>
   <div class='ocr_carea' id='block_1_91' title="bbox 159 2326 947 2362">
    <p class='ocr_par' dir='ltr' id='par_1_91' title="bbox 159 2326 947 2362">
     <span class='ocr_line' id='line_1_91' title="bbox 159 2326 947 2362; baseline 0 -9"><span class='ocrx_word' id='word_1_601' title='bbox 159 2326 244 2362; x_wconf 80' lang='grc' dir='ltr'>τηγῷ,</span> <span class='ocrx_word' id='word_1_602' title='bbox 262 2326 279 2362; x_wconf 86' lang='grc' dir='ltr'>ἢ</span> <span class='ocrx_word' id='word_1_603' title='bbox 295 2327 420 2362; x_wconf 79' lang='grc' dir='ltr'>ἀρχιερεῖ</span> <span class='ocrx_word' id='word_1_604' title='bbox 433 2327 512 2359; x_wconf 85' lang='grc' dir='ltr'>Θεοῦ,</span> <span class='ocrx_word' id='word_1_605' title='bbox 533 2327 549 2362; x_wconf 85' lang='grc' dir='ltr'>ἢ</span> <span class='ocrx_word' id='word_1_606' title='bbox 570 2327 662 2358; x_wconf 85' lang='grc' dir='ltr'>ἁπλῶς</span> <span class='ocrx_word' id='word_1_607' title='bbox 683 2327 760 2362; x_wconf 78' lang='grc' dir='ltr'>ἀνδρὶ</span> <span class='ocrx_word' id='word_1_608' title='bbox 774 2327 828 2354; x_wconf 82' lang='grc' dir='ltr'><strong>τῶν</strong></span> <span class='ocrx_word' id='word_1_609' title='bbox 843 2327 947 2354; x_wconf 81' lang='grc' dir='ltr'>πολλῶν</span> 
     </span>
    </p>
   </div>
   <div class='ocr_carea' id='block_1_92' title="bbox 159 2369 948 2407">
    <p class='ocr_par' dir='ltr' id='par_1_92' title="bbox 159 2369 948 2407">
     <span class='ocr_line' id='line_1_92' title="bbox 159 2369 948 2407; baseline 0.001 -10"><span class='ocrx_word' id='word_1_610' title='bbox 159 2372 219 2403; x_wconf 86' lang='grc' dir='ltr'>ταῖς</span> <span class='ocrx_word' id='word_1_611' title='bbox 232 2372 345 2407; x_wconf 83' lang='grc' dir='ltr'>ἀρεταῖς</span> <span class='ocrx_word' id='word_1_612' title='bbox 356 2371 387 2397; x_wconf 82' lang='grc' dir='ltr'>τὸ</span> <span class='ocrx_word' id='word_1_613' title='bbox 399 2371 537 2407; x_wconf 78' lang='grc' dir='ltr'>ἐξαίρετον</span> <span class='ocrx_word' id='word_1_614' title='bbox 546 2372 646 2407; x_wconf 72' lang='grc' dir='ltr'>ἔχοντι,</span> <span class='ocrx_word' id='word_1_615' title='bbox 661 2372 753 2407; x_wconf 77' lang='grc' dir='ltr'>βαϐαὶ,</span> <span class='ocrx_word' id='word_1_616' title='bbox 766 2372 858 2407; x_wconf 81' lang='grc' dir='ltr'>ἡλίκον</span> <span class='ocrx_word' id='word_1_617' title='bbox 871 2369 948 2404; x_wconf 73' lang='grc' dir='ltr'>οὗτος</span> 
     </span>
    </p>
   </div>
   <div class='ocr_carea' id='block_1_93' title="bbox 159 2416 946 2453">
    <p class='ocr_par' dir='ltr' id='par_1_93' title="bbox 159 2416 946 2453">
     <span class='ocr_line' id='line_1_93' title="bbox 159 2416 946 2453; baseline 0.003 -11"><span class='ocrx_word' id='word_1_618' title='bbox 159 2416 203 2443; x_wconf 76' lang='grc' dir='ltr'>διὰ</span> <span class='ocrx_word' id='word_1_619' title='bbox 227 2417 352 2453; x_wconf 83' lang='grc' dir='ltr'>μηχανῆς</span> <span class='ocrx_word' id='word_1_620' title='bbox 372 2418 584 2449; x_wconf 77' lang='grc' dir='ltr'>κατασκευάζων</span> <span class='ocrx_word' id='word_1_621' title='bbox 601 2417 746 2451; x_wconf 78' lang='grc' dir='ltr'>ἀποφαίνει</span> <span class='ocrx_word' id='word_1_622' title='bbox 761 2417 791 2444; x_wconf 87' lang='grc' dir='ltr'><strong>τὺ</strong></span> <span class='ocrx_word' id='word_1_623' title='bbox 806 2417 946 2453; x_wconf 83' lang='grc' dir='ltr'>ἀτόπημα.</span> 
     </span>
    </p>
   </div>
   <div class='ocr_carea' id='block_1_94' title="bbox 162 2463 949 2500">
    <p class='ocr_par' dir='ltr' id='par_1_94' title="bbox 162 2463 949 2500">
     <span class='ocr_line' id='line_1_94' title="bbox 162 2463 949 2500; baseline 0.003 -11"><span class='ocrx_word' id='word_1_624' title='bbox 162 2463 241 2490; x_wconf 75' lang='grc' dir='ltr'>Οὕτω</span> <span class='ocrx_word' id='word_1_625' title='bbox 255 2465 312 2496; x_wconf 87' lang='grc' dir='ltr'>τοῖς</span> <span class='ocrx_word' id='word_1_626' title='bbox 326 2464 458 2498; x_wconf 77' lang='grc' dir='ltr'>ἐπαίνοις,</span> <span class='ocrx_word' id='word_1_627' title='bbox 472 2465 510 2496; x_wconf 86' lang='grc' dir='ltr'>ὼς</span> <span class='ocrx_word' id='word_1_628' title='bbox 523 2465 653 2491; x_wconf 84' lang='grc' dir='ltr'>ἀνωτάτω</span> <span class='ocrx_word' id='word_1_629' title='bbox 667 2465 757 2499; x_wconf 81' lang='grc' dir='ltr'>φέρων</span> <span class='ocrx_word' id='word_1_630' title='bbox 770 2464 854 2500; x_wconf 85' lang='grc' dir='ltr'>ἡμᾶς,</span> <span class='ocrx_word' id='word_1_631' title='bbox 867 2466 907 2496; x_wconf 83' lang='grc' dir='ltr'>εὶς</span> <span class='ocrx_word' id='word_1_632' title='bbox 919 2466 949 2492; x_wconf 87' lang='grc' dir='ltr'>τὸ</span> 
     </span>
    </p>
   </div>
   <div class='ocr_carea' id='block_1_95' title="bbox 162 2509 950 2547">
    <p class='ocr_par' dir='ltr' id='par_1_95' title="bbox 162 2509 950 2547">
     <span class='ocr_line' id='line_1_95' title="bbox 162 2509 950 2547; baseline 0.003 -11"><span class='ocrx_word' id='word_1_633' title='bbox 162 2509 312 2544; x_wconf 79' lang='grc' dir='ltr'>βαθύτατον</span> <span class='ocrx_word' id='word_1_634' title='bbox 335 2510 468 2547; x_wconf 49' lang='grc' dir='ltr'>ἔρριψας</span> <span class='ocrx_word' id='word_1_635' title='bbox 495 2510 595 2546; x_wconf 78' lang='grc' dir='ltr'>ἄνδρας</span> <span class='ocrx_word' id='word_1_636' title='bbox 611 2511 776 2546; x_wconf 73' lang='grc' dir='ltr'>ἐπηρεάζειν</span> <span class='ocrx_word' id='word_1_637' title='bbox 794 2511 868 2546; x_wconf 82' lang='grc' dir='ltr'>ἡμᾶς</span> <span class='ocrx_word' id='word_1_638' title='bbox 879 2531 886 2542; x_wconf 93' lang='grc'><strong>,</strong></span> <span class='ocrx_word' id='word_1_639' title='bbox 902 2512 950 2538; x_wconf 77' lang='grc' dir='ltr'>καὶ</span> 
     </span>
    </p>
   </div>
   <div class='ocr_carea' id='block_1_96' title="bbox 161 2555 949 2592">
    <p class='ocr_par' dir='ltr' id='par_1_96' title="bbox 161 2555 949 2592">
     <span class='ocr_line' id='line_1_96' title="bbox 161 2555 949 2592; baseline 0.003 -10"><span class='ocrx_word' id='word_1_640' title='bbox 161 2555 257 2587; x_wconf 83' lang='grc' dir='ltr'>κακῶς</span> <span class='ocrx_word' id='word_1_641' title='bbox 275 2557 380 2589; x_wconf 85' lang='grc' dir='ltr'>ποιεῖν,</span> <span class='ocrx_word' id='word_1_642' title='bbox 398 2555 576 2592; x_wconf 75' lang='grc' dir='ltr'>αἰτιώμενος,</span> <span class='ocrx_word' id='word_1_643' title='bbox 593 2555 635 2588; x_wconf 80' lang='grc' dir='ltr'>οἷς</span> <span class='ocrx_word' id='word_1_644' title='bbox 655 2556 731 2583; x_wconf 80' lang='grc' dir='ltr'><strong>οὐδὲν</strong></span> <span class='ocrx_word' id='word_1_645' title='bbox 747 2556 836 2588; x_wconf 68' lang='grc' dir='ltr'>αἰτίας</span> <span class='ocrx_word' id='word_1_646' title='bbox 853 2557 949 2584; x_wconf 79' lang='grc' dir='ltr'>διαπέ-</span> 
     </span>
    </p>
   </div>
   <div class='ocr_carea' id='block_1_97' title="bbox 162 2602 949 2638">
    <p class='ocr_par' dir='ltr' id='par_1_97' title="bbox 162 2602 949 2638">
     <span class='ocr_line' id='line_1_97' title="bbox 162 2602 949 2638; baseline 0.001 -10"><span class='ocrx_word' id='word_1_647' title='bbox 162 2610 284 2637; x_wconf 87' lang='grc' dir='ltr'>πρακται</span> <span class='ocrx_word' id='word_1_648' title='bbox 294 2610 301 2616; x_wconf 94' lang='grc'><strong>·</strong></span> <span class='ocrx_word' id='word_1_649' title='bbox 321 2602 368 2628; x_wconf 78' lang='grc' dir='ltr'>καὶ</span> <span class='ocrx_word' id='word_1_650' title='bbox 380 2602 441 2630; x_wconf 73' lang='grc' dir='ltr'>τότε</span> <span class='ocrx_word' id='word_1_651' title='bbox 460 2604 613 2638; x_wconf 87' lang='grc' dir='ltr'>συμφοραῖς</span> <span class='ocrx_word' id='word_1_652' title='bbox 626 2602 746 2638; x_wconf 85' lang='grc' dir='ltr'>μυρίαις,</span> <span class='ocrx_word' id='word_1_653' title='bbox 762 2604 809 2630; x_wconf 73' lang='grc' dir='ltr'>καὶ</span> <span class='ocrx_word' id='word_1_654' title='bbox 820 2603 851 2629; x_wconf 85' lang='grc' dir='ltr'>τὸ</span> <span class='ocrx_word' id='word_1_655' title='bbox 865 2603 949 2637; x_wconf 81' lang='grc' dir='ltr'>βαρύ-</span> 
     </span>
    </p>
   </div>
   <div class='ocr_carea' id='block_1_98' title="bbox 163 2648 949 2684">
    <p class='ocr_par' dir='ltr' id='par_1_98' title="bbox 163 2648 949 2684">
     <span class='ocr_line' id='line_1_98' title="bbox 163 2648 949 2684; baseline 0.004 -11"><span class='ocrx_word' id='word_1_656' title='bbox 163 2657 255 2679; x_wconf 79' lang='grc' dir='ltr'>τατον.</span> <span class='ocrx_word' id='word_1_657' title='bbox 267 2648 338 2683; x_wconf 73' lang='grc' dir='ltr'>ὑπὲρ</span> <span class='ocrx_word' id='word_1_658' title='bbox 348 2648 485 2683; x_wconf 82' lang='grc' dir='ltr'>ἀληθείας,</span> <span class='ocrx_word' id='word_1_659' title='bbox 495 2648 766 2684; x_wconf 75' lang='grc' dir='ltr'>περιαντλουμένους,</span> <span class='ocrx_word' id='word_1_660' title='bbox 779 2649 826 2675; x_wconf 76' lang='grc' dir='ltr'>καὶ</span> <span class='ocrx_word' id='word_1_661' title='bbox 835 2648 949 2682; x_wconf 83' lang='grc' dir='ltr'>πάντας,</span> 
     </span>
    </p>
   </div>
   <div class='ocr_carea' id='block_1_99' title="bbox 164 2693 951 2729">
    <p class='ocr_par' dir='ltr' id='par_1_99' title="bbox 164 2693 951 2729">
     <span class='ocr_line' id='line_1_99' title="bbox 164 2693 951 2729; baseline 0.001 -9"><span class='ocrx_word' id='word_1_662' title='bbox 164 2693 219 2720; x_wconf 87' lang='grc' dir='ltr'>τῶν</span> <span class='ocrx_word' id='word_1_663' title='bbox 237 2693 332 2720; x_wconf 83' lang='grc' dir='ltr'>παθῶν</span> <span class='ocrx_word' id='word_1_664' title='bbox 346 2693 385 2729; x_wconf 79' lang='grc' dir='ltr'>τῷ</span> <span class='ocrx_word' id='word_1_665' title='bbox 402 2694 528 2729; x_wconf 79' lang='grc' dir='ltr'>μεγέθει,</span> <span class='ocrx_word' id='word_1_666' title='bbox 540 2694 588 2721; x_wconf 68' lang='grc' dir='ltr'><strong>καὶ</strong></span> <span class='ocrx_word' id='word_1_667' title='bbox 603 2694 702 2725; x_wconf 71' lang='grc' dir='ltr'>αὐτοὺς</span> <span class='ocrx_word' id='word_1_668' title='bbox 717 2695 779 2726; x_wconf 86' lang='grc' dir='ltr'>τοὺς</span> <span class='ocrx_word' id='word_1_669' title='bbox 794 2694 951 2729; x_wconf 81' lang='grc' dir='ltr'>ἐπιτιθεμέ-</span> 
     </span>
    </p>
   </div>
   <div class='ocr_carea' id='block_1_100' title="bbox 166 2739 950 2776">
    <p class='ocr_par' dir='ltr' id='par_1_100' title="bbox 166 2739 950 2776">
     <span class='ocr_line' id='line_1_100' title="bbox 166 2739 950 2776; baseline 0.001 -11"><span class='ocrx_word' id='word_1_670' title='bbox 166 2747 228 2770; x_wconf 87' lang='grc' dir='ltr'>νους</span> <span class='ocrx_word' id='word_1_671' title='bbox 243 2740 282 2771; x_wconf 79' lang='grc' dir='ltr'>εἰς</span> <span class='ocrx_word' id='word_1_672' title='bbox 294 2739 369 2767; x_wconf 80' lang='grc' dir='ltr'>ἔλεον</span> <span class='ocrx_word' id='word_1_673' title='bbox 383 2739 522 2772; x_wconf 72' lang='grc' dir='ltr'>ἕλκοντας.</span> <span class='ocrx_word' id='word_1_674' title='bbox 537 2741 584 2772; x_wconf 86' lang='grc' dir='ltr'><strong>Τίς</strong></span> <span class='ocrx_word' id='word_1_675' title='bbox 600 2741 655 2775; x_wconf 79' lang='grc' dir='ltr'>γὰρ</span> <span class='ocrx_word' id='word_1_676' title='bbox 671 2742 684 2767; x_wconf 79' lang='grc' dir='ltr'><strong>ὁ</strong></span> <span class='ocrx_word' id='word_1_677' title='bbox 700 2742 756 2772; x_wconf 82' lang='grc' dir='ltr'>τοῖς</span> <span class='ocrx_word' id='word_1_678' title='bbox 770 2741 950 2776; x_wconf 74' lang='grc' dir='ltr'>τηλικούτοις,</span> 
     </span>
    </p>
   </div>
   <div class='ocr_carea' id='block_1_101' title="bbox 166 2783 950 2820">
    <p class='ocr_par' dir='ltr' id='par_1_101' title="bbox 166 2783 950 2820">
     <span class='ocr_line' id='line_1_101' title="bbox 166 2783 950 2820; baseline 0.003 -11"><span class='ocrx_word' id='word_1_679' title='bbox 166 2783 198 2810; x_wconf 80' lang='grc' dir='ltr'>οὺ</span> <span class='ocrx_word' id='word_1_680' title='bbox 211 2783 281 2818; x_wconf 79' lang='grc' dir='ltr'>λέγω</span> <span class='ocrx_word' id='word_1_681' title='bbox 296 2783 400 2820; x_wconf 84' lang='grc' dir='ltr'>θλίψεις</span> <span class='ocrx_word' id='word_1_682' title='bbox 422 2785 546 2819; x_wconf 75' lang='grc' dir='ltr'>ἐπινοῶν,</span> <span class='ocrx_word' id='word_1_683' title='bbox 561 2785 629 2812; x_wconf 69' lang='grc' dir='ltr'>ἀλλὰ</span> <span class='ocrx_word' id='word_1_684' title='bbox 645 2785 681 2820; x_wconf 80' lang='grc' dir='ltr'>μὴ</span> <span class='ocrx_word' id='word_1_685' title='bbox 700 2785 747 2812; x_wconf 77' lang='grc' dir='ltr'>καὶ</span> <span class='ocrx_word' id='word_1_686' title='bbox 763 2786 863 2820; x_wconf 65' lang='grc' dir='ltr'>σφόδρα</span> <span class='ocrx_word' id='word_1_687' title='bbox 884 2794 950 2820; x_wconf 83' lang='grc' dir='ltr'>καμ-</span> 
     </span>
    </p>
   </div>
   <div class='ocr_carea' id='block_1_102' title="bbox 168 2829 951 2868">
    <p class='ocr_par' dir='ltr' id='par_1_102' title="bbox 168 2829 951 2868">
     <span class='ocr_line' id='line_1_102' title="bbox 168 2829 951 2868; baseline 0.003 -13"><span class='ocrx_word' id='word_1_688' title='bbox 168 2829 312 2866; x_wconf 77' lang='grc' dir='ltr'>πτόμενος,</span> <span class='ocrx_word' id='word_1_689' title='bbox 325 2832 374 2859; x_wconf 85' lang='grc' dir='ltr'>οὐκ</span> <span class='ocrx_word' id='word_1_690' title='bbox 388 2831 488 2866; x_wconf 79' lang='grc' dir='ltr'>ἄδικος,</span> <span class='ocrx_word' id='word_1_691' title='bbox 505 2833 554 2859; x_wconf 77' lang='grc' dir='ltr'>οὐκ</span> <span class='ocrx_word' id='word_1_692' title='bbox 566 2833 650 2868; x_wconf 67' lang='grc' dir='ltr'>ὠμὸς,</span> <span class='ocrx_word' id='word_1_693' title='bbox 666 2833 695 2859; x_wconf 73' lang='grc' dir='ltr'>οὐ</span> <span class='ocrx_word' id='word_1_694' title='bbox 707 2832 750 2858; x_wconf 70' lang='grc' dir='ltr'><strong>τὸν</strong></span> <span class='ocrx_word' id='word_1_695' title='bbox 768 2833 827 2859; x_wconf 70' lang='grc' dir='ltr'>νοῦν</span> <span class='ocrx_word' id='word_1_696' title='bbox 844 2833 889 2858; x_wconf 70' lang='grc' dir='ltr'>καὶ</span> <span class='ocrx_word' id='word_1_697' title='bbox 904 2832 951 2866; x_wconf 78' lang='grc' dir='ltr'>τὴν</span> 
     </span>
    </p>
   </div>
   <div class='ocr_carea' id='block_1_103' title="bbox 999 2234 1786 2270">
    <p class='ocr_par' dir='ltr' id='par_1_103' title="bbox 999 2234 1786 2270">
     <span class='ocr_line' id='line_1_103' title="bbox 999 2234 1786 2270; baseline -0.004 -7"><span class='ocrx_word' id='word_1_698' title='bbox 999 2243 1093 2264; x_wconf 86' lang='lat' dir='ltr'><strong>eorum</strong></span> <span class='ocrx_word' id='word_1_699' title='bbox 1103 2236 1194 2270; x_wconf 86' lang='lat' dir='ltr'><strong>lapsus</strong></span> <span class='ocrx_word' id='word_1_700' title='bbox 1202 2240 1264 2262; x_wconf 86' lang='lat' dir='ltr'><strong>ante</strong></span> <span class='ocrx_word' id='word_1_701' title='bbox 1274 2235 1412 2262; x_wconf 84' lang='lat' dir='ltr'><strong>veritatem</strong></span> <span class='ocrx_word' id='word_1_702' title='bbox 1427 2239 1511 2267; x_wconf 88' lang='lat' dir='ltr'><strong>amat,</strong></span> <span class='ocrx_word' id='word_1_703' title='bbox 1523 2234 1586 2261; x_wconf 87' lang='lat' dir='ltr'><strong>duci</strong></span> <span class='ocrx_word' id='word_1_704' title='bbox 1596 2234 1637 2261; x_wconf 82' lang='lat' dir='ltr'><strong>vel</strong></span> <span class='ocrx_word' id='word_1_705' title='bbox 1649 2234 1786 2261; x_wconf 84' lang='lat' dir='ltr'><strong>sacerdoti</strong></span> 
     </span>
    </p>
   </div>
   <div class='ocr_carea' id='block_1_104' title="bbox 1000 2280 1785 2317">
    <p class='ocr_par' dir='ltr' id='par_1_104' title="bbox 1000 2280 1785 2317">
     <span class='ocr_line' id='line_1_104' title="bbox 1000 2280 1785 2317; baseline -0.004 -8"><span class='ocrx_word' id='word_1_706' title='bbox 1000 2282 1047 2309; x_wconf 88' lang='lat' dir='ltr'><strong>Dei</strong></span> <span class='ocrx_word' id='word_1_707' title='bbox 1060 2282 1205 2317; x_wconf 88' lang='lat' dir='ltr'><strong>appendat,</strong></span> <span class='ocrx_word' id='word_1_708' title='bbox 1223 2286 1269 2308; x_wconf 90' lang='lat' dir='ltr'><strong>aut</strong></span> <span class='ocrx_word' id='word_1_709' title='bbox 1281 2281 1432 2315; x_wconf 86' lang='lat' dir='ltr'><strong>cuicunque</strong></span> <span class='ocrx_word' id='word_1_710' title='bbox 1447 2281 1548 2307; x_wconf 87' lang='lat' dir='ltr'><strong>virtute</strong></span> <span class='ocrx_word' id='word_1_711' title='bbox 1561 2280 1701 2315; x_wconf 61' lang='lat' dir='ltr'><strong>praestanti</strong></span> <span class='ocrx_word' id='word_1_712' title='bbox 1715 2280 1785 2311; x_wconf 85' lang='lat' dir='ltr'><strong>viro,</strong></span> 
     </span>
    </p>
   </div>
   <div class='ocr_carea' id='block_1_105' title="bbox 999 2325 1788 2362">
    <p class='ocr_par' dir='ltr' id='par_1_105' title="bbox 999 2325 1788 2362">
     <span class='ocr_line' id='line_1_105' title="bbox 999 2325 1788 2362; baseline -0.004 -8"><span class='ocrx_word' id='word_1_713' title='bbox 999 2335 1086 2362; x_wconf 66' lang='lat' dir='ltr'><strong>papw,</strong></span> <span class='ocrx_word' id='word_1_714' title='bbox 1103 2335 1184 2362; x_wconf 86' lang='lat' dir='ltr'><strong>quam</strong></span> <span class='ocrx_word' id='word_1_715' title='bbox 1199 2327 1346 2354; x_wconf 85' lang='lat' dir='ltr'><strong>absurdum</strong></span> <span class='ocrx_word' id='word_1_716' title='bbox 1362 2326 1406 2353; x_wconf 92' lang='lat' dir='ltr'><strong>ille</strong></span> <span class='ocrx_word' id='word_1_717' title='bbox 1426 2329 1453 2353; x_wconf 88' lang='lat' dir='ltr'><strong>et</strong></span> <span class='ocrx_word' id='word_1_718' title='bbox 1473 2325 1656 2356; x_wconf 84' lang='lat' dir='ltr'><strong>machinatur,</strong></span> <span class='ocrx_word' id='word_1_719' title='bbox 1684 2330 1711 2352; x_wconf 86' lang='lat' dir='ltr'><strong>et</strong></span> <span class='ocrx_word' id='word_1_720' title='bbox 1730 2333 1788 2352; x_wconf 73' lang='lat' dir='ltr'><strong>ma—</strong></span> 
     </span>
    </p>
   </div>
   <div class='ocr_carea' id='block_1_106' title="bbox 999 2371 1788 2400">
    <p class='ocr_par' dir='ltr' id='par_1_106' title="bbox 999 2371 1788 2400">
     <span class='ocr_line' id='line_1_106' title="bbox 999 2371 1788 2400; baseline -0.004 0"><span class='ocrx_word' id='word_1_721' title='bbox 999 2373 1105 2400; x_wconf 88' lang='lat' dir='ltr'><strong>chinari</strong></span> <span class='ocrx_word' id='word_1_722' title='bbox 1122 2373 1313 2400; x_wconf 79' lang='lat' dir='ltr'><strong>convincitur:</strong></span> <span class='ocrx_word' id='word_1_723' title='bbox 1337 2376 1366 2399; x_wconf 92' lang='lat' dir='ltr'><strong>tu</strong></span> <span class='ocrx_word' id='word_1_724' title='bbox 1378 2372 1417 2399; x_wconf 90' lang='lat' dir='ltr'><strong>sic</strong></span> <span class='ocrx_word' id='word_1_725' title='bbox 1431 2371 1559 2398; x_wconf 89' lang='lat' dir='ltr'><strong>laudibus</strong></span> <span class='ocrx_word' id='word_1_726' title='bbox 1573 2379 1616 2398; x_wconf 90' lang='lat' dir='ltr'><strong>me</strong></span> <span class='ocrx_word' id='word_1_727' title='bbox 1632 2371 1660 2398; x_wconf 93' lang='lat' dir='ltr'><strong>in</strong></span> <span class='ocrx_word' id='word_1_728' title='bbox 1672 2371 1788 2398; x_wconf 86' lang='lat' dir='ltr'><strong>sublime</strong></span> 
     </span>
    </p>
   </div>
   <div class='ocr_carea' id='block_1_107' title="bbox 1000 2416 1789 2453">
    <p class='ocr_par' dir='ltr' id='par_1_107' title="bbox 1000 2416 1789 2453">
     <span class='ocr_line' id='line_1_107' title="bbox 1000 2416 1789 2453; baseline -0.003 -8"><span class='ocrx_word' id='word_1_729' title='bbox 1000 2418 1128 2448; x_wconf 75' lang='lat' dir='ltr'><strong>etl‘ercns.</strong></span> <span class='ocrx_word' id='word_1_730' title='bbox 1145 2418 1171 2445; x_wconf 91' lang='lat' dir='ltr'><strong>in</strong></span> <span class='ocrx_word' id='word_1_731' title='bbox 1187 2418 1352 2453; x_wconf 75' lang='lat' dir='ltr'><strong>profundum</strong></span> <span class='ocrx_word' id='word_1_732' title='bbox 1363 2418 1474 2453; x_wconf 75' lang='lat' dir='ltr'><strong>mergis,</strong></span> <span class='ocrx_word' id='word_1_733' title='bbox 1484 2424 1601 2444; x_wconf 89' lang='lat' dir='ltr'><strong>causans</strong></span> <span class='ocrx_word' id='word_1_734' title='bbox 1609 2424 1653 2444; x_wconf 94' lang='lat' dir='ltr'><strong>me</strong></span> <span class='ocrx_word' id='word_1_735' title='bbox 1661 2416 1789 2444; x_wconf 87' lang='lat' dir='ltr'><strong>homines</strong></span> 
     </span>
    </p>
   </div>
   <div class='ocr_carea' id='block_1_108' title="bbox 1000 2463 1788 2499">
    <p class='ocr_par' dir='ltr' id='par_1_108' title="bbox 1000 2463 1788 2499">
     <span class='ocr_line' id='line_1_108' title="bbox 1000 2463 1788 2499; baseline -0.001 -7"><span class='ocrx_word' id='word_1_736' title='bbox 1000 2465 1132 2492; x_wconf 84' lang='lat' dir='ltr'><strong>conviciis</strong></span> <span class='ocrx_word' id='word_1_737' title='bbox 1149 2465 1254 2492; x_wconf 80' lang='lat' dir='ltr'><strong>aﬂicere</strong></span> <span class='ocrx_word' id='word_1_738' title='bbox 1276 2469 1304 2491; x_wconf 89' lang='lat' dir='ltr'><strong>et</strong></span> <span class='ocrx_word' id='word_1_739' title='bbox 1324 2465 1353 2492; x_wconf 92' lang='lat' dir='ltr'><strong>in</strong></span> <span class='ocrx_word' id='word_1_740' title='bbox 1377 2472 1410 2491; x_wconf 86' lang='lat' dir='ltr'><strong>eo</strong></span> <span class='ocrx_word' id='word_1_741' title='bbox 1432 2463 1602 2496; x_wconf 79' lang='lat' dir='ltr'><strong>malefacere,</strong></span> <span class='ocrx_word' id='word_1_742' title='bbox 1627 2464 1674 2499; x_wconf 90' lang='lat' dir='ltr'><strong>qui</strong></span> <span class='ocrx_word' id='word_1_743' title='bbox 1696 2467 1788 2491; x_wconf 87' lang='lat' dir='ltr'><strong>tamen</strong></span> 
     </span>
    </p>
   </div>
   <div class='ocr_carea' id='block_1_109' title="bbox 1001 2510 1787 2545">
    <p class='ocr_par' dir='ltr' id='par_1_109' title="bbox 1001 2510 1787 2545">
     <span class='ocr_line' id='line_1_109' title="bbox 1001 2510 1787 2545; baseline -0.001 -7"><span class='ocrx_word' id='word_1_744' title='bbox 1001 2515 1078 2538; x_wconf 81' lang='lat' dir='ltr'><strong>extra</strong></span> <span class='ocrx_word' id='word_1_745' title='bbox 1102 2511 1209 2545; x_wconf 80' lang='lat' dir='ltr'><strong>culpant</strong></span> <span class='ocrx_word' id='word_1_746' title='bbox 1238 2518 1308 2543; x_wconf 85' lang='lat' dir='ltr'><strong>sum,</strong></span> <span class='ocrx_word' id='word_1_747' title='bbox 1330 2511 1376 2545; x_wconf 91' lang='lat' dir='ltr'><strong>qui</strong></span> <span class='ocrx_word' id='word_1_748' title='bbox 1400 2510 1553 2537; x_wconf 86' lang='lat' dir='ltr'><strong>innumeris</strong></span> <span class='ocrx_word' id='word_1_749' title='bbox 1577 2510 1787 2541; x_wconf 83' lang='lat' dir='ltr'><strong>calamitatibus.</strong></span> 
     </span>
    </p>
   </div>
   <div class='ocr_carea' id='block_1_110' title="bbox 1001 2555 1788 2592">
    <p class='ocr_par' dir='ltr' id='par_1_110' title="bbox 1001 2555 1788 2592">
     <span class='ocr_line' id='line_1_110' title="bbox 1001 2555 1788 2592; baseline -0.003 -8"><span class='ocrx_word' id='word_1_750' title='bbox 1001 2557 1074 2592; x_wconf 87' lang='lat' dir='ltr'><strong>quod</strong></span> <span class='ocrx_word' id='word_1_751' title='bbox 1091 2556 1185 2584; x_wconf 89' lang='lat' dir='ltr'><strong>dolens</strong></span> <span class='ocrx_word' id='word_1_752' title='bbox 1200 2556 1271 2588; x_wconf 88' lang='lat' dir='ltr'><strong>dico,</strong></span> <span class='ocrx_word' id='word_1_753' title='bbox 1283 2564 1333 2592; x_wconf 89' lang='lat' dir='ltr'><strong>pro</strong></span> <span class='ocrx_word' id='word_1_754' title='bbox 1347 2555 1464 2584; x_wconf 88' lang='lat' dir='ltr'><strong>veritate</strong></span> <span class='ocrx_word' id='word_1_755' title='bbox 1484 2555 1642 2587; x_wconf 78' lang='lat' dir='ltr'><strong>exhaurior,</strong></span> <span class='ocrx_word' id='word_1_756' title='bbox 1662 2556 1707 2591; x_wconf 92' lang='lat' dir='ltr'><strong>qui</strong></span> <span class='ocrx_word' id='word_1_757' title='bbox 1728 2564 1788 2582; x_wconf 85' lang='lat' dir='ltr'><strong>om-</strong></span> 
     </span>
    </p>
   </div>
   <div class='ocr_carea' id='block_1_111' title="bbox 1002 2602 1788 2638">
    <p class='ocr_par' dir='ltr' id='par_1_111' title="bbox 1002 2602 1788 2638">
     <span class='ocr_line' id='line_1_111' title="bbox 1002 2602 1788 2638; baseline -0.004 -7"><span class='ocrx_word' id='word_1_758' title='bbox 1002 2604 1078 2631; x_wconf 88' lang='lat' dir='ltr'><strong>nium</strong></span> <span class='ocrx_word' id='word_1_759' title='bbox 1095 2603 1237 2638; x_wconf 86' lang='lat' dir='ltr'><strong>passiones</strong></span> <span class='ocrx_word' id='word_1_760' title='bbox 1253 2603 1384 2638; x_wconf 70' lang='lat' dir='ltr'><strong>gravitate</strong></span> <span class='ocrx_word' id='word_1_761' title='bbox 1396 2603 1520 2636; x_wconf 90' lang='lat' dir='ltr'><strong>vicerim,</strong></span> <span class='ocrx_word' id='word_1_762' title='bbox 1537 2607 1565 2630; x_wconf 88' lang='lat' dir='ltr'><strong>et</strong></span> <span class='ocrx_word' id='word_1_763' title='bbox 1577 2603 1651 2638; x_wconf 88' lang='lat' dir='ltr'><strong>ipsos</strong></span> <span class='ocrx_word' id='word_1_764' title='bbox 1663 2602 1788 2629; x_wconf 89' lang='lat' dir='ltr'><strong>inimicos</strong></span> 
     </span>
    </p>
   </div>
   <div class='ocr_carea' id='block_1_112' title="bbox 1002 2648 1789 2681">
    <p class='ocr_par' dir='ltr' id='par_1_112' title="bbox 1002 2648 1789 2681">
     <span class='ocr_line' id='line_1_112' title="bbox 1002 2648 1789 2681; baseline -0.003 -5"><span class='ocrx_word' id='word_1_765' title='bbox 1002 2649 1069 2676; x_wconf 90' lang='lat' dir='ltr'><strong>mihi</strong></span> <span class='ocrx_word' id='word_1_766' title='bbox 1089 2649 1253 2677; x_wconf 83' lang='lat' dir='ltr'><strong>insultantes</strong></span> <span class='ocrx_word' id='word_1_767' title='bbox 1277 2649 1303 2676; x_wconf 93' lang='lat' dir='ltr'><strong>in</strong></span> <span class='ocrx_word' id='word_1_768' title='bbox 1325 2649 1540 2677; x_wconf 88' lang='lat' dir='ltr'><strong>misericordiam</strong></span> <span class='ocrx_word' id='word_1_769' title='bbox 1562 2649 1693 2676; x_wconf 81' lang='lat' dir='ltr'><strong>tlexerim.</strong></span> <span class='ocrx_word' id='word_1_770' title='bbox 1722 2648 1789 2681; x_wconf 77' lang='lat' dir='ltr'><strong>Quis</strong></span> 
     </span>
    </p>
   </div>
   <div class='ocr_carea' id='block_1_113' title="bbox 1003 2694 1789 2731">
    <p class='ocr_par' dir='ltr' id='par_1_113' title="bbox 1003 2694 1789 2731">
     <span class='ocr_line' id='line_1_113' title="bbox 1003 2694 1789 2731; baseline -0.003 -8"><span class='ocrx_word' id='word_1_771' title='bbox 1003 2695 1111 2728; x_wconf 85' lang='lat' dir='ltr'><strong>talibus,</strong></span> <span class='ocrx_word' id='word_1_772' title='bbox 1123 2703 1179 2723; x_wconf 91' lang='lat' dir='ltr'><strong>non</strong></span> <span class='ocrx_word' id='word_1_773' title='bbox 1195 2695 1282 2724; x_wconf 85' lang='lat' dir='ltr'><strong>dicam</strong></span> <span class='ocrx_word' id='word_1_774' title='bbox 1298 2696 1457 2724; x_wconf 80' lang='lat' dir='ltr'><strong>aﬂlictiones</strong></span> <span class='ocrx_word' id='word_1_775' title='bbox 1468 2696 1636 2731; x_wconf 79' lang='lat' dir='ltr'><strong>cxcogitans,</strong></span> <span class='ocrx_word' id='word_1_776' title='bbox 1644 2702 1699 2721; x_wconf 87' lang='lat' dir='ltr'><strong>non</strong></span> <span class='ocrx_word' id='word_1_777' title='bbox 1712 2694 1789 2721; x_wconf 87' lang='lat' dir='ltr'><strong>valde</strong></span> 
     </span>
    </p>
   </div>
   <div class='ocr_carea' id='block_1_114' title="bbox 1004 2741 1790 2777">
    <p class='ocr_par' dir='ltr' id='par_1_114' title="bbox 1004 2741 1790 2777">
     <span class='ocr_line' id='line_1_114' title="bbox 1004 2741 1790 2777; baseline -0.001 -9"><span class='ocrx_word' id='word_1_778' title='bbox 1004 2741 1168 2774; x_wconf 86' lang='lat' dir='ltr'><strong>inllcctctur,</strong></span> <span class='ocrx_word' id='word_1_779' title='bbox 1184 2742 1207 2768; x_wconf 89' lang='lat' dir='ltr'><strong>si</strong></span> <span class='ocrx_word' id='word_1_780' title='bbox 1227 2742 1356 2777; x_wconf 86' lang='lat' dir='ltr'><strong>injustus,</strong></span> <span class='ocrx_word' id='word_1_781' title='bbox 1372 2743 1483 2775; x_wconf 89' lang='lat' dir='ltr'><strong>crudus,</strong></span> <span class='ocrx_word' id='word_1_782' title='bbox 1506 2742 1635 2772; x_wconf 85' lang='lat' dir='ltr'><strong>crudelis,</strong></span> <span class='ocrx_word' id='word_1_783' title='bbox 1658 2741 1790 2768; x_wconf 81' lang='lat' dir='ltr'><strong>barbarus</strong></span> 
     </span>
    </p>
   </div>
   <div class='ocr_carea' id='block_1_115' title="bbox 1004 2786 1788 2818">
    <p class='ocr_par' dir='ltr' id='par_1_115' title="bbox 1004 2786 1788 2818">
     <span class='ocr_line' id='line_1_115' title="bbox 1004 2786 1788 2818; baseline -0.001 -5"><span class='ocrx_word' id='word_1_784' title='bbox 1004 2793 1058 2813; x_wconf 88' lang='lat' dir='ltr'><strong>non</strong></span> <span class='ocrx_word' id='word_1_785' title='bbox 1073 2786 1117 2818; x_wconf 86' lang='lat' dir='ltr'><strong>sit,</strong></span> <span class='ocrx_word' id='word_1_786' title='bbox 1135 2786 1156 2812; x_wconf 80' lang='lat' dir='ltr'><strong>si</strong></span> <span class='ocrx_word' id='word_1_787' title='bbox 1173 2795 1225 2813; x_wconf 85' lang='lat' dir='ltr'><strong>non</strong></span> <span class='ocrx_word' id='word_1_788' title='bbox 1237 2794 1345 2814; x_wconf 87' lang='lat' dir='ltr'><strong>onmem</strong></span> <span class='ocrx_word' id='word_1_789' title='bbox 1360 2787 1397 2814; x_wconf 85' lang='lat' dir='ltr'><strong>illi</strong></span> <span class='ocrx_word' id='word_1_790' title='bbox 1415 2786 1576 2814; x_wconf 84' lang='lat' dir='ltr'><strong>rationalem</strong></span> <span class='ocrx_word' id='word_1_791' title='bbox 1596 2791 1624 2814; x_wconf 90' lang='lat' dir='ltr'><strong>et</strong></span> <span class='ocrx_word' id='word_1_792' title='bbox 1639 2787 1788 2813; x_wconf 90' lang='lat' dir='ltr'><strong>humanum</strong></span> 
     </span>
    </p>
   </div>
   <div class='ocr_carea' id='block_1_116' title="bbox 1003 2830 1788 2867">
    <p class='ocr_par' dir='ltr' id='par_1_116' title="bbox 1003 2830 1788 2867">
     <span class='ocr_line' id='line_1_116' title="bbox 1003 2830 1788 2867; baseline -0.001 -8"><span class='ocrx_word' id='word_1_793' title='bbox 1003 2839 1114 2859; x_wconf 78' lang='lat' dir='ltr'><strong>sensum</strong></span> <span class='ocrx_word' id='word_1_794' title='bbox 1126 2835 1244 2867; x_wconf 73' lang='lat' dir='ltr'><strong>potestas</strong></span> <span class='ocrx_word' id='word_1_795' title='bbox 1259 2840 1314 2861; x_wconf 90' lang='lat' dir='ltr'><strong>non</strong></span> <span class='ocrx_word' id='word_1_796' title='bbox 1328 2831 1544 2867; x_wconf 60' lang='lat' dir='ltr'><strong>caspecwravit?</strong></span> <span class='ocrx_word' id='word_1_797' title='bbox 1557 2830 1595 2859; x_wconf 90' lang='lat' dir='ltr'><strong>lta</strong></span> <span class='ocrx_word' id='word_1_798' title='bbox 1611 2832 1655 2865; x_wconf 87' lang='lat' dir='ltr'><strong>sit,</strong></span> <span class='ocrx_word' id='word_1_799' title='bbox 1668 2831 1788 2866; x_wconf 82' lang='lat' dir='ltr'><strong>inquies,</strong></span> 
     </span>
    </p>
   </div>
  </div>
