1931 3080
155 105 210 138 855

712 102 844 132 PHOTII
863 102 1114 133 PATRIARCH/E
1132 105 1186 135 CP.

1722 100 1775 135 856

155 165 204 193 sed
220 169 246 192 te
261 164 381 199 oportuit
397 171 439 191 me
453 167 579 190 vocatum
598 161 733 190 consolari
750 170 756 188 :
773 165 829 193 aut,
846 160 928 188 salten

993 161 1074 196 φύσιν
1091 161 1238 198 βάρὸαρος,
1255 164 1286 189 οὺ
1300 163 1390 189 πᾶσαν
1404 161 1607 198 περιῃρημένος
1619 160 1732 196 λογικήν
1745 170 1774 187 τε

156 209 184 236 in
204 210 341 243 secundis,
361 210 384 237 si
399 217 453 237 non
475 208 555 241 illud,
576 207 734 243 permittere
752 211 783 234 ut
799 206 903 234 avolem
925 213 941 233 e

156 255 281 290 vestigio.
297 255 399 283 Horum
414 259 542 282 neutrum
568 261 630 281 cum
655 253 794 284 succedat,
815 259 864 279 cur
885 259 941 279 non

154 309 201 330 me
221 302 335 329 summis
356 301 436 329 malis
454 301 605 336 immergat,
626 304 654 326 et
668 298 778 327 vivendi
797 298 889 326 odium
909 306 941 325 ac

156 347 281 375 timorem
303 345 403 374 faciat?
423 346 482 378 Ast,
504 353 521 373 ο
546 345 628 376 bone,
652 349 681 371 tu
704 348 733 372 et
761 343 893 375 virtuose,
917 342 940 370 si

156 391 274 427 ignoras,
290 391 362 426 quod
375 398 419 418 me
430 391 654 426 persequentium
669 390 746 418 furor
756 390 784 417 in
796 397 839 417 me
851 389 940 416 eﬂ'un-

155 436 240 470 ditur,
256 437 277 463 si
294 444 362 472 quas
384 440 493 463 struunt
516 436 616 470 ubique
637 436 688 463 soli
713 440 741 463 et
758 435 808 463 sali
828 434 940 463 insidias

155 481 225 509 forte
245 482 279 509 ad
295 482 362 509 alios
384 486 531 517 praeteritus
549 485 709 509 convertere
726 481 816 516 possis
837 481 939 508 oratio-

155 536 229 559 nem,
244 528 314 563 quod
330 532 388 555 tute
400 527 449 555 tibi
468 531 575 554 struere
596 527 726 559 volueris,
748 531 776 554 et
795 534 850 554 non
871 526 939 553 insi-

152 573 269 604 mulare.
287 581 348 601 cum
360 573 432 608 quod
454 573 551 608 diligar
567 580 622 600 non
640 572 780 599 redamem
800 582 808 600 :
826 576 854 599 at
875 579 938 600 cum

152 619 321 654 experientia
341 620 399 646 haec
419 619 500 652 scias,
515 623 542 646 et
555 619 655 646 litteris
667 627 698 646 ea
717 619 819 654 tragice
844 625 937 652 perse-

151 665 253 700 quaris,
269 670 326 692 tum
351 665 460 692 demum
482 673 590 692 causam
615 665 746 693 sciscitari
767 672 817 692 cur
837 669 863 691 te
882 672 938 692 non

151 709 316 742 advocarim,
335 716 387 736 nec
414 709 557 736 annuerim
577 712 609 736 ut
623 709 748 740 accedas,
768 715 830 736 cum
845 708 871 735 id
888 715 938 735 cu-

150 761 241 789 peres;
256 762 312 781 non
333 759 376 782 est
401 755 519 782 hominis
542 761 651 781 causam
673 762 738 781 vere
761 753 936 788 requirentis,

151 799 200 826 sed
215 799 356 826 veritatem
380 799 415 826 ob
440 799 534 827 oculos
547 803 702 827 versantem
727 798 889 833 negligentis
909 802 936 825 et

151 849 297 879 praetextus
310 844 499 881 excogitantis,
524 853 574 880 per
600 852 668 881 quos
687 851 742 871 non
764 843 936 878 impudenter

150 890 268 918 videaris
283 898 327 918 me
341 895 369 918 et
391 891 426 918 de
442 891 514 925 iusta
531 897 613 917 causa
630 894 755 917 tractare.
781 889 835 916 Sed
855 895 935 916 scena

149 940 178 963 et
192 937 327 963 theatrum
340 937 369 964 in
384 944 433 964 nos
446 940 613 964 commotum
628 936 665 962 ita
676 935 799 962 consedit
812 943 818 961 :
837 939 935 962 extera

149 981 221 1015 quod
238 982 344 1013 attinet.
357 981 528 1009 sedulitatem
545 981 623 1009 video
639 981 778 1016 pueriliter
791 980 932 1013 libantem;

148 1027 331 1061 dejectionem
357 1027 384 1054 in
414 1027 500 1054 risum
526 1034 632 1054 versam
658 1026 790 1062 lacrymas
818 1026 933 1053 chorum

147 1072 282 1100 comicum
300 1073 462 1100 cantitantes
478 1081 485 1100 :
502 1080 564 1100 nam
582 1079 642 1107 quae
659 1072 832 1107 contigerunt
855 1071 933 1106 plan-

146 1126 222 1153 gere.
242 1122 269 1145 et
294 1117 327 1145 ad
351 1119 502 1152 passiones,
527 1117 648 1149 morbos,
671 1116 808 1144 fortunam
830 1116 933 1144 referre

146 1164 245 1193 anima),
257 1163 388 1191 indicium
404 1167 446 1190 est
457 1163 632 1198 deplorantis,
649 1167 677 1190 et
690 1163 796 1190 sincere
807 1166 932 1197 satagen-

146 1210 192 1241 tis,
213 1214 244 1237 ut
265 1209 341 1237 labes
360 1213 513 1237 contractas
531 1209 603 1236 cluat
616 1218 622 1236 :
635 1212 663 1236 at
686 1208 830 1240 aﬂirmare,
857 1208 931 1236 hunc

145 1255 311 1289 deliquisse,
340 1254 423 1281 alium
446 1262 508 1281 eum
530 1253 677 1281 defendere
703 1257 868 1285 conantem,
896 1260 931 1280 ne

144 1301 231 1328 dicam
248 1309 256 1328 :
272 1300 408 1333 Quorsum
437 1304 463 1327 te
489 1300 610 1335 exagitas
636 1305 684 1332 pro
701 1298 772 1329 alio.
797 1298 863 1333 quid
886 1305 930 1325 res

142 1355 278 1382 prospera:
295 1347 367 1373 illius
385 1350 411 1373 te
439 1345 601 1380 respiciunt,
622 1344 668 1379 qui
700 1352 754 1371 non
769 1345 928 1372 relationem

141 1392 224 1419 habet
240 1392 273 1419 ad
293 1391 338 1419 te?
353 1390 484 1418 Permitte
503 1390 578 1418 illum
594 1390 680 1417 reatui
695 1397 745 1417 suo
767 1399 774 1417 :
791 1395 820 1418 et
833 1390 856 1418 si
879 1390 928 1418 tibi

141 1437 274 1472 torqueri,
292 1436 441 1468 verberari,
455 1434 511 1470 pati
525 1443 588 1470 qua:
599 1436 710 1471 dignum
725 1440 769 1463 est
781 1444 844 1464 eum
857 1437 924 1472 pati,

951 828 971 856 Β

992 207 1039 234 καὶ
1050 208 1236 244 ἀνθρωπίνην,
1253 209 1323 244 μετά
1335 209 1385 244 τῆς
1396 208 1537 243 δυνάμεως
1550 207 1694 243 αῐσθησιν;
1709 206 1774 235 εἷεν.

998 252 1068 279 Ἀλλ’
1087 253 1141 279 ἔδει
1158 261 1200 286 σε,
1215 253 1298 288 φησὶ,
1315 252 1570 288 μετακαἿιεσάμενὸν
1592 261 1626 287 με
1646 251 1775 288 ψυχαγω-

991 297 1085 332 γῆσαι*
1099 297 1116 332 ἢ
1129 298 1154 324 εἰ
1170 297 1207 333 μὴ
1222 297 1318 330 τοῦτο,
1334 297 1364 324 τὸ
1379 297 1444 330 γοῦν
1458 296 1596 331 δεύτερον,
1611 295 1775 332 ὡρμημένον

990 343 1133 378 ἐπιτρέψαι
1149 343 1372 379 παραγενέσθαι’
1385 342 1416 369 τδ
1429 342 1458 369 δὲ
1475 343 1622 378 μηδέτερον
1641 341 1774 377 προϐῆναι

990 391 1102 423 τούτων,
1120 390 1178 421 πῶς
1191 390 1221 416 οὐ
1239 390 1295 421 τοῖς
1309 390 1433 425 ἐσχάτοις
1449 398 1482 425 με
1498 389 1654 424 περιϐάλλει
1667 388 1772 420 κακοῖς,

990 435 1115 472 καὶΙπρὺς
1133 437 1210 471 μῖσος
1229 436 1329 470 ἀπάγει
1344 436 1392 463 καὶ
1409 434 1492 462 αὐτοῦ
1503 435 1551 462 τοῦ
1566 434 1633 470 ζῇν;
1657 434 1737 468 Ἀλλ’,
1751 431 1773 461 ὦ

990 482 1057 509 καλὲ
1079 482 1125 509 καὶ
1146 483 1246 516 ἀγαθὲ,
1263 484 1288 509 εἰ
1312 482 1361 517 μὲν
1375 481 1494 517 ἠγνόεις,
1510 482 1560 516 ὅση
1579 480 1640 507 καθ’
1658 480 1737 515 ἡμῶν
1755 480 1772 511 ἡ

989 527 1066 562 κοινὴ
1081 527 1135 554 τῶν
1148 528 1301 555 διωκόντων
1322 527 1434 562 κέχυται
1451 526 1548 558 λύσσα,
1566 526 1613 551 καὶ
1629 525 1689 556 οἵας
1705 532 1773 550 παν-

989 573 1072 608 ταχοῦ
1098 573 1149 608 γῆς
1174 573 1267 608 σχεδὸν
1296 572 1344 599 καὶ
1371 572 1522 607 Θαλάσσης,
1549 570 1598 602 τὰς
1627 569 1772 600 ἐπιϐουλὰς

991 619 1095 649 [στῶσι.
1108 619 1198 645 καὶτὰ
1212 618 1318 654 ἔνεδρα,
1334 618 1404 653 τάχα
1418 617 1452 645 ἂν
1465 618 1506 649 εἰς
1523 615 1606 645 ἄλλας
1620 614 1772 650 προφάσεις

989 664 1067 699 ἔσχες
1081 664 1160 698 λόγον
1180 664 1327 699 ἀναφέρειν
1337 683 1345 696 ,
1361 660 1399 690 ὧν
1414 662 1541 694 ἐϐούλου,
1557 661 1607 696 τὴν
1623 660 1772 696 ἀποτυχίαν

989 710 1036 736 καὶ
1051 709 1261 741 ὲπαιτιᾶσθαιῐ,
1280 709 1322 736 ὅτι
1345 708 1382 744 μὴ
1399 708 1505 743 στέργω
1525 707 1720 742 στεργόμενος·
1740 705 1772 733 τὺ

988 755 1017 782 δὲ
1029 755 1075 782 καὶ
1087 755 1231 789 γινώσκειν
1244 755 1312 790 αὐτῇ
1327 754 1411 789 πείρᾳ.
1420 753 1517 786 ταῦτα,
1530 752 1578 779 καὶ
1589 750 1771 787 ὲκτραγῳδεῖν

988 802 1040 829 κὰν
1054 803 1110 832 τοῖς
1126 801 1303 837 γράμμασιν,
1321 798 1381 827 εἶτα
1397 799 1488 834 ζητεῖν
1507 798 1596 824 αἰτίαν
1612 797 1712 832 ἀλλην,
1727 796 1772 823 διὰ

987 847 1013 874 τί
1037 846 1076 883 μὴ
1102 847 1298 882 μετάπεμπτον
1325 855 1355 872 σε
1380 844 1572 880 πεποίημεθα,
1597 842 1659 878 μηδ’
1683 841 1770 868 ἐλθεῖν

985 892 1131 928 ὲζητηκότι
1146 892 1359 927 κατενεύσαμεν·
1374 891 1405 918 οὐ
1421 890 1564 926 ζητοῦντος
1580 889 1655 915 ἐστιν
1669 888 1769 919 αἰτίαν,

985 938 1053 966 ἀλλὰ
1067 937 1116 973 τὴν
1130 937 1316 973 ἀληθεστάτην
1338 936 1385 963 καὶ¹
1400 936 1453 971 πρὸ
1467 935 1615 970 ὀφθαλμῶν
1626 932 1770 968 παρορῶν-

984 994 1029 1017 τος
1040 1005 1048 1018 ,
1062 985 1110 1011 καὶ
1125 983 1278 1019 προφάσεις
1302 981 1551 1018 ὲκμηχανωμένου,
1568 981 1602 1007 δι’
1618 976 1654 1007 ὧν
1671 979 1701 1005 ού
1720 978 1770 1013 μὲν

983 1028 1030 1058 οὖν
1046 1030 1096 1057 οὐκ
1109 1029 1222 1065 ἔχοντας
1237 1028 1327 1056 αἰτίαν
1343 1028 1444 1061 δόξαις,
1466 1027 1517 1054 οὐκ
1535 1027 1569 1054 ἃν
1584 1024 1770 1060 ἀναισχύντως

983 1076 1043 1104 λίαν
1060 1075 1155 1107 κακῶς
1175 1075 1249 1110 ἡμᾶς
1274 1075 1371 1101 εἰπεῖν.
1403 1073 1473 1100 Ἀλλ’
1498 1073 1514 1107 ή
1541 1071 1590 1107 μὲν
1612 1072 1676 1105 περὶ
1696 1069 1769 1105 ἡμᾶς

983 1122 1080 1157 σκηνὴ,
1096 1122 1144 1148 καὶ
1160 1121 1191 1148 τὺ
1206 1120 1319 1155 θέατρον
1331 1139 1338 1152 ,
1355 1118 1482 1154 τοιαύτην
1498 1117 1578 1153 ἔλαχε
1599 1116 1649 1152 τὴν
1665 1114 1768 1142 ὑποϐά-

983 1166 1060 1201 θραψ
1074 1167 1109 1193 τὰ
1123 1166 1146 1193 δ’
1158 1165 1237 1198 ἄλλα,
1259 1163 1375 1200 σπουδὴν
1392 1163 1446 1198 ὁρῶ
1462 1162 1556 1189 παιδία
1572 1159 1766 1194 σπενδομένην,

982 1212 1030 1239 καὶ
1048 1211 1198 1246 κατήφειαν
1224 1210 1341 1244 γέλωτι,
1361 1209 1409 1235 καὶ
1430 1208 1553 1243 κωμικὸν
1574 1206 1654 1242 χορὸν
1670 1205 1768 1242 ᾅδοντα

980 1258 1096 1293 δάκρυα.
1111 1256 1149 1283 Τὸ
1165 1256 1215 1291 μὲν
1230 1255 1284 1290 γὰρ
1299 1254 1441 1290 ὀδύρεσθαι
1454 1253 1489 1279 τὰ
1501 1252 1705 1288 συμϐεϐηκότα,
1718 1251 1767 1279 καὶ

980 1304 1050 1338 πρὸς
1065 1302 1137 1338 πάθη
1152 1302 1200 1329 καὶ
1218 1301 1313 1332 νόσους
1328 1300 1377 1326 καὶ
1393 1300 1479 1334 τύχας
1494 1299 1689 1333 καταφεύγειν,
1713 1299 1766 1332 ψυ-

980 1349 1032 1384 χῆς
1048 1349 1122 1375 ἐστιν
1134 1346 1347 1382 ὀλοφυρομένης,
1361 1345 1409 1372 καὶ
1425 1344 1630 1379 σπουδαζούσης
1645 1343 1764 1378 ἀληθῶς

979 1395 1006 1422 ετ
1019 1404 1045 1421 τι
1060 1394 1108 1421 καὶ
1125 1393 1292 1429 προσείληφε
1311 1392 1367 1419 τῶν
1382 1391 1499 1427 κηλίδων
1514 1389 1708 1425 ἀπονίψασθαι.
1727 1389 1763 1415 Ἰδ

978 1441 1000 1468 δ’
1020 1440 1100 1467 ἄλλον
1115 1440 1163 1475 μὲν
1180 1438 1270 1473 λέγειν
1284 1437 1330 1465 τὸν
1342 1437 1540 1473 ἀμαρτηκότα,
1561 1436 1656 1471 ἕτερον
1672 1435 1701 1461 δὲ
1719 1435 1766 1462 τὴν

140 1482 186 1516 qui
209 1482 236 1508 in
256 1486 282 1509 te
304 1480 433 1508 malitiem
453 1482 585 1512 excreuit,
620 1485 648 1508 et
683 1481 812 1508 virtutem
840 1481 926 1516 ipsam

979 1486 1050 1521 ὑπὲρ
1067 1485 1173 1511 ἐκείνου
1192 1484 1316 1518 λέγοντα,
1341 1483 1386 1509 ἵνα
1412 1483 1450 1517 μὴ
1472 1482 1544 1516 λέγω
1564 1481 1643 1513 τέως.
1664 1480 1698 1509 Ἐἰ
1717 1478 1766 1506 οὖν

139 1525 314 1553 contumeliis
331 1524 422 1552 alleeit
445 1533 451 1551 :
479 1531 514 1552 ne
533 1525 636 1560 aliquid
658 1525 813 1560 hujusmodi
835 1527 926 1561 profe-

139 1579 196 1600 ram
218 1571 257 1606 (in
283 1571 395 1599 ludicris
417 1570 490 1598 serio
511 1571 646 1606 agendum
670 1579 726 1598 non
750 1572 813 1606 est),
836 1575 926 1599 tamen

138 1624 288 1652 congruum
309 1620 361 1650 est,
379 1620 409 1643 ut
426 1615 453 1643 id
468 1623 564 1644 omnes
591 1616 737 1648 aﬂirment,
763 1616 925 1651 sapientiam

138 1662 212 1692 illam
227 1663 335 1693 decere.
352 1663 420 1691 tales
434 1663 579 1690 admittere
588 1663 737 1698 apologias,
754 1671 822 1698 quas
835 1663 926 1690 suavis

138 1707 183 1734 ille
198 1707 395 1742 Aristophanes
410 1712 441 1736 ut
457 1708 617 1743 coryphaeus
633 1712 714 1735 texat.
729 1708 764 1735 At
778 1708 851 1735 enim
868 1716 924 1736 non

138 1755 181 1777 est
196 1751 249 1778 hoc
260 1751 423 1786 jucundum.
441 1757 580 1787 utcunque
595 1760 644 1787 per
661 1752 735 1787 ipsas
747 1753 847 1788 gratias
858 1754 924 1780 Phi-

136 1795 274 1823 listionem
294 1797 394 1825 referat
414 1798 502 1825 :illud
526 1802 617 1825 autem
633 1805 740 1826 summe
762 1798 924 1828 delectabile

136 1840 274 1869 ludentem
289 1847 434 1870 contexere
447 1843 608 1878 apologiam,
621 1847 749 1878 tanquam
762 1845 790 1871 in
803 1853 833 1872 re
844 1845 923 1873 valde

134 1886 205 1913 seria
223 1892 252 1914 et
267 1887 406 1922 splendide
421 1889 494 1923 justa
510 1889 593 1924 :quin
609 1889 709 1917 oﬂ'erre
722 1889 921 1924 juramentum,

134 1935 163 1958 et
177 1931 319 1965 sciscitari,
330 1941 365 1960 an
378 1933 476 1968 aliquis
490 1935 535 1966 sit,
547 1934 593 1969 qui
606 1942 668 1962 cum
680 1943 751 1963 unus
762 1937 922 1971 captaverit,

133 1977 218 2004 alium
241 1979 320 2013 culpa
335 1980 422 2006 teneri
442 1980 547 2014 justum
569 1985 655 2016 putet.
671 1981 752 2009 Certe
767 1987 845 2020 tuum
867 1983 921 2011 hoc

133 2023 322 2059 philosophice
334 2030 504 2060 usurpatum,
517 2035 572 2054 non
585 2028 664 2055 modo
675 2028 837 2062 sapientiam
850 2027 922 2057 Aris-

134 2069 317 2104 tophaneam.
341 2076 367 2098 et
392 2072 513 2100 universi
537 2073 635 2107 poetici
652 2075 769 2108 generis,
797 2079 870 2102 artes
893 2080 921 2106 et

132 2116 278 2144 methodos
295 2117 416 2147 novitate
428 2126 477 2146 sua
492 2118 620 2146 obscurat
639 2128 646 2145 ι
665 2119 737 2154 quod
753 2120 776 2147 si
796 2121 917 2148 oblatum

978 1532 1049 1566 ὑπὲρ
1064 1530 1158 1566 ἐτέρου
1179 1529 1290 1561 κόπτεις
1309 1529 1438 1561 σεαυτόν;
1462 1528 1488 1554 τί
1510 1528 1538 1554 δέ
1560 1535 1602 1554 σοι
1624 1526 1699 1562 μέλει
1717 1526 1764 1552 τοῦ

977 1577 1047 1604 κατὰ
1064 1576 1146 1612 μηδὲν
1170 1584 1211 1602 σοι
1227 1575 1427 1610 προσήκοντοςς
1442 1575 1492 1601 ‘Ea
1508 1573 1603 1600 τοῦτον
1619 1574 1648 1600 ὲν
1663 1572 1763 1603 αίτίαις

976 1621 1058 1655 εἶναι,
1071 1622 1118 1649 καὶ
1132 1623 1156 1649 εἰ
1170 1622 1198 1648 δέ
1212 1630 1253 1648 σοι
1267 1620 1475 1656 στρεϐλοῦσθαι,
1490 1621 1538 1648 καὶ
1553 1619 1762 1655 μαστιγοῦσθαι,

976 1669 1023 1696 καὶ
1033 1669 1159 1704 πάσχειν,
1168 1668 1185 1695 ἃ
1196 1668 1311 1703 πάσχειν
1324 1667 1408 1701 ἄξιος,
1421 1667 1505 1695 κακὸν
1515 1668 1579 1703 περὶ
1591 1667 1620 1708 σε
1634 1666 1763 1701 φανέντα,

975 1715 1022 1742 καὶ
1037 1714 1136 1750 μικροῦ
1151 1713 1201 1749 τὴν
1216 1713 1315 1749 ἀρετὴν
1331 1714 1520 1749 ἐνυὸρίσαντα.
1537 1713 1598 1740 Ἵνα
1613 1712 1660 1738 οὖν
1678 1711 1764 1746 μηδὲν

974 1760 1028 1786 τῶν
1043 1759 1171 1786 τοιούτων
1193 1758 1266 1792 λέγω
1283 1758 1369 1794 (ῐσως
1387 1759 1442 1793 γὰρ
1461 1758 1523 1784 οὐδὲ
1543 1757 1584 1784 δεῖ
1601 1755 1764 1787 σπουδάζειν

974 1807 1003 1833 ὲν
1018 1805 1166 1840 παικτοϊς),
1180 1805 1237 1832 ἀλλ’
1248 1806 1338 1832 ἐκεῖνο
1347 1804 1456 1836 πάντως
1471 1805 1557 1830 εἰπεῖν
1570 1802 1764 1838 πρεπωδέστα-

973 1860 1029 1885 τον,
1046 1851 1084 1883 ὡς
1094 1851 1203 1886 ἐκείνης
1219 1849 1277 1877 ἐστὶ
1288 1851 1338 1885 τῆς
1349 1849 1456 1884 σοφίας,
1468 1849 1595 1880 τοιαύτας
1610 1848 1703 1882 φέρειν
1713 1847 1764 1879 τὰς

973 1897 1138 1931 ἀπολογίας,
1167 1893 1201 1932 ἧς
1232 1896 1431 1931 Ἀριστοφάνης
1457 1896 1471 1922 ό
1501 1894 1584 1926 καλὸς
1613 1894 1763 1928 κορυφαῖος

973 1943 1154 1977 καθέστηκεν.
1172 1941 1243 1968 Ἀλλ’
1255 1941 1331 1968 οὔπω
1344 1941 1423 1967 τοῦτο
1433 1940 1539 1976 χαρίεν,
1552 1939 1599 1966 καί
1609 1948 1651 1966 τοι
1664 1939 1697 1974 νὴ
1711 1938 1763 1973 τὴν

973 1989 1064 2024 χάριν,
1081 1987 1266 2015 Φιλιστιώνιον
1281 1987 1311 2013 ὃν
1321 1995 1329 2002 ·
1349 1986 1408 2013 ἀλλ’
1424 1987 1513 2013 ἐκεῖνο
1527 1985 1716 2021 χαριέστατον,
1731 1984 1762 2011 τὸ

972 2034 1108 2066 παίξαντα
1126 2033 1176 2068 τὴν
1194 2033 1358 2067 ἀπολογίαν,
1377 2033 1414 2064 ὠς
1433 2032 1480 2058 ἐπὶ
1497 2031 1557 2058 λίαν
1575 2030 1762 2064 ἐσπουδασμέ-

971 2088 1039 2112 νοις,
1054 2080 1102 2106 καὶ
1123 2079 1154 2105 τδ
1168 2078 1272 2105 δίκαιον
1283 2077 1410 2113 λαμπρὸν
1424 2077 1665 2112 ἐπιδεδειγμένοις,
1678 2076 1762 2111 ὅρκον

971 2135 1001 2153 τε
1017 2127 1142 2160 ἐπάγειν.
1158 2125 1207 2152 καὶ
1220 2123 1459 2156 διαπυνθάνεσθαι,
1479 2124 1517 2155 ὡς
1531 2124 1575 2159 ἄρ’
1587 2124 1645 2151 ἐστι
1658 2131 1701 2154 τις
1714 2123 1762 2148 ἀν-

131 2168 188 2187 non
204 2167 276 2189 esset
291 2162 492 2197 juramentum,
509 2172 553 2191 me
567 2164 594 2191 in
611 2164 790 2193 admiratione
805 2167 917 2195 comicae

979 2172 1088 2207 lpu’mwv
1097 2192 1105 2204 ,
1119 2171 1200 2198 ἄλλου
1221 2170 1395 2202 πταίσαντος,
1410 2169 1504 2205 ἕτερον
1518 2168 1568 2203 τὴν
1582 2168 1660 2204 δίκην
1675 2166 1760 2200 ἀξιῶν

131 2206 246 2234 lusionis
259 2212 288 2234 et
299 2208 450 2236 dramatum
465 2209 561 2237 sistere
578 2210 735 2238 voluissem.
754 2212 822 2239 Cum
840 2221 917 2245 vero,

129 2253 202 2287 quod
217 2261 271 2280 non
285 2255 405 2288 oportuit
419 2255 488 2286 ﬁeri,
504 2255 576 2283 Deus
591 2256 661 2291 jocis
677 2257 855 2286 intermedius
870 2267 916 2286 ve-

131 2297 202 2329 niat,
218 2303 291 2325 certe
305 2299 350 2332 qui
366 2300 508 2327 veritatem
523 2308 578 2328 non
596 2301 654 2328 vult
671 2302 777 2335 dicere,
792 2311 871 2330 reum
890 2309 917 2332 te

129 2343 215 2378 culpae
235 2350 352 2378 peracta:
377 2353 432 2372 non
447 2351 569 2382 peraget,
592 2348 640 2374 sed
664 2355 714 2375 nec
738 2349 812 2385 omni
838 2349 917 2384 culpa

127 2390 246 2424 eximet;
275 2393 428 2426 usquedum
442 2394 586 2428 perspicue
601 2393 686 2429 magis
705 2400 825 2422 mentem
841 2400 914 2423 tuam

107 2474 110 2478 .
127 2442 178 2469 per
193 2436 274 2463 verba
294 2441 338 2464 tua
348 2437 519 2465 intellexerit.
537 2439 679 2469 Neminem
694 2440 769 2473 olim,
784 2441 912 2474 arbitror,

128 2482 224 2509 similis
233 2482 339 2517 iocandi
351 2485 448 2512 modus
457 2489 533 2513 reatu
545 2487 657 2518 exemit,
667 2487 748 2521 idque
757 2492 916 2515 constanter

127 2535 178 2562 ego
194 2527 308 2561 aﬂlrmo,
329 2530 367 2557 uti
387 2534 412 2557 et
436 2531 574 2558 neminem
589 2539 650 2559 esse
667 2533 754 2567 culpa:
767 2533 915 2560 obnoxium

126 2578 238 2608 propter
253 2575 364 2608 jocandi
382 2583 460 2603 usum
472 2596 480 2608 .
499 2576 555 2611 qui,
573 2584 634 2603 cum
654 2577 725 2604 alius
740 2585 833 2606 revera
851 2586 914 2613 pec-

126 2619 239 2652 caverit,
265 2625 403 2649 mereatur
417 2629 513 2656 ptenas
535 2622 638 2654 subire,
657 2628 703 2650 aut
727 2623 825 2651 rationi
851 2625 912 2652 red-

124 2662 222 2693 denda:
244 2665 397 2701 subiacere.
429 2666 484 2695 Nec
499 2667 570 2695 inter
586 2667 692 2702 iudices
715 2674 840 2705 reperlus
860 2675 912 2704 est,

969 2216 1147 2253 πράττεσθαι.
1170 2217 1207 2243 Οὐ
1228 2216 1283 2251 γὰρ
1303 2215 1353 2251 τὴν
1374 2214 1585 2250 Ἀριστοφάνους
1607 2214 1688 2249 μόνον
1711 2221 1758 2239 σο-

970 2264 1045 2298 φίαν,
1066 2263 1133 2293 ἀλλά
1149 2263 1197 2289 καὶ
1217 2262 1317 2293 παντὸς
1339 2261 1445 2288 ἐκείνου
1465 2261 1513 2287 τοῦ
1530 2261 1637 2294 γένους.
1658 2260 1758 2294 τέχνας

970 2310 1071 2341 πάσας,
1087 2308 1135 2336 καὶ
1147 2309 1237 2340 πάσας
1255 2307 1394 2342 μεθόδους,
1408 2309 1440 2342 τῇ
1457 2306 1666 2340 καινοπρεπείᾳ,
1678 2305 1758 2331 τοῦτο

968 2355 1000 2390 δὴ
1017 2355 1047 2382 τὸ
1060 2355 1105 2381 σὺν
1121 2354 1327 2390 ἀποκρύπτεται
1340 2354 1531 2389 φιλοσόφημα·
1548 2352 1605 2379 ἀλλ’
1620 2353 1644 2378 εἰ
1661 2351 1710 2386 μὲν
1723 2348 1759 2387 ἦν

971 2401 1008 2436 μὴ
1032 2400 1241 2436 προτεθειμένος
1254 2401 1351 2434 ὅρκος,
1371 2400 1454 2435 μέχρι
1475 2400 1521 2426 τοῦ
1538 2399 1690 2433 θαυμάζειν
1708 2398 1759 2432 τὴν

966 2447 1092 2482 κωμικὴν
1116 2446 1237 2478 παιδιὰν,
1258 2445 1376 2480 ἐμαυτὸν
1399 2445 1500 2472 ἐδίδουν
1517 2445 1551 2472 ἄν
1571 2445 1618 2472 καὶ
1633 2445 1668 2471 τὰ
1690 2443 1757 2478 δρά-

966 2501 1049 2527 ματα.
1067 2492 1145 2518 Ἐπεὶ
1160 2491 1189 2517 δὲ
1205 2492 1252 2518 καὶ
1265 2491 1342 2523 Θεὸς,
1357 2491 1387 2517 οὐ
1401 2491 1462 2517 δέον
1476 2490 1551 2526 μέσῳ
1566 2490 1677 2520 παιδιᾶς
1689 2499 1757 2525 συμ-

966 2536 1154 2572 προτέθειται,
1183 2536 1291 2571 ἀνάγκη
1323 2535 1370 2562 καὶ
1403 2536 1440 2571 μὴ
1475 2535 1637 2570 βουλόμενον
1667 2536 1757 2569 λέγειν

966 2582 1070 2617 τάληθῆ
1083 2602 1089 2614 ,
1105 2581 1196 2616 ἔνοχον
1215 2581 1263 2615 μὲν
1285 2579 1332 2608 οὖν
1346 2582 1580 2616 προηγησαμένης
1599 2582 1690 2612 αἰτίας
1705 2582 1756 2608 οὐκ

965 2626 999 2653 ἄν
1022 2634 1052 2652 σε
1076 2626 1171 2661 φαίην,
1187 2625 1242 2652 οὐδ’
1265 2625 1298 2652 ἂν
1315 2625 1395 2652 πάλιν
1418 2626 1558 2657 παντελῶς
1576 2627 1753 2657 ἀνυπαίτιον,

966 2672 1019 2703 ἓως
1031 2672 1064 2699 ἂν
1077 2672 1126 2707 τὴν
1144 2671 1193 2706 σὴν
1207 2671 1327 2698 διάνοιαν
1336 2692 1345 2704 ,
1360 2671 1406 2700 διὰ
1420 2671 1475 2699 τῶν
1494 2672 1548 2700 σῶν
1562 2673 1657 2708 φωνῶν
1668 2693 1675 2707 ,
1696 2672 1754 2699 λευ-

773 2748 888 2778 VARI/li
910 2749 1111 2778 LECTlONES.

158 2807 173 2832 Υ
195 2804 236 2831 ἵσ.
259 2806 297 2840 μὴ
318 2806 511 2839 ἰπαιτέαισθρι,
