1928 3097
105 101 148 133 857

668 101 939 133 EPISTOLARUM
958 102 1074 133 LIBER
1094 103 1135 134 II.

1665 101 1718 134 858

104 155 203 193 κὸτερον
221 157 416 193 ἀναμάοωμεν.
435 157 497 184 Ὅτι
512 157 541 184 δὲ
557 157 654 184 οὐδένα
668 158 733 184 ποτε
749 157 805 184 τῶν
821 157 878 185 πώ-

933 158 975 194 qui
994 159 1141 186 absolverit
1158 166 1221 186 eum
1244 158 1288 186 cui
1310 157 1372 186 talis
1395 165 1478 185 scena
1500 157 1629 191 obvenit,
1651 166 1718 193 pro-

103 212 158 231 ποτι
179 204 330 241 ἀνθρώπων
344 205 361 238 ὴ
386 203 507 239 τοιαύτη
519 204 616 232 παιδιὰ
637 204 716 239 δίκης
730 204 877 240 ἐρρύσατο,

103 251 142 278 καὶ
155 250 271 285 μάλιστα
284 251 318 277 ἂν
337 250 607 286 διαϐεϐαιωσαίμην·
623 251 669 278 καὶ
683 250 722 282 ὡς
737 250 787 277 οὐκ
803 250 878 277 ἐστὶν

101 296 178 328 οΰδεὶς
190 296 249 323 τῶν
265 296 477 332 ἡμαρτηκότων,
491 297 524 323 ὲκ
540 295 588 323 τοῦ
608 295 728 328 παίζειν,
747 296 785 328 ὡς
798 295 878 327 ἄλλος

103 342 144 377 μὲν
157 342 288 378 ἥμαρτεν,
304 341 382 373 ἄλλος
397 342 425 368 δὲ
442 342 492 373 τὰς
507 342 604 374 ποινὰς
624 343 675 370 οὐκ
695 342 755 369 ἔστι
771 342 879 374 δίκαιος

101 387 212 422 ὑπέχειν,
232 388 269 423 μὴ
294 386 435 420 δεδωκὼς,
450 387 484 419 ἃς
496 385 596 422 ὦφλεν,
617 388 734 420 εὐθύνας
747 396 754 403 '
771 388 802 414 οὐ
824 387 877 424 μὴν

100 433 150 461 ἀλλ’
167 433 228 461 οὐδὲ
243 433 299 461 τῶν
319 433 466 469 κρινόντων
482 435 525 468 εἴη
543 433 576 461 ἀν
590 443 632 466 τις
647 434 726 467 ὅλως,
741 434 770 466 ὃς
784 435 876 470 ἀφῆκε

100 480 139 506 τὸν
150 479 278 514 τοιαύτην
289 480 393 514 σκηνὴν
403 480 464 507 ἀντὶ
473 480 520 506 τοῦ
535 481 638 507 στένειν
650 480 692 514 ἐφ’
706 478 746 512 οἷς
756 481 876 516 ἥμαρτε.

100 525 306 560 προϐεϐληκότα.
323 527 378 552 Καί
399 535 455 561 μοι,
474 526 544 562 πρὸς
562 526 647 562 αὐτῆς
661 526 751 562 δίκης,
770 527 817 554 καὶ
838 527 877 553 ίε-

100 571 148 606 ρῶν
159 571 288 606 ἀληθείας
301 572 412 606 ὀργίων,
424 571 505 606 ῥίψας
519 571 568 608 τὴν
580 571 693 608 σκηνὴν,
707 572 755 599 καὶ
767 573 801 600 τὰ
812 572 877 599 ὅντα

98 616 176 651 λέγων
200 617 278 652 (ἐμοὶ
305 616 361 650 γὰρ
387 616 488 651 μᾶλλον
505 616 672 652 οἰκειότερον
694 617 767 652 ἢπερ
787 617 878 649 ἄλλοις

97 662 201 689 τοιαῦτα
215 663 391 697 προτείνειν),
404 662 460 698 ἄρα
474 664 576 698 φήσαις
588 663 632 695 ἂν,
651 663 746 698 ἐνοχῆς
759 663 822 689 εἶπε
835 663 876 690 δι-

96 709 169 740 καίας
183 709 265 741 αὐτὸς
275 715 300 741 e,
319 710 375 742 τὸν,
391 709 418 735 εί
430 718 482 741 τις,
498 709 568 744 ὑπὲρ
587 705 624 736 ὧν
641 709 796 744 ὲξυϐρίσοι,
811 709 878 735 ταὺ-

95 763 141 790 την
158 754 206 788 τὴν
226 754 275 790 σὴν
296 755 515 789 προϐαλλόμενον
535 755 738 789 δικαιολογίανς
755 754 812 782 ἀλλ’
827 755 878 782 οὐκ

96 801 126 827 ἂν
140 800 230 837 φαίης,
257 800 312 827 οὐδ’
328 801 361 827 ἆν
375 801 470 836 φαίης.
491 801 572 828 Ἀλλὰ
594 801 681 828 ταῦτα
697 801 747 836 μὲν
759 821 766 834 ,
786 801 830 828 ἵνα
846 810 876 828 τε

96 847 130 882 μὴ
144 845 272 881 ὂώξωμεν
295 846 462 881 ὀρκωθέντες
486 847 566 882 σιγᾷν
577 866 584 878 ,
608 847 656 874 καὶ
671 847 706 873 τὰ
721 846 806 883 ψεύδη
824 847 877 883 πρὸ

94 893 139 926 τῆς
158 892 285 927 ἀληθείας
311 893 403 926 τιμᾷν·
421 893 468 918 καὶ
486 893 528 919 ἵνα
555 892 655 928 μᾶλλον
681 893 816 928 ἐπιγνῷς,
840 894 879 925 ὡς

94 936 174 971 ήδέως
192 945 238 968 τε,
263 937 310 963 καὶ
332 937 363 964 οὐ
385 937 546 973 παρέργως,
563 939 614 973 τὴν
631 937 681 973 σὴν
707 938 879 974 ἀνελεξάμην

94 982 243 1018 ἐπιστολήν
260 982 293 1010 δι’
304 983 318 1009 ὂ
331 983 378 1010 καὶ
390 983 440 1019 τὴν
454 983 503 1018 σὴν
522 983 719 1019 γραμματικὴν
734 984 878 1018 ἀκρίϐειαν

94 1026 230 1062 παραινῶ,
256 1028 354 1062 μηκέτι
379 1027 410 1054 τὸ
437 1028 512 1063 ῥῆμα
540 1027 620 1054 τοῦτο
647 1028 740 1063 δοτικῇ
765 1029 879 1056 συντάσ-

96 1081 149 1099 σειν
158 1091 166 1103 ,
182 1072 250 1108 πλὴν
264 1074 290 1099 εἰ
314 1074 397 1107 μήπω
415 1074 670 1109 περιπεποιημένην
683 1075 699 1109 ἡ
713 1074 803 1102 ἔννοια
816 1075 880 1102 σύν-

94 1118 168 1151 ταξιν
191 1118 337 1153 ἀπαιτοίη·
354 1120 414 1145 τότε
437 1119 493 1154 γὰρ
512 1119 601 1151 ἔξεστι
619 1120 666 1146 καὶ¹
686 1121 755 1155 πρὸς
770 1120 879 1156 δοτικὴν

94 1163 253 1196 ἀποδιδόναι,
266 1163 399 1200 δηλοῦντα
411 1165 451 1200 τῷ
461 1165 543 1200 λόγῳ,
553 1166 592 1198 ὡς
606 1166 666 1201 οὐχί
681 1175 711 1193 σε
724 1168 878 1200 παραινεῖν,

94 1209 184 1244 ἕτερον
197 1209 225 1236 δὲ
240 1210 284 1237 διὰ
298 1211 348 1245 τῆς
365 1211 554 1246 παραινέσεως
564 1232 571 1243 ,
585 1213 616 1239 τό
632 1221 674 1239 σοι
694 1213 779 1239 ποιῶν
796 1221 880 1249 κεχα-

96 1255 235 1290 ρισμένον,
250 1257 392 1292 προῆγμαι
413 1257 534 1291 βελτιοῦν
545 1266 551 1273 ·
568 1258 616 1285 καὶ
637 1258 670 1294 δὴ
685 1259 733 1286 καὶ
748 1260 778 1286 τὸ
792 1260 881 1294 δίκην

94 1300 144 1335 ὑφ’
157 1301 260 1335 ἐτέρου
289 1302 507 1336 εἰσπράττεται,
520 1305 582 1331 ἀντὶ
602 1304 651 1331 τοῦ
673 1305 742 1339 παρ’
760 1305 880 1340 ἐτέρου,

94 1347 327 1382 παραφυλακτέον.
353 1349 483 1385 Βάρϐαρα
502 1350 550 1385 μὲν
562 1350 617 1386 γὰρ
630 1351 660 1377 οὐ
682 1351 754 1385 λέγω
769 1352 803 1379 τὰ
825 1361 881 1379 τοι-

93 1392 172 1420 αῦτα·
189 1394 345 1430 βαρϐαρικὰ
359 1395 401 1428 δὲ,
420 1397 468 1423 καὶ
481 1397 562 1430 αὐτὸς
577 1399 704 1434 συνήσεις
719 1400 879 1434 ἐπιστήσας·

92 1440 112 1468 a
126 1441 172 1467 καὶ
183 1442 232 1477 τὴν
249 1443 394 1478 ἐπιστολὴν
407 1445 573 1480 κεκαλλιεπη
579 1446 662 1481 μένην
675 1445 768 1480 οὖσαν,
787 1448 881 1475 ὑπενό-

929 209 1022 240 pterea
1037 205 1109 239 quod
1126 204 1216 232 doleat
1236 212 1266 231 sc
1288 211 1416 239 peccasse
1434 213 1441 231 :
1456 204 1522 238 quin
1538 208 1564 231 te
1581 211 1645 238 rego
1669 211 1719 239 per

926 251 1060 286 justitiam
1084 251 1179 286 ipsam,
1194 258 1242 286 per
1266 257 1342 277 sacra
1355 249 1479 278 veritatis
1493 250 1567 286 orgia
1579 270 1586 282 ,
1602 250 1716 278 detrahe

929 299 1001 326 hanc
1019 305 1139 330 scenam,
1158 305 1214 325 rem
1232 301 1261 324 ut
1275 301 1316 324 est
1331 297 1442 324 enuntia
1456 297 1540 331 (certe
1562 295 1648 331 magis
1663 297 1716 324 mei

929 345 1043 372 interest
1065 351 1146 378 quam
1166 343 1280 370 aliorum
1305 342 1376 370 hanc
1391 342 1575 370 conditionem
1594 342 1715 377 olIerrc),

929 391 1012 426 igitur
1022 390 1096 418 dices
1108 391 1180 425 juste
1191 393 1268 416 reatu
1281 389 1368 416 teneri
1383 388 1458 415 illum
1480 389 1537 423 qui,
1549 396 1600 424 pro
1614 388 1718 416 calum-

929 437 981 464 niis
997 444 1012 464 a
1036 445 1065 464 se
1087 435 1206 468 inﬂictis,
1224 440 1300 463 tuam
1318 435 1389 462 hane
1413 435 1441 462 in
1463 435 1582 462 medium
1598 435 1718 470 proferet

928 483 1148 515 accusationem;
1162 482 1210 509 sed
1222 490 1257 509 ne
1273 482 1373 509 dixeris
1387 481 1424 508 ita
1435 501 1442 512 .
1458 481 1523 508 licet
1542 482 1578 508 ita
1602 481 1713 508 dixeris.

929 530 994 556 Haec
1013 533 1102 556 autem
1119 528 1263 560 hactenus,
1279 535 1314 555 ne
1328 528 1420 555 videar
1432 527 1574 562 adjuratus
1593 527 1713 557 siluisse.

928 580 956 603 et
969 574 1139 602 mendacium
1154 574 1306 609 praetulisse
1320 573 1438 605 veritati,
1447 577 1476 600 et
1486 578 1515 600 ut
1529 573 1620 600 adhuc
1631 573 1716 607 magis

928 629 1059 657 agnoscas
1073 628 1155 656 quam
1174 621 1296 656 jucunde
1310 628 1361 647 nec
1375 619 1560 655 perfunctorie
1574 618 1716 653 epistolam

929 672 1003 694 tuam
1018 666 1140 702 legerim,
1157 666 1184 693 in
1199 674 1251 701 qua
1265 666 1496 701 grammaticalem
1509 669 1583 692 tuam
1605 671 1716 691 accura-

930 712 1030 739 tionem
1039 712 1129 744 laudo,
1140 712 1296 746 neutiquam
1307 712 1359 739 hoc
1368 712 1482 739 verbum
1496 711 1586 738 dativo
1601 710 1717 744 conjun-

929 759 1058 794 gendum,
1079 759 1131 786 nisi
1146 758 1191 785 ubi
1206 765 1304 785 sensus
1317 757 1441 793 syntaxin
1462 757 1583 791 requirat
1598 756 1717 787 circum—
1768 773 1771 777 -

928 803 1084 830 locutionis.
1105 802 1211 830 Licebit
1229 802 1267 830 ita
1299 809 1362 829 eum
1386 801 1488 836 dativoI
1505 802 1634 836 jungere,
1657 807 1718 827 ser-

928 857 1008 877 mone
1021 849 1134 880 docens,
1149 849 1222 883 quod
1240 856 1294 875 non
1311 852 1339 874 ut
1354 852 1380 875 te
1391 847 1509 879 laudem,
1526 847 1572 874 scd
1587 850 1618 873 ul.
1633 846 1717 873 alium

929 900 974 923 tua
991 903 1073 923 causa
1088 894 1229 922 meliorem
1248 893 1358 920 reddam
1376 912 1384 925 ,
1402 891 1434 919 Et
1454 896 1528 919 certe
1549 891 1614 918 illud
1639 890 1717 925 δίκην

929 942 974 977 ὑφ’
986 941 1080 976 ἑτέρου
1092 940 1284 975 εἰσπράττεται
1300 946 1349 973 pro
1362 938 1427 973 παρ’
1444 937 1550 973 ἑτέρου,
1565 936 1717 964 cavendum

928 993 971 1017 est
986 989 1086 1021 dicere;
1100 987 1214 1015 barbara
1224 994 1279 1014 non
1296 985 1392 1012 dixero
1407 983 1562 1018 huiusmodi
1577 987 1605 1009 at
1618 983 1717 1010 barba-

928 1035 996 1067 rica,
1017 1041 1078 1069 qua:
1102 1033 1254 1068 epistolam,
1269 1032 1343 1066 quod
1365 1030 1515 1065 intelligere
1538 1034 1627 1064 potes,
1650 1028 1717 1055 alias

929 1080 1053 1108 scitulam
1066 1079 1261 1106 adulterarum.
1276 1077 1328 1104 Sed
1339 1075 1548 1104 haechaetenus.
1573 1074 1628 1109 Ego
1644 1079 1718 1101 certe

928 1134 1020 1153 meum
1040 1125 1197 1152 Zachariam
1212 1132 1268 1151 non
1287 1130 1360 1150 nunc
1378 1122 1494 1158 primum
1509 1120 1621 1155 incipio,
1647 1121 1718 1147 Deus

930 1172 1052 1205 meliora,
1063 1171 1107 1199 vel
1124 1178 1247 1206 parcere,
1257 1170 1297 1197 vel
1309 1177 1364 1196 non
1376 1168 1491 1196 ulterius
1502 1167 1600 1202 punire
1611 1166 1716 1197 desino,

929 1227 981 1247 nec
995 1218 1067 1254 quod
1083 1218 1193 1245 morbos
1203 1222 1232 1244 et
1246 1217 1388 1252 passiones
1406 1215 1551 1247 declinem,
1570 1214 1718 1242 fortunam.

930 1269 959 1294 et
970 1264 1148 1296 calamitates,
1169 1263 1282 1290 insidias
1297 1267 1325 1289 et
1347 1261 1481 1296 nequitias
1503 1259 1652 1287 Phalaridis
1667 1258 1720 1286 illis

930 1320 986 1340 non
1002 1312 1093 1339 minus
1110 1310 1318 1342 tolerabiliores,
1340 1308 1388 1336 Sed
1403 1307 1534 1335 animitus
1556 1306 1719 1333 insidentem

930 1363 958 1387 et
971 1358 1113 1393 antiquum
1126 1356 1253 1384 allectum
1264 1362 1439 1386 conservans,
1451 1353 1632 1387 amicitiaeque
1655 1359 1720 1386 ergo

931 1412 999 1432 meae
1015 1405 1129 1431 sincera:
1153 1407 1183 1430 et
1201 1409 1277 1438 pum
1291 1409 1347 1429 nou
1361 1401 1507 1432 oblitus,'et
1521 1404 1634 1434 paterno
1645 1400 1721 1425 more

931 1450 1092 1484 amplector,
1112 1452 1139 1475 et
1153 1455 1232 1475 sacro
1247 1451 1381 1474 veneratu
1407 1446 1497 1474 foveo.
1515 1446 1576 1473 Non
1598 1445 1721 1480 quod‘tu

94 1488 181 1515 θευεν.
204 1489 274 1515 ‘AM.’
290 1490 337 1516 ἐπὶ
359 1491 486 1517 τοσοῦτον
502 1493 551 1527 μὲν
567 1502 663 1521 ταυτα.
686 1494 757 1528 Ἐγὼ
777 1495 807 1521 δὲ
826 1496 880 1522 Ζα-

933 1495 1039 1525 scribis,
1053 1494 1138 1522 errori
1153 1493 1269 1528 pristino
1281 1491 1425 1524 insultans,
1435 1500 1531 1519 verum
1545 1499 1608 1520 cum
1621 1491 1723 1518 immo-

93 1535 191 1570 χαρίαν
212 1535 258 1562 τὶν
275 1536 340 1571 ἐμὸν
360 1537 409 1563 οὐκ
426 1537 576 1573 ἀρχόμενος
593 1539 651 1572 νῦν,
671 1540 773 1574 ἄπαγε,
791 1542 880 1576 φείδε-

93 1579 168 1613 σοαι,
188 1580 248 1607 οὐδὲ
262 1581 309 1608 τοῦ
324 1582 450 1614 κολάζειν
470 1585 661 1621 πεπαυμένος,
675 1586 736 1612 οὐδὲ
753 1586 881 1622 δυσωπη-

92 1625 150 1657 οεὶς
172 1626 265 1657 νόσους
282 1628 330 1654 καὶ
352 1628 425 1664 πάοη
445 1629 492 1656 καὶ
506 1630 592 1665 τύχας
617 1631 664 1658 καὶ
687 1632 880 1667 περιστάσεις,

91 1672 146 1698 οὐδ’
162 1673 307 1706 ἐπιϐουλάς
322 1683 352 1701 τε
370 1675 416 1702 καὶ
430 1675 568 1709 κακώσεις
586 1678 684 1713 μικροῦ
699 1679 749 1710 τὰς
762 1679 881 1715 Φαλάρι-

90 1717 136 1749 δος
157 1719 336 1755 ἀνεκτοτὲρας
352 1721 505 1754 δεικνύσας,
522 1723 589 1749 ἀλλὰ
608 1724 659 1758 τὴν
678 1724 798 1759 ἔμφυτον
819 1725 881 1760 ἐμοὶ

90 1765 139 1791 καὶ
156 1765 273 1800 ἀρχαίαν
287 1766 427 1798 διασώζων
439 1768 553 1803 γνώμην
564 1789 571 1800 ,
586 1770 634 1796 καὶ
647 1769 678 1796 τὸ
698 1770 818 1805 καθαρὸν
834 1770 881 1798 καὶ

90 1811 231 1846 ἀκήρατον
248 1812 313 1847 περὶ
328 1814 393 1844 τοὺς
415 1814 499 1849 ἐμοὺς
522 1815 573 1841 οὐκ
589 1815 801 1851 ἐπιλελησμένος
818 1816 880 1851 φίλ-

90 1865 170 1892 τρον,
187 1857 234 1884 καὶ
247 1858 468 1893 περιπτύσσομαι
481 1860 634 1894 πατρικῶς,
649 1863 694 1888 καὶ
710 1861 881 1896 ὲναγκαλίζο·

935 1545 993 1568 tum
1005 1542 1211 1574 permanentem
1227 1537 1338 1572 diligam
1358 1541 1385 1564 et
1407 1536 1434 1563 in
1451 1536 1602 1564 visceribus
1619 1535 1720 1562 Christi

935 1586 1062 1620 recipiam
1081 1592 1142 1613 cum
1158 1584 1256 1620 gaudio
1275 1583 1461 1614 accedentem,
1482 1584 1517 1610 ita
1539 1583 1629 1610 omnia
1649 1582 1723 1617 peri-

934 1632 994 1660 cula
1009 1633 1043 1659 de
1057 1631 1165 1659 sublimi
1181 1631 1312 1666 despicio,
1331 1639 1383 1658 nec
1403 1630 1565 1666 tragicarum
1587 1628 1724 1656 narratio-

934 1685 999 1705 num
1017 1685 1086 1704 onus
1106 1680 1247 1707 onustum,
1266 1683 1361 1702 verum
1380 1678 1498 1702 mentem
1520 1673 1674 1708 propriam,
1695 1675 1722 1698 et

935 1724 1054 1750 animam
1071 1723 1244 1750 tenebrarum
1266 1721 1388 1749 materiae
1413 1720 1580 1751 immersam,
1605 1717 1725 1744 defaeca-

935 1773 1001 1801 tam,
1024 1769 1051 1796 in
1079 1776 1134 1804 quo
1161 1768 1295 1796 stabilitas
1319 1766 1384 1793 vitae
1408 1764 1556 1792 immobilis
1582 1763 1724 1795 censistat,

935 1814 1078 1850 splendido
1099 1821 1162 1841 cum
1184 1817 1314 1849 apparatu
1336 1813 1400 1840 hinc
1416 1809 1654 1838 transmittendum
1676 1815 1726 1843 op-

936 1866 1002 1892 tem,
1021 1860 1055 1887 ad
1072 1859 1210 1893 caelestem
1227 1866 1355 1887 coronam
1371 1857 1567 1892 recipiendam.

92 1911 145 1940 μαι
171 1904 353 1939 ἱεροπρεπῶς·
371 1904 434 1931 οὒτε
455 1905 494 1940 τῷ
520 1905 605 1933 πάλαι
627 1907 766 1941 σφαλέντι,
782 1907 819 1939 ὡς
846 1908 878 1934 σὺ
898 1907 1032 1943 γράφεις,
1047 1904 1235 1940 ὲπεμὸαίνων,
1254 1904 1302 1930 καὶ
1321 1903 1367 1929 τὸν
1400 1903 1527 1929 ἄσειστον
1559 1900 1727 1935 διαμεμενη-

91 1951 164 1979 κότα
189 1951 310 1986 στέργων
334 1951 382 1978 καὶ
407 1952 651 1987 κατασπαζόμενος
670 1953 698 1980 ἐν
716 1953 882 1988 σπλάγχνοις
900 1951 1020 1988 Χριστοῦ
1049 1952 1097 1978 καὶ
1108 1951 1221 1987 δέχομαι
1237 1950 1389 1985 προσίοντα
1415 1947 1531 1983 χαίρων,
1558 1947 1606 1973 καὶ
1621 1946 1726 1977 πάντας

91 1996 234 2028 κινδύνους
253 1997 405 2032 ὑπερορῶν,
421 1998 451 2024 οὐ
469 1999 606 2033 τραγικῶν
622 2000 687 2034 ἡμῖν
702 1999 880 2035 διηγημάτων
894 1999 997 2032 ἄγοντα
1013 1998 1123 2033 φόρτον,
1138 1997 1206 2023 ἀλλὰ
1225 1996 1270 2023 τὸν
1301 1995 1403 2022 οἰκεῖον
1423 1993 1503 2026 νοῦν,
1520 1992 1568 2020 καὶ
1598 1992 1648 2027 τὴν
1663 1992 1727 2018 ἑαυ-

89 2043 142 2069 τοῦ
153 2042 253 2078 ψυχὴν.
269 2043 421 2078 προστύλου
441 2044 530 2079 πάσης
545 2044 643 2080 ἀχλύος
657 2046 774 2081 φέροντα
795 2045 934 2081 καθαράνο
950 2046 980 2071 ἐν
1000 2041 1062 2080 ﬁxe
1085 2042 1194 2078 βέὸαιόν
1226 2051 1258 2068 τε
1296 2041 1345 2068 καὶ
1364 2039 1565 2075 ἀμετακίνητον
1586 2038 1631 2065 διὰ
1669 2037 1728 2073 βίον

91 2089 193 2125 ἔχοντά
216 2097 245 2115 τε
262 2090 308 2116 καὶ
328 2090 522 2126 ἱδρυσάμενον,
547 2094 602 2125 τοῖς
618 2093 722 2120 ἐκεῖθεν
738 2094 881 2128 στεφάνοις
897 2091 1035 2128 λαμπρὸν,
1049 2091 1184 2127 λαμπρῶς
1201 2090 1318 2126 εὔχομαι
1335 2087 1585 2123 παραπεμφοῆναι.

398 2146 511 2173 ΕΠΙΣΤ.
528 2147 573 2174 Μ’.

225 2190 333 2222 Παύλῳ
346 2192 552 2225 μητροπολίτῃ
576 2192 759 2227 Λαοδικείας.

1237 2144 1349 2172 El’lST.
1372 2144 1430 2170 XL.

1115 2192 1201 2220 Paulo
1216 2191 1388 2226 metropolitw
1402 2190 1552 2217 Laodiceae.

714 2248 846 2274 Montaeut.
860 2249 912 2281 (ep.
929 2249 984 2278 222,
999 2256 1024 2280 p.
1037 2249 1103 2279 552).

132 2297 167 2322 Οἱ
186 2295 316 2330 δρὰπεται
328 2316 336 2329 ,
351 2295 414 2326 τούς
428 2304 493 2322 ποτε
513 2296 563 2331 τὴν
579 2297 678 2332 πρᾶξιν
693 2298 885 2332 αἰτιωμένους,

93 2342 240 2373 πείθοντες
255 2341 482 2376 συνδραπετεύειν
495 2363 502 2375 ,
517 2342 547 2368 οὗ
564 2342 643 2377 μόνον
659 2343 774 2376 οὐδενὸς,
790 2340 827 2370 ὧν
846 2345 886 2371 αἱ-

93 2389 223 2419 τιῶνται,
240 2388 376 2422 ἀφίενται,
394 2388 462 2415 ἀλλὰ
476 2389 523 2415 καὶ
539 2389 636 2424 διπλῆς
649 2390 738 2421 αἰτίας
755 2390 824 2424 σφᾶς
837 2391 887 2417 αὺ-

93 2434 175 2465 τοὺς,
193 2433 292 2468 μᾶλλον
304 2434 332 2460 δὲ
352 2434 508 2469 πολλαπλῆς
521 2435 631 2469 ἐνόχους
652 2435 833 2463 δεικνύουσιν.
848 2437 886 2463 Οὐ

93 2479 154 2513 γὰρ
183 2479 199 2513 ἡ
228 2479 356 2506 κοινωνία
382 2478 429 2506 τοῦ
461 2479 626 2515 ἀδικήματος
652 2480 702 2516 τὴν
729 2481 887 2516 ἐλευθερίαν

93 2524 327 2559 πραγματεύεται
341 2524 379 2559 τῷ
396 2524 568 2560 κατάρχοντι,
585 2525 642 2552 ἀλλ’
662 2527 677 2561 ἡ
693 2526 747 2553 τῶν
765 2527 888 2562 παραζη-

92 2570 221 2597 λοὺντων
247 2571 379 2606 μίμησις,
403 2570 516 2606 αὔξησίς
540 2573 614 2598 ἐστιν
636 2572 814 2608 ἀδυσώπητος
841 2572 889 2600 τοῦ

93 2614 221 2650 ἐξαρχῆς
240 2614 427 2649 ἀδικήματος,
444 2615 601 2648 λιποταξίου
619 2616 697 2652 δίκην
719 2617 826 2651 δφλων,
844 2618 890 2645 καὶ

93 2661 202 2696 φυγὰς,
219 2661 265 2687 καὶ
284 2661 421 2696 ἀρχηγὸς,
438 2663 485 2687 καὶ
500 2662 602 2689 πείθων
617 2661 714 2694 ἄλλους
731 2663 888 2698 μιμεῖσθαι,

93 2708 147 2734 καί
161 2708 193 2734 τὸ
214 2706 374 2743 βαρύτερον,
391 2707 439 2734 καὶ
450 2707 513 2740 τοὺς
524 2708 596 2741 ὅσοις
608 2706 642 2744 ἦν
664 2709 680 2743 ἡ
693 2708 806 2744 τοιαύτη
820 2709 888 2745 πρᾶ-

976 2298 1106 2335 Fugitivi,
1123 2297 1258 2325 actionem
1273 2295 1346 2323 illam
1364 2293 1512 2328 aliquando
1530 2293 1725 2327 vituperantes,

942 2353 996 2373 una
1011 2352 1104 2372 secum
1124 2351 1184 2371 esse
1201 2342 1328 2377 fugitivos
1340 2340 1483 2368 induxere.
1507 2339 1546 2366 illi
1568 2347 1624 2366 non
1649 2339 1730 2366 modo

940 2391 1018 2419 liberi
1034 2394 1098 2418 sunt
1112 2389 1147 2416 ab
1166 2388 1210 2415 illa
1224 2387 1302 2422 culpa
1312 2406 1319 2418 ,
1334 2385 1382 2413 sed
1397 2385 1498 2420 duplici
1524 2392 1554 2412 se
1571 2388 1619 2411 aut
1634 2385 1730 2411 multi-

941 2438 1003 2473 plici
1024 2441 1102 2464 reatu
1120 2435 1268 2470 praedicant
1284 2433 1370 2461 teneri
1387 2441 1394 2459 :
1411 2432 1472 2459 Non
1487 2431 1560 2459 enim
1576 2431 1731 2460 communi.

940 2484 1013 2512 catio
1033 2483 1139 2517 injuria:
1156 2481 1308 2508 libertatem
1328 2483 1456 2514 procurat
1474 2486 1533 2506 eam
1554 2478 1730 2513 auspicandi,

943 2529 990 2556 sed
1006 2527 1120 2555 imitatio
1139 2526 1209 2553 male
1221 2520 1359 2560 agentium
1370 2524 1398 2551 in
1413 2523 1576 2551 immensum
1589 2528 1731 2558 acceptum

943 2574 1061 2604 crimen;
1079 2580 1142 2600 nam
1161 2571 1285 2599 desertor
1299 2569 1412 2604 ordinis,
1426 2569 1569 2605 fugitivus,
1592 2569 1731 2604 princeps.

942 2626 971 2649 et
985 2621 1118 2649 inducens
1130 2618 1199 2646 alios
1218 2622 1271 2649 est,
1286 2621 1315 2644 et
1333 2616 1405 2652 quod
1420 2616 1530 2651 gravius
1553 2619 1606 2647 est,
1621 2623 1667 2642 eos
1686 2614 1732 2649 qui

943 2666 986 2693 illa
1002 2670 1121 2701 patrare,
1135 2664 1294 2699 priusquam
1313 2663 1526 2698 captivarentur,
1542 2662 1731 2696 dejerassent:

943 2711 1045 2739 videsis
1059 2715 1160 2743 autem,
1173 2710 1281 2742 \‘idcsis,
1297 2709 1417 2745 inquam.
1430 2709 1494 2737 uuin
1505 2707 1627 2737 videritis
1641 2707 1732 2743 potius

735 2769 852 2798 VAle
874 2767 1076 2799 LECTIONES.

140 2827 153 2841 ἰ
178 2820 221 2848 ἵσ.
237 2819 306 2848 εἶναι
320 2821 410 2848 αὐτόν.
