1928 3097
197 152 199 154 .
240 117 295 150 859

808 120 941 151 PHOTII
958 120 1212 152 PATRIARCHAI
1238 121 1293 152 CP.

1798 118 1844 150 860

231 181 329 202 omnes
343 172 482 209 (comitem
507 173 591 206 enim,
607 173 724 206 consilii,
740 173 810 210 fuga:
823 179 876 202 tuae
888 174 1016 202 comitem

1080 175 1120 209 ἱις,
1140 176 1206 211 πρὶν
1218 173 1513 209 ὑπανδραποδισθῆναι,
1531 173 1603 208 μέγα
1616 174 1718 210 ὅρκιον.
1734 173 1801 209 Ὅρα
1817 173 1845 210 δὴ

231 218 335 246 socium
355 218 473 254 adiungo
486 218 659 254 discipulum)
677 219 742 254 quid
756 219 794 247 sis
806 220 938 251 dicturus,
955 228 1019 248 cum

231 265 302 292 ratio
314 264 353 292 tui
374 264 437 292 facti
452 272 468 291 a
483 268 510 292 te
520 265 653 300 exigetur.
666 265 720 293 Sed
730 266 789 293 vale
802 275 809 293 :
822 274 874 293 nec
887 266 1018 300 deinceps

230 310 335 346 fugitivi
355 310 476 337 animum
495 314 669 346 mentemque
688 311 759 344 fove,
788 319 839 339 nec
859 312 928 339 alios
962 320 1016 339 una

231 356 326 391 fugere
339 356 439 383 allicito
453 364 460 382 :
476 359 504 383 et
520 357 639 384 terribile
653 356 784 391 judicium
801 357 879 389 illud,
893 365 926 384 ac
940 357 1019 385 inde-

231 402 367 435 clinabile,
386 402 455 430 ultra
474 403 713 430 comminationem
733 411 788 431 non
806 404 947 439 procedet.

1068 221 1172 253 λοιπὸν,
1194 222 1256 257 ὅρα,
1283 220 1383 255 μᾶλλον
1404 220 1432 247 δὲ
1454 220 1584 255 συνορᾶτε
1606 220 1720 256 (δίδωμι
1741 222 1792 255 γάρ
1811 229 1850 247 σοι

1069 264 1197 292 κοινωνὸν
1210 264 1259 298 τῆς
1276 263 1372 299 βουλῆς
1389 263 1436 290 τὸν
1456 264 1568 298 γνήσιον
1587 264 1638 300 τῆς
1660 265 1749 300 φυγῆς
1771 265 1848 300 μαθη-

1069 310 1130 346 τὴν)
1145 310 1206 336 τίνα
1222 309 1329 345 μέλλεις
1340 309 1420 343 λόγον
1433 309 1514 344 ἔχειν,
1527 309 1571 336 ὅτε
1583 318 1612 336 σε
1624 309 1680 337 τῶν
1692 309 1850 345 τηλικούτων

1069 356 1120 387 τὰς
1133 355 1249 387 εὐθύνας
1268 355 1413 390 βουληθείη
1431 355 1480 390 μὲν
1498 356 1667 391 πράττεσθαι
1679 355 1706 383 b.
1727 355 1793 382 Ἀλλ’
1810 356 1852 392 lp-

1072 404 1155 438 ρωσο·
1170 403 1218 430 καὶ
1241 403 1340 438 μηκέτι
1362 403 1431 438 μήτε
1449 402 1480 429 σὺ
1500 402 1638 438 δραπέτην
1655 402 1701 438 ἔχε
1716 402 1854 437 λογισμὸν,

233 448 303 484 μήτε
326 448 503 484 δραπετεύειν
530 448 627 481 ἄλλους
654 449 808 484 ὑπόθελγε·
839 450 887 477 καὶ¹
910 449 944 477 τὰ
970 449 1021 484 τῆς
1038 449 1160 483 ἀφύκτου
1176 449 1223 476 καὶ
1234 448 1354 484 φοϐερᾶς
1368 449 1447 484 δίκης
1464 450 1503 480 εἰς
1517 449 1600 484 μόνας
1628 449 1746 481 ἀπειλὰς
1774 449 1856 476 διαλέ-

231 491 321 522 λυται.

498 552 605 580 EPIST.
625 553 695 580 XLI.

357 598 495 626 Zachariae
507 599 680 634 melropolitaz
697 598 878 628 Chalcedonis.

1370 551 1483 578 ΕΠΙΣΤ.
1503 551 1570 578 MA'.

1186 597 1319 631 Ζαχαρία
1332 595 1543 631 Ιμητροπολίτῃ
1558 595 1761 629 Χαλκηδόνος.

849 656 982 681 Montacut.
1001 656 1052 687 (ep.
1070 654 1127 684 223,
1141 659 1167 684 p.
1180 653 1246 684 555).

269 704 376 737 Inveni,
390 705 499 740 opinor,
517 706 658 741 sanguinis
685 706 860 740 oblationem,
881 708 946 736 licet
978 716 1028 743 per

233 754 367 782 mstatem,
394 750 433 777 tui
446 751 569 785 corporis
594 751 745 779 habiludini
770 760 926 788 congruam.
948 752 1025 786 Quod

1122 703 1219 741 Εὗρον,
1241 703 1329 740 οἶμαι¹
1353 704 1402 740 τὴν
1428 704 1475 731 τοῦ
1494 704 1610 739 αἵματος
1634 704 1788 740 ἀφαίρεσιν,
1814 706 1861 732 καὶ

1081 753 1174 788 θερίας
1190 751 1282 787 οὔσης,
1295 752 1328 786 τῇ
1348 751 1395 777 τοῦ
1411 749 1534 785 σώματός
1558 759 1604 776 σου
1623 750 1742 777 διαθέσει
1761 753 1860 787 συμφέ-

233 795 359 830 quamvis
382 796 416 823 sit
428 801 523 824 contra
538 798 695 831 opinionem
713 799 881 826 medicorum
893 799 939 834 qui
952 807 1023 827 nunc

1082 807 1189 833 ρουσαν.
1204 798 1236 825 Εἰ
1251 797 1279 824 δὲ
1293 796 1368 832 παρὰ
1380 796 1458 828 δόξαν
1476 797 1534 823 ἐστὶ
1545 796 1599 823 τῶν
1617 795 1665 823 νῦν
1681 797 1855 829 ἐπιπολαζόν-

233 840 337 875 ubique
352 841 503 874 abundant,
525 850 579 870 non
593 848 634 869 est
655 844 820 878 paradoxum
839 851 940 873 tamen.
958 845 1026 872 Nam

232 893 268 913 ne
277 886 343 914 alios
369 887 490 921 ipsorum
512 896 619 916 errores
637 897 794 924 persequar,
815 890 913 924 quibus
930 890 1028 926 hippa-

232 931 272 959 ris
287 933 401 960 habetur
424 933 584 968 polygonum
600 943 607 967 ;
622 936 715 963 seselis
731 956 738 968 ,
756 936 913 964 lierculeum
944 945 1028 972 pana-

232 984 279 1004 ces
290 998 298 1010 ,
313 977 358 1012 qui
375 978 532 1006 batrachion
544 988 656 1014 parvum
669 982 853 1009 cbelidonium
868 987 983 1018 putant;
999 988 1028 1011 et
1051 1003 1054 1006 .

232 1030 283 1058 pro
293 1024 383 1058 peplio
398 1024 563 1060 tithymallos
573 1027 705 1061 habetur;
720 1029 819 1063 quibus
843 1031 1027 1066 potamogiton

232 1069 455 1104 estleimonium;
478 1075 505 1099 et
523 1072 600 1107 niger
617 1073 782 1102 chamwleon
803 1080 929 1111 tanquam
938 1076 1026 1110 albus;

232 1115 278 1149 qui
292 1123 340 1150 pro
358 1124 491 1145 anemone
505 1119 649 1152 proferunt
662 1127 834 1155 argemonem
852 1130 859 1154 ;
877 1122 948 1158 apud
958 1131 1027 1158 quos

232 1160 348 1189 inﬁnita:
359 1162 503 1190 herbarum
523 1166 627 1198 species
636 1170 663 1193 et
679 1170 784 1194 naturae
800 1168 951 1204 peregrinis
962 1170 1027 1197 sub—

233 1207 358 1234 serviunt
369 1209 547 1243 temporibus,
564 1210 668 1243 usibus,
680 1213 837 1240 nominibus
856 1223 863 1241 :
880 1222 942 1242 nam
965 1223 1026 1250 qua:

231 1252 287 1287 jam
316 1253 380 1284 dixi.
397 1261 452 1288 prae
465 1255 590 1284 manibus
618 1262 691 1289 sunt,
715 1265 774 1292 quae
797 1259 855 1286 sine
876 1261 1026 1294 quaestione

234 1302 307 1324 certa
320 1298 455 1326 debebant
469 1307 530 1327 esse
549 1301 591 1328 vel
615 1301 660 1333 iis.
675 1303 748 1337 quia
768 1309 846 1338 portu
862 1305 1025 1333 medicinam

233 1342 480 1376 salutarunt.Qnid
507 1345 618 1378 mirum,
628 1346 650 1373 si
677 1347 862 1381 phlebotomia
880 1349 929 1377 tibi
958 1358 1025 1377 con-

233 1389 337 1417 ducens
353 1390 388 1417 al)
402 1390 454 1418 illis
471 1391 617 1426 deputetur
638 1393 725 1420 aliena
739 1394 752 1420 ?
771 1395 811 1421 Tu
840 1395 863 1422 si
880 1396 1024 1424 consilium

236 1443 327 1463 meum
339 1436 492 1470 admiseris,
514 1446 576 1465 cum
588 1439 661 1467 bono
684 1440 749 1474 Deo,
775 1441 882 1469 illorum
909 1443 1022 1478 pudore,

234 1481 401 1516 experientia
417 1482 591 1518 profuturum
621 1485 757 1514 invenies.

514 1625 624 1653 EPIST.
641 1625 723 1653 XLII.

371 1669 492 1698 Miclmcli
520 1672 657 1707 Mitylene;
681 1674 864 1707 mctropolilw.

1081 852 1134 870 των
1151 842 1261 878 ἰατρῶν,
1279 841 1429 877 παράδοξον
1452 841 1540 869 οὐδέν.
1563 839 1609 873 Οἷς
1624 841 1678 876 γὰρ
1699 841 1743 868 ἵνα
1767 842 1802 878 μὴ
1816 843 1862 869 νυν

1081 889 1130 921 τὰς
1151 889 1233 920 ἄλλας
1250 888 1340 914 αὐτῶν
1365 888 1430 922 περὶ
1452 887 1501 923 τὴν
1524 888 1624 922 τέχνην
1650 888 1815 923 ἁμαρτάδας,
1838 889 1863 916 οῖ

1082 943 1127 969 μοι
1141 934 1223 969 λέγω,
1241 933 1298 960 ἀλλ’
1320 933 1449 968 ίππουρὶς
1467 932 1517 968 μὲν
1536 932 1676 968 νομίζεται
1700 933 1731 960 τὸ
1754 934 1862 968 πολύγο-

1080 989 1125 1008 νον
1139 988 1146 996 ο
1170 979 1274 1011 σέσελις
1291 978 1319 1005 δὲ
1337 979 1367 1005 τὸ
1388 978 1535 1014 ήράκλειον
1551 979 1687 1010 πάνακες·
1714 980 1760 1006 καὶ
1777 977 1819 1006 οἷα
1831 980 1862 1014 δὴ

1081 1026 1228 1062 βατράχων
1245 1025 1275 1052 τὸ
1287 1025 1399 1061 μικρὸν,
1417 1025 1541 1060 κρίνεται
1562 1024 1724 1060 χελιδόνιον·
1747 1026 1791 1052 καὶ
1805 1027 1863 1052 ἀντὶ

1082 1072 1132 1107 μὲν
1148 1071 1273 1104 πεπλίου,
1296 1070 1460 1105 τιθύμαλλος
1470 1079 1478 1087 ⁸
1496 1070 1534 1102 ὡς
1561 1071 1766 1106 ποταμογείτων
1780 1071 1819 1103 δὲ,
1833 1072 1864 1097 τὸ

1079 1117 1238 1152 λειμώνιον·
1255 1116 1303 1143 καὶ
1316 1117 1329 1142 ὀ
1349 1116 1399 1151 μὲν
1426 1115 1511 1150 μέλας
1526 1116 1693 1151 χαμαιλέων,
1712 1116 1750 1148 ὡς
1770 1116 1864 1148 λευκὸς

1080 1161 1344 1198 παραλαμϐάνεται·
1364 1160 1425 1188 ἀντὶ
1440 1161 1468 1187 δὲ
1495 1161 1544 1196 τῆς
1564 1161 1716 1196 ἀνεμώνης,
1737 1162 1754 1196 ἡ
1778 1161 1862 1196 ἀργε-

1081 1207 1175 1243 μώνη⁸
1199 1207 1246 1234 καὶ
1263 1206 1368 1244 μυρίων
1410 1206 1498 1233 ἄλλων
1519 1206 1612 1240 φύσεις
1635 1206 1754 1241 βοτανῶν
1780 1206 1864 1239 ξένοις

1079 1252 1246 1288 ὑπηρετοῦσι
1271 1253 1318 1278 καὶ
1337 1253 1453 1287 καιροῖς,
1472 1252 1520 1278 καὶ
1541 1252 1659 1287 χρείαις,
1676 1252 1724 1279 καὶ
1738 1253 1862 1287 ὀνόμασι.

1079 1298 1183 1334 (Ταῦτα
1196 1297 1228 1333 δὴ
1241 1297 1326 1324 ταῦτα
1343 1297 1376 1324 τὰ
1402 1298 1546 1333 πρόχειρα,
1568 1298 1615 1323 καὶ
1636 1297 1654 1324 ἂ
1673 1298 1740 1332 μηδὲ
1763 1299 1818 1329 τοῖς
1834 1299 1864 1324 ὲν

1083 1344 1231 1380 προθύροις
1248 1343 1373 1379 ίατρικῆς
1393 1343 1530 1379 προσῆκον
1547 1341 1581 1378 ἦν
1604 1345 1632 1369 ὲν
1662 1344 1866 1379 ἀμφισϐητήσει

1078 1390 1279 1425 καθίστασθαι.)
1304 1389 1348 1416 -Τί
1380 1389 1536 1423 θαυμαστὸν
1572 1389 1622 1416 κᾶν
1647 1391 1664 1424 ἡ
1691 1389 1866 1424 φλεϐοτομία,

1076 1435 1209 1471 χρειώδης
1232 1436 1300 1462 οὖσά
1329 1444 1381 1468 σοι,
1414 1435 1519 1468 τούτοις
1544 1436 1686 1471 νομισθείη
1713 1436 1866 1469 ξενίζουσα,

1077 1481 1159 1512 αὐτὸς
1170 1481 1198 1507 δὲ
1216 1480 1264 1516 τὴν
1281 1480 1435 1516 συμὸουλὴν
1450 1480 1605 1515 δεχόμενος,
1618 1481 1667 1507 σὺν
1689 1480 1746 1516 Θεῷ
1759 1481 1867 1516 Σωτῆρι

1077 1527 1171 1562 φάναι,
1190 1527 1237 1553 καὶ
1262 1526 1307 1552 τὸν
1329 1526 1440 1561 ἔλεγχον
1465 1526 1587 1559 ἐκείνων,
1602 1528 1634 1562 τῇ
1651 1526 1743 1562 πείρᾳ,
1763 1529 1812 1553 καὶ
1834 1528 1865 1553 τὸ

1078 1572 1122 1599 σδν
1139 1572 1264 1608 εὑρήσεις
1279 1572 1309 1598 κέ
1313 1572 1384 1607 ρδος.

1367 1630 1480 1657 ΕΠΙΣΤ.
1503 1630 1569 1658 MB’.

1203 1675 1325 1710 Μιχαὴλ
1336 1677 1543 1712 μητροπολίτῃ
1559 1676 1746 1710 Μιτυλήνης.

848 1730 978 1755 lilontacut.
995 1729 1046 1761 (ep.
1062 1730 1117 1761 225,
1131 1737 1157 1762 ι).
1171 1730 1240 1763 55$).

267 1775 333 1808 Quae
347 1779 377 1804 ιιι
385 1783 483 1811 passus
494 1784 523 1805 es
536 1785 551 1804 a
565 1779 798 1813 persecutoribus,
821 1781 866 1807 alii
892 1780 963 1808 forte
977 1788 1023 1807 ex-

232 1821 331 1849 cedere
350 1822 477 1849 solatium
505 1823 610 1856 dicent,
642 1832 691 1860 ego
705 1833 767 1852 cum
785 1830 830 1853 tua
859 1827 929 1854 bona
945 1827 1025 1855 venia

232 1866 347 1893 dixerim
366 1867 445 1894 laude
461 1868 535 1895 omni
551 1869 654 1904 majora
669 1877 730 1897 esse
751 1878 758 1897 :
785 1876 936 1905 opportune
961 1879 1026 1907 ergo

232 1912 459 1940 considerandum
476 1917 519 1940 est
535 1919 627 1941 utrum
644 1914 716 1942 inter
739 1923 786 1943 eos
806 1917 873 1943 velis
889 1924 950 1944 esse
975 1917 1022 1952 qui

232 1957 419 1990 miseratione,
434 1965 469 1984 an
502 1957 631 1986 felicitate
640 1960 823 1996 excipiuntur.
839 1960 867 1988 Si
876 1969 937 1989 cum
949 1968 1025 1998 grato

232 2003 323 2029 animo
335 2003 445 2038 patiaris
457 2004 523 2039 (scio
532 2005 605 2039 quod
615 2006 654 2033 sic
664 2006 800 2042 patieris),
812 2008 928 2042 optarim
936 2008 1027 2040 adhuc

232 2048 318 2083 magis
343 2052 450 2076 tuarum
470 2050 628 2084 passionum
650 2056 678 2078 et
703 2059 865 2080 coronarum
889 2054 1024 2088 particeps

232 2093 291 2120 ﬁeri
309 2102 316 2120 :
335 2094 388 2126 sin,
401 2095 473 2129 quod
503 2095 645 2130 deprecor,
675 2104 726 2123 nec
739 2097 871 2131 eﬂ‘eram;
889 2098 952 2132 quia
977 2107 1022 2126 me

232 2139 348 2174 ineptire
360 2148 521 2175 persuasum
540 2142 627 2169 habeo
640 2150 648 2176 ;
663 2142 751 2169 dicam
764 2144 918 2171 communia
934 2145 1025 2172 denuo

231 2185 288 2214 sint
310 2191 357 2214 tua
385 2194 491 2214 mecum
524 2189 685 2222 certamina,
727 2189 1025 2225 remunerationesque.

230 2232 308 2260 Vale.

482 2277 594 2305 EPIST.
611 2277 704 2305 XLIII.

424 2323 545 2351 Michaeli
562 2323 735 2358 metrapolitce
750 2324 898 2361 Milytenes.

1112 1780 1154 1806 Τὰ
1170 1780 1219 1816 μὲν
1235 1781 1275 1813 εἰς
1289 1781 1319 1808 σὲ
1331 1780 1385 1807 τῶν
1398 1781 1549 1808 διωκόντων
1572 1781 1657 1817 πάθη,
1677 1782 1757 1813 ἄλλος
1777 1784 1813 1810 ἀν
1825 1792 1870 1816 τις

1074 1826 1146 1852 εἴποι
1162 1825 1246 1860 μείζω
1265 1826 1444 1863 παραμυθίας
1457 1835 1464 1842 ”
1481 1827 1535 1860 ἐγὼ
1559 1827 1586 1853 δὲ
1617 1827 1665 1854 σοῦ
1693 1829 1863 1863 βουλομένου

1075 1871 1156 1906 φαίην
1169 1871 1202 1898 ἂν
1213 1871 1298 1906 μείζω
1315 1872 1462 1907 εὐφημίας.
1481 1872 1552 1907 ’Ὠρα
1567 1870 1614 1899 οὖν
1639 1873 1803 1900 ἐπισκοπεῖν
1824 1883 1866 1905 σε,

1074 1917 1188 1952 πότερον
1213 1918 1246 1945 ἂν
1263 1917 1332 1944 ἓλοιο
1347 1917 1401 1944 τῶν
1427 1917 1529 1953 σφόδρα
1559 1918 1740 1953 ὲλεουμένων,
1766 1920 1783 1954 ἢ
1809 1921 1866 1947 τῶν

1076 1965 1178 2001 σφόδρα
1195 1964 1435 2000 μακαριζομένων,
1451 1963 1532 1993 εἶναι.
1551 1966 1599 1992 "Av
1617 1967 1667 2001 μὲν
1682 1968 1739 2002 γὰρ
1753 1969 1873 2004 εὐχειρίο

1076 2019 1145 2042 arm;
1158 2011 1251 2045 φέρεις
1271 2009 1339 2046 (οῖδα
1350 2011 1372 2037 δ’
1399 2012 1440 2037 ὅτι
1456 2011 1572 2047 φέροις),
1601 2011 1716 2048 εὔχομαί
1733 2022 1780 2039 σου
1812 2014 1869 2040 τῶν

1075 2058 1226 2090 στεφάνων,
1244 2057 1292 2083 καὶ
1307 2058 1362 2083 τῶν
1378 2057 1482 2089 παθῶν,
1503 2058 1550 2083 ἐπὶ
1569 2057 1650 2084 πλέον
1677 2059 1868 2093 κοινωνῆσαι·

1076 2102 1110 2128 ἂν
1124 2102 1145 2128 δ’
1160 2103 1228 2137 ὅπερ
1252 2102 1408 2137 ἀπεύχομαι
1422 2123 1428 2134 ,
1445 2102 1502 2129 ἀλλ’
1526 2103 1575 2129 οὐκ
1590 2103 1623 2129 ἂν
1644 2103 1700 2138 ὲρῶ
1715 2112 1722 2119 '
1749 2105 1800 2130 καὶ
1817 2104 1875 2140 γὰρ

1076 2147 1228 2182 πέπεισμαι
1257 2147 1483 2183 ματαιολογὴσειν
1497 2155 1504 2161 ·
1524 2147 1565 2174 διό
1592 2156 1638 2182 μοι
1664 2148 1747 2175 πάλιν
1766 2150 1873 2183 εἴησαν

1077 2193 1164 2226 κοινὰ,
1182 2194 1230 2220 καὶ
1241 2195 1266 2219 οἰ
1281 2191 1369 2226 ἆθλοι,
1383 2194 1428 2220 καὶ
1446 2194 1480 2220 τὰ
1494 2193 1607 2220 ἔπαθλα.
1631 2194 1770 2230 Ἕρῤωσο.

1371 2281 1484 2308 ΕΙΙΙΣΤ.
1501 2280 1567 2308 Ml".

1200 2327 1321 2362 Μιχαὴλ
1338 2327 1540 2361 μητροπολιτῃ
1553 2327 1738 2361 Μιτυλήνης.

845 2382 976 2408 Montacut.
990 2383 1042 2415 (ep.
1057 2384 1112 2415 227,
1130 2393 1155 2416 p.
1174 2385 1240 2417 554).

265 2422 341 2449 Alius
354 2425 461 2457 optaret
473 2427 579 2450 tuarum
596 2430 760 2452 coronarum
779 2425 959 2460 participare;
975 2427 1021 2455 sed

230 2474 284 2494 non
300 2471 361 2494 tuas
370 2467 521 2502 passiones.
533 2477 565 2496 ac
584 2477 633 2504 pro
644 2469 744 2505 pietate
760 2471 908 2498 certamina
916 2472 1021 2500 subire:

230 2511 299 2539 mihi
325 2512 492 2541 honoranda:
507 2519 571 2541 sunt
595 2515 739 2554 passiones
764 2520 827 2548 tum,
850 2516 912 2544 licet
940 2525 1021 2545 nemo

230 2565 314 2585 manu
330 2563 438 2587 extenta
450 2560 532 2595 capiti
549 2568 610 2588 meo
626 2569 754 2589 coronam
772 2562 904 2598 imponat.
923 2563 1020 2591 Virum

232 2607 377 2638 tantopere
401 2606 583 2634 aemulandum
596 2613 624 2635 et
638 2607 755 2641 felicem,
772 2612 827 2636 tam
841 2609 971 2637 illustrem
997 2615 1024 2638 ct

232 2650 412 2685 conspicuum
438 2651 468 2679 in
493 2653 559 2687 ipsis
591 2654 743 2688 patliemasi
769 2655 938 2690 despondere
969 2663 1022 2683 non

234 2696 312 2725 decet
322 2697 558 2727 animum.Rerum
571 2699 644 2727 cnim
660 2701 845 2736 praesentium,
863 2701 927 2730 licet
941 2702 1022 2737 legis-

1112 2428 1207 2460 Ἄλλος
1222 2428 1255 2455 ἄν
1269 2437 1312 2460 τις
1324 2428 1435 2463 ηὗξαιτο
1449 2429 1540 2463 τυχεῖν
1558 2427 1699 2460 στεφάνων
1715 2426 1773 2452 τῶν
1804 2427 1876 2459 σῶν,

1074 2475 1138 2501 ἄνευ
1153 2473 1197 2500 τοῦ
1208 2474 1243 2501 τὰ
1261 2474 1295 2500 σὰ
1309 2473 1393 2509 πάθη,
1410 2474 1455 2500 καὶ
1472 2474 1534 2504 τοὺς
1551 2473 1614 2503 σοὺς
1631 2471 1700 2506 ὑπὲρ
1719 2471 1877 2504 εὐσεϐεζις

1074 2519 1182 2551 ἄθλους,
1208 2519 1345 2546 ὑπελθεῖν.
1369 2519 1446 2554 Ἐμοὶ
1459 2518 1487 2544 δὲ
1507 2518 1587 2553 τίμια
1605 2517 1640 2543 τὰ
1672 2516 1747 2549 πάθη
1760 2515 1800 2543 τὰ
1825 2517 1876 2548 σὰ,

1074 2565 1125 2592 κᾶν
1141 2566 1224 2600 μήπω
1234 2573 1275 2596 τις
1286 2564 1412 2591 ἐκτείνων
1426 2564 1474 2598 τὴν
1491 2564 1580 2599 χεῖρα,
1594 2562 1744 2596 στεφάνους
1756 2564 1795 2597 τῇ
1811 2563 1872 2596 ἐμῇ

1074 2611 1220 2647 προσάπτῃ
1247 2611 1362 2646 κεφαλῇ.
1386 2611 1423 2637 Οὺ
1459 2610 1509 2641 δεῖ,
1545 2607 1700 2644 τοιγαροῦν,
1744 2607 1877 2642 ἀθυμεῖν

1072 2656 1145 2683 οὕτω
1162 2656 1282 2691 ζηλωτὸν
1296 2657 1343 2683 καὶ
1360 2656 1505 2691 μακάριον,
1518 2655 1565 2681 καὶ
1580 2655 1609 2680 ἐν
1624 2654 1716 2685 αὐτοῖς
1729 2655 1794 2685 τοῖς
1810 2662 1877 2680 κιν-

1071 2701 1170 2734 δύνοις,
1191 2703 1239 2729 καὶ
1260 2702 1316 2734 τοῖς
1338 2701 1493 2737 παθήμασι,
1519 2699 1701 2734 ἀναφανέντα,
1724 2699 1788 2726 xui:
1803 2700 1878 2726 ἀνα-

884 2770 1003 2800 VARIIE
1018 2771 1221 2801 LECTIONES.

273 2826 288 2847 δ
300 2826 342 2853 to.
362 2828 375 2854 ὁ
388 2827 452 2859 Θεὸς
466 2828 696 2865 εἰσπράττεσθαι.
