1928 3097
105 107 145 141 861
674 108 887 140 EPISTOLAR'

939 107 943 138 ἰ
961 107 1079 138 LIBER
1100 107 1139 137 II.

1660 103 1715 135 862

105 165 250 201 λάμψαντα.
266 165 307 192 Τὰ
318 165 431 202 μὲνγὰρ
444 167 568 198 ἐνταῦθα,
581 168 633 195 κᾶν
645 169 808 203 νομοθετῶν,
825 166 877 194 κᾶν

939 168 1054 196 atorum,
1075 162 1278 197 prophetarum,
1295 168 1388 197 regum
1402 159 1520 196 piorum,
1540 159 1660 187 virorum
1671 168 1718 187 ve-

105 211 255 247 προφητῶν,
271 212 323 239 κᾶν
339 211 459 239 εὐσεϐῶν
482 212 623 248 βασιλέων,
648 215 701 241 κᾶν
719 214 807 246 ἄλλως
833 215 880 241 ἀν-

105 256 169 293 δρῶν
180 257 308 293 ἀληθείας
325 258 419 292 φίλων,
443 258 542 294 αγῷεν
561 259 670 286 ἅπαντα
685 260 720 286 τὰ
744 261 879 295 στόματα,

104 302 146 338 τὴν
157 303 186 329 ἐν
201 303 294 334 αὐτοῖς
310 303 535 338 ἐκτραγῳδοῦντα
557 304 742 339 ματαιότητα·
759 304 818 331 ἀλλ’
833 303 881 331 οὖν

104 349 173 384 ὁρᾷς,
197 349 269 380 ὅπως
284 350 317 384 τῇ
336 349 455 384 διηνεκεῖ
468 349 560 384 ρεύσει
582 350 629 377 καὶ
658 350 804 386 μεταϐολῇ,
831 351 882 377 οὐκ

104 395 195 430 ἠρέμει
226 394 423 429 ἀλλοιούμενα’
445 394 501 421 ἀλλ’
521 394 577 421 ἄνω
593 395 641 422 καὶ
664 395 740 423 κάτω
767 395 881 430 φέρεται

104 439 162 471 δόξα
175 439 259 472 πᾶσα,
277 439 325 467 καὶ
342 439 466 472 πλοῦτος,
482 439 529 466 καὶ
543 439 632 474 τύχαι,
653 441 701 468 καὶ
721 440 882 476 λαμπρότη-

103 492 154 518 τες,
168 485 216 512 καὶ
230 485 306 512 οὐδέν
316 486 374 512 ἐστι
389 486 443 512 τῶν
451 486 603 521 παρόντων,
614 487 682 522 ὅπερ
695 487 740 514 τὸν
756 487 882 522 σώφρονα

103 530 159 558 νοῦν
174 531 397 566 ἐπισπασάμενον
414 529 580 565 ύποθέλξειε.
603 532 663 558 Τῶν
680 532 709 559 δέ
730 532 832 566 ἐκεῖθε,
849 533 883 560 τά

103 585 130 603 τε
143 577 209 604 ἄλλα
232 578 301 612 ὑπὲρ
317 578 442 613 διήγησιν
465 577 560 610 ὄντων,
583 579 631 605 καὶ
655 578 694 615 τῷ
711 578 883 616 ἁναλλοιώτῳ

103 623 146 650 καὶ
159 623 303 659 ἀρῥεύστῳ
317 624 366 659 τὴν
379 624 433 651 τῶν
446 624 558 659 ἀγαθῶν
569 625 717 652 ἀπόλαυσιν
727 627 784 656 τοῖς
798 625 884 658 ἀξίοις

103 670 309 704 παρεχομένωνο
324 670 364 702 τίς
379 671 446 706 πρὸς
460 671 494 698 τὰ
513 671 602 698 ἐκεῖοε
618 672 667 703 τὰς
687 672 798 704 ἐλπίδας
814 673 883 708 ἔχων

104 716 258 751 ἱσταμένας,
274 716 321 743 καὶ
341 717 403 749 τοὺς
431 717 586 753 ὀφθαλμοὺς
601 718 804 753 ἠνεῳγμένους,
826 720 896 751 τοϊς-

103 761 217 797 παροῦσι
252 763 347 794 κακοῖς
368 764 546 798 συμπεσεῖτα,
560 763 674 798 ὀνείροις
692 763 737 790 ἴσα
750 764 882 798 λυποῦσι,

102 808 148 834 καὶ
167 808 334 843 ἐξαθυμήσει
361 810 428 842 τοῖς,
456 810 490 836 δι’
512 806 549 837 ὦν
577 810 635 837 ἐστι
662 810 880 846 λαμπρύνεσθαι,

102 841 301 888 ἀγωνίσμασινς
318 854 445 889 Ἄμεινον
459 855 516 888 οὖν,
529 853 617 890 οἶμαι,
633 856 681 882 καὶ
699 841 822 891 κρεῖττον
839 841 883 883 λόζ
899 841 920 868 Β

102 906 149 932 γου
164 899 276 931 παντὸς,
292 900 321 926 ἐν
335 900 450 935 ὀνείροις
472 900 568 935 ἔχοντα
583 901 617 928 τὰ
629 901 723 936 χείρω,
744 901 798 928 τῶν
822 902 884 929 καθ’

102 943 174 980 ὕπαρ
183 945 303 979 ἀγαθῶν,
320 947 367 972 καὶ⁵
382 946 582 982 ἀνεκλαλήτων,
594 947 624 974 ἐν
635 947 784 974 ἀπολαύσει
804 948 884 982 γενέ-

103 989 162 1017 σθαι
177 990 214 1026 μὴ
233 991 394 1027 ληγούσῃ.ῆ
415 991 530 1028 ὀνείροις
556 993 642 1028 μικρὰ
663 993 712 1019 καὶ
730 994 885 1029 πρόσκαιρα

101 1036 283 1071 πλανηθέντα,
305 1038 353 1064 καὶ
378 1038 522 1071 παίξαντα,
537 1038 592 1065 τῶν
615 1038 763 1075 ἀδιαδόχων
789 1040 886 1076 πειρᾶ-

101 1081 162 1109 σθαι
175 1082 276 1109 κακῶν.

392 1150 503 1178 ΕΠΙΣΤ.
526 1151 591 1179 ΜΔ’.

219 1205 395 1241 Ἆμφιλοχίῳ
410 1208 615 1243 μητροπολίτῃ
639 1208 777 1255 Κυζίκου.

930 208 1018 236 ritatis
1031 207 1180 235 amantium
1191 211 1262 240 acta,
1273 207 1363 234 omnia
1371 206 1484 233 omnino
1498 213 1542 233 ora
1558 205 1716 238 reticerem,

930 262 962 282 ea
974 258 1016 281 est
1025 253 1154 286 conditio,
1169 256 1200 279 ut
1218 259 1294 280 suam
1324 252 1481 279 {utilitatem
1502 252 1604 287 tragice
1633 259 1718 287 expo-

931 305 997 328 nant
1014 309 1022 327 :
1036 307 1129 327 annon
1142 299 1220 328 vides
1241 304 1272 327 ut
1284 298 1359 326 ﬂuxu
1373 299 1504 326 continuo
1527 302 1554 325 et
1568 299 1719 325 mulatione

931 345 1084 372 alterantur
1095 345 1155 372 sine
1166 352 1259 378 sensu,
1284 353 1384 379 susque
1409 344 1497 379 deque
1524 343 1608 371 fertur
1636 344 1719 379 gloria

931 391 1031 423 omnis,
1046 390 1156 423 divitiae,
1170 390 1294 424 fortunae,
1311 390 1481 426 splendores,
1500 398 1552 417 nec
1572 390 1720 425 quidquam

932 436 961 463 in
986 436 1067 463 rebus
1079 436 1268 470 praesentibus,
1280 436 1352 471 quod
1368 439 1487 463 mentem
1518 435 1636 462 sobriam
1660 435 1721 462 alli-

932 481 988 509 ciat
1013 485 1062 511 aut
1074 482 1108 509 ad
1132 489 1161 509 se
1172 482 1278 510 trahat?
1291 481 1356 515 Qua:
1373 482 1402 508 in
1414 481 1488 509 caelis
1500 485 1573 514 sunt,
1587 489 1648 509 cum
1659 489 1720 508 om~

932 535 996 554 nem
1022 527 1156 555 excedant
1194 528 1413 562 explicationem,
1441 527 1638 560 inalterabilia,
1670 535 1722 554 nec

933 572 1006 600 ﬂuxa
1025 578 1206 608 sunt;atque
1217 573 1254 600 ita
1277 577 1407 600 aeternam
1432 577 1561 608 praestant
1587 573 1721 600 bonorum

934 619 1090 647 fruitionem
1104 619 1136 646 iis
1149 619 1193 654 qui
1210 624 1349 648 merentur
1371 619 1486 653 :eequis
1506 622 1558 652 est,
1582 618 1625 645 cui
1651 617 1722 645 oculi

934 671 998 692 sunt
1011 665 1097 700 aperti
1118 669 1243 699 respectu
1258 664 1397 692 stabilium
1413 664 1521 691 illorum
1541 671 1601 699 qua:
1612 671 1723 698 speran—

935 714 981 737 tur
994 709 1040 741 ibi,
1052 717 1113 737 cum
1128 710 1206 737 malis
1219 711 1402 745 praesentibus
1416 712 1562 746 coincidet,
1575 720 1635 746 quae
1647 712 1724 739 simi-

935 756 971 783 lia
995 760 1060 784 sunt
1079 756 1222 783 insomniis
1236 757 1358 784 dolorem
1375 757 1584 785 inferentibus?
1604 757 1671 791 Quis
1696 757 1724 784 in

935 802 1027 830 medio
1049 802 1233 829 certaminum
1265 803 1482 837 contristabitur,
1504 805 1577 831 unde
1607 812 1656 839 par
1684 808 1725 831 est

934 855 996 875 eum
1022 848 1211 882 magniﬁcari?
1225 848 1358 880 Quocirca
1378 853 1516 884 ,praistat,
1538 850 1664 881 arbitror,
1699 853 1726 876 et

935 894 1030 929 majori
1046 901 1107 921 cum
1138 897 1244 922 ratione
1266 895 1443 929 coniunctum
1471 900 1523 926 est,
1552 895 1645 930 pejora
1676 903 1726 930 pro

934 940 1077 968 insomniis
1102 941 1205 968 habere
1220 941 1455 975 vigilantem,vero
1481 942 1553 969 bona
1579 941 1726 968 ineffabilia

937 990 1030 1014 etnon
1046 985 1222 1014 diﬂ‘undenda
1236 994 1285 1021 per
1300 986 1460 1014 fruitionem
1476 987 1617 1021 consequi,
1645 994 1726 1021 quam

937 1036 1118 1069 somniorum.
1139 1037 1247 1072 exigua,
1271 1036 1440 1071 temporalia,
1461 1035 1592 1068 errantia,
1608 1034 1728 1062 ludentia

933 1082 1005 1109 bona
1020 1081 1174 1117 eligentem,
1188 1081 1269 1108 malis
1286 1081 1536 1108 interminabilibus
1560 1085 1726 1116 permutare.

1204 1150 1316 1178 EPIST.
1337 1149 1431 1177 XLIV.

1095 1209 1275 1244 Amphilochia
1295 1208 1383 1244 Cyzici
1405 1207 1586 1242 melrapolilw.

714 1275 847 1302 Montacut.
861 1276 913 1308 (ep.
923 1277 979 1308 207,
990 1284 1014 1308 p.
1027 1277 1096 1309 504).

135 1320 166 1348 Οί
184 1319 233 1355 μὲν
245 1320 319 1348 ἄλλοι
336 1321 383 1348 τοῦ
407 1322 550 1354 Πλάτωνος
574 1322 648 1357 λόγοι
674 1323 721 1350 τοῦ
746 1325 886 1352 πολιτικοῦ

101 1365 179 1401 λόγου
195 1367 332 1402 πεφύκασι
347 1367 494 1403 γνώμονες,
512 1370 581 1404 πλὴν
604 1370 632 1396 εἴ
648 1379 674 1397 τι
695 1371 755 1398 κατ’
772 1372 887 1407 ἐκλογὴν

99 1413 240 1448 ὀνομάτων
250 1413 357 1448 ἐνιαχοῦ
367 1414 568 1450 παρημέληται·
581 1416 610 1442 αι
627 1416 655 1442 δέ
666 1416 766 1443 τούτου.
775 1418 885 1444 ἐπιστο-

100 1458 145 1486 λαὶ
161 1459 216 1495 ἴσον
231 1468 259 1485 τε
275 1459 324 1494 τῆς
341 1460 444 1486 ἐκείνου
460 1460 627 1496 λογιότητος,
646 1463 693 1489 καὶ
708 1463 755 1489 τοῦ
776 1464 886 1490 ἐπιστο-

100 1504 209 1539 λιμαίου
223 1504 309 1531 τύπου
325 1505 527 1534 ἀπολείπονται.
544 1508 576 1533 At
591 1508 619 1534 δέ
631 1516 664 1542 γε
686 1509 733 1535 τοῦ
763 1510 884 1544 Ἀριστο-

99 1549 202 1582 τέλους,
216 1549 270 1576 τῶν
297 1551 345 1585 μὲν
359 1551 446 1578 ἄλλων
470 1553 552 1579 αὑτοῦ
569 1555 741 1589 γραμμάτων
756 1556 809 1582 είσί
824 1565 884 1588 πως

99 1593 313 1631 λογιιιδὲστεραι·
332 1596 400 1632 πλὴν
424 1598 484 1624 οὐδὲ
511 1601 569 1631 ταῖς
588 1600 773 1633 Πλατωνικαῖς
796 1602 887 1634 ἐξισά-

100 1638 187 1672 ζουσι.
201 1641 387 1675 Δημοσθένους
403 1642 430 1668 δὲ
445 1644 468 1669 οί
483 1643 532 1678 μὲν
548 1644 623 1671 ἄλλοι
642 1645 728 1678 πόνοι,
744 1646 790 1672 καὶ
804 1646 887 1681 ῥητό-

101 1694 157 1721 ρων
175 1687 223 1712 καὶ¹
237 1689 369 1723 κριτικῶν
385 1689 533 1724 ἐγκωμίοις
550 1690 684 1726 πληροῦσι
699 1692 734 1718 τὰ
753 1693 885 1728 στόματα.

100 1732 159 1763 Τὰς
183 1734 327 1766 ἐπιστολὰς
347 1735 385 1767 δέ,
414 1736 490 1762 οὐδὲν
520 1737 648 1771 ἀμείνους
681 1739 810 1774 εὑρήσεις
834 1739 889 1766 τῶν

100 1779 255 1812 Πλάτωνος.
274 1781 350 1808 Τίσιν
366 1781 412 1808 οὖν
424 1782 576 1814 ἐπιστολαῖς
599 1785 752 1819 ὀμιλητέον,
774 1785 822 1812 καὶ
835 1785 889 1812 τίσι

100 1826 148 1852 τὸν
168 1826 371 1860 ἐπιγνωσθέντα
385 1828 453 1863 ἡμῖν
477 1828 521 1854 διὰ
540 1829 590 1863 τῆς
607 1830 705 1865 τέχνης
726 1832 889 1866 χαρακτῆρα

101 1872 305 1907 ἐφαρμόζοντες
332 1873 382 1908 τὴν
407 1874 562 1908 γυμνασίαν
591 1875 793 1911 συλλεξόμεθας
813 1877 891 1903 Ἔστι

103 1919 156 1954 μὲν
169 1919 217 1945 καὶ
235 1918 299 1946 ἄλλο
323 1919 426 1955 πλῆθος
455 1920 568 1956 ἄπειρον
580 1929 588 1937 ·
607 1921 678 1956 ἔχεις
703 1922 736 1954 δ’,
765 1923 809 1949 ἴνα
825 1923 892 1959 μηδέ

102 1965 211 2001 μακρὸν
236 1964 309 2002 ᾕσοι
339 1966 370 1992 τὸ
393 1966 443 2001 τῆς
459 1968 614 2002 γυμνασίας
642 1968 759 2002 στάδιον,
791 1969 840 2001 τὰς
853 1970 893 2000 εἰς

81 2014 84 2016 ⁷
100 2011 223 2046 Φάλαριν
239 2012 352 2045 ἐκεῖνον,
368 2011 455 2046 οἶμαι,
474 2012 519 2039 τὸν
538 2012 749 2047 Ἀκραγαντῖνον
760 2013 892 2048 τύραννον

989 1326 1085 1354 Caeteri
1117 1325 1239 1353 Platonis
1265 1331 1407 1352 sermones
1445 1330 1594 1360 gnomoncs
1619 1321 1728 1356 quidam

940 1378 1005 1400 sunt
1021 1371 1123 1407 politici
1139 1370 1283 1402 sermonis,
1303 1369 1353 1397 nisi
1373 1369 1444 1404 quod
1456 1369 1600 1396 verborum
1632 1366 1730 1394 electio

940 1424 1139 1452 nonnunquam
1157 1416 1314 1452 negligitur.
1329 1416 1365 1442 At
1383 1415 1505 1450 epistola:
1523 1414 1583 1448 ejus
1601 1420 1632 1439 ex
1651 1420 1729 1447 aequo

937 1463 1061 1491 fortassis
1077 1462 1208 1490 deﬁciunt
1219 1483 1226 1495 ,
1243 1469 1304 1489 cum
1324 1461 1360 1488 ab
1373 1461 1458 1496 ipsius
1477 1459 1641 1491 conditione,
1674 1462 1731 1484 tum

938 1517 953 1536 a
967 1510 1054 1537 forma
1069 1508 1221 1544 epistolari.
1231 1507 1386 1535 Aristotelis
1406 1511 1496 1534 autem
1512 1506 1570 1534 fere
1594 1510 1658 1532 sunt
1677 1512 1731 1531 ca:-

939 1556 1004 1583 teris
1015 1556 1075 1591 ejus
1091 1555 1221 1590 operibus
1243 1554 1427 1582 accuratiores
1444 1574 1450 1580 .
1470 1555 1506 1586 et!
1526 1557 1617 1580 tamen
1643 1551 1733 1578 Plato-

938 1603 1014 1630 nicas
1032 1610 1087 1630 non
1101 1606 1251 1637 equuant.
1287 1599 1476 1629 Demosthenis
1493 1606 1576 1634 opera
1586 1602 1684 1626 caetera
1706 1600 1734 1624 et

940 1651 1080 1678 rhetorum
1096 1656 1123 1678 et
1134 1650 1291 1678 criticorum
1307 1658 1354 1678 ora
1373 1650 1503 1684 implent;
1518 1648 1564 1675 sed
1581 1647 1666 1674 nihilo
1675 1654 1733 1673 me-

940 1696 1023 1724 liores
1049 1704 1131 1731 quam
1149 1696 1270 1722 Platonis
1293 1696 1353 1730 ejus
1367 1695 1496 1730 epistolas
1508 1693 1641 1728 reperies.
1653 1692 1732 1724 Qua:-

941 1750 1004 1769 nam
1020 1742 1101 1777 igitur
1111 1741 1232 1777 epistolae
1243 1741 1416 1768 lectitandatz
1433 1744 1461 1767 et
1478 1747 1493 1766 a
1510 1739 1610 1774 quibus
1629 1737 1734 1765 exerci-

942 1788 1009 1815 tium
1020 1787 1221 1819 adhibebimus,
1233 1791 1264 1814 ut
1277 1787 1465 1817 artificiosum,
1481 1793 1562 1820 quem
1577 1783 1733 1814 didicimus,

943 1834 1103 1861 charactera
1119 1833 1326 1868 exprimamus?
1344 1832 1424 1859 Certe
1458 1830 1553 1866 ingens
1575 1834 1618 1857 est
1640 1836 1734 1856 carum

944 1886 1074 1906 numerus
1094 1887 1100 1905 :
1117 1879 1201 1905 habes
1218 1883 1320 1910 autem,
1337 1885 1372 1904 ne
1387 1876 1540 1912 elongatius
1552 1875 1599 1902 tibi
1614 1874 1734 1902 stadium

944 1925 1020 1960 ligas,
1041 1925 1173 1960 epistolas
1185 1932 1246 1960 qua:
1264 1924 1417 1951 Phalaridis
1434 1931 1494 1950 esse
1514 1922 1642 1950 dicuntur
1650 1921 1735 1948 Acra-

944 1970 1048 2006 gantini
1072 1969 1191 2005 Tyranni
1219 1974 1247 1997 et
1265 1969 1365 2004 quibus
1384 1968 1458 1995 Bruti
1480 1968 1666 1995 Romanorum
1682 1966 1734 1993 du-

945 2017 986 2044 cis
1001 2024 1102 2044 nomen
1116 2016 1304 2051 praescribitur
1320 2025 1326 2043 :
1344 2019 1371 2043 et
1386 2015 1432 2050 qui
1447 2014 1520 2050 apud
1554 2013 1736 2048 imperatores

101 2057 312 2092 ἀναφερομένας
331 2058 484 2089 ἐπιστολὰς.
508 2058 554 2085 καὶ
579 2056 622 2090 αἷς
635 2058 763 2094 Βροῦτος,
780 2061 795 2085 6
823 2059 887 2086 Ῥω-

944 2062 1124 2098 philosophus
1141 2066 1208 2095 erat,
1234 2061 1356 2097 sophista
1372 2060 1444 2095 apud
1454 2060 1560 2095 vulgus,
1577 2059 1734 2086 Libanium.

103 2104 194 2139 μαίων
212 2103 374 2138 στρατηγὸς,
383 2104 578 2138 ἐπιγράφεται·
591 2105 638 2131 καὶ
653 2106 699 2132 τὸν
709 2106 738 2132 ἐν
752 2105 892 2140 βασιλεῦσι

103 2149 261 2183 φιλόσοφον,
277 2150 324 2176 καὶ
339 2150 386 2180 τὸν
396 2151 526 2186 σοφιστὴν
536 2153 564 2178 ἐν
577 2153 636 2183 ταῖς
650 2152 791 2184 πλείσταις
806 2152 891 2179 Λιϐά-

102 2204 174 2222 νιον.
191 2195 222 2221 Εί
237 2195 265 2222 δέ
282 2195 371 2230 βούλει
395 2196 444 2222 σὺν
461 2196 499 2232 τῷ
527 2198 694 2232 χαρακτῆρι,
725 2199 771 2225 καὶ
788 2199 894 2226 πολλῶν

103 2240 196 2268 ἄλλων
223 2241 271 2267 καὶ¹
297 2241 423 2276 μεγάλων
448 2242 573 2275 συλλέξαι
596 2243 750 2278 ὠφέλειαν,
777 2235 894 2281 ἀρκήσει

105 2295 150 2314 σοι
163 2287 304 2318 Βασίλειος
320 2289 334 2313 6
347 2287 460 2321 γλυκὺς,
473 2289 520 2315 καὶ
532 2290 546 2315 6
559 2289 684 2322 κάλλους,
699 2290 726 2316 εἴ
739 2299 781 2323 τις
802 2292 891 2324 ἄλλος,

104 2333 229 2368 ἐργάτης
244 2333 404 2369 Γρηγόριος,
414 2335 461 2361 καὶ
471 2336 487 2370 ἡ
501 2335 610 2370 ποικίλη
619 2336 723 2371 καὶτῆς
733 2338 869 2373 ἡμετέρας
881 2343 893 2358 ο

105 2378 195 2414 αὐλῆς
219 2379 308 2414 μοῦσα
329 2379 462 2415 Ἰσίδωρος
474 2388 480 2395 ·
508 2380 538 2412 ὃς
557 2382 652 2417 ῶσπερ
667 2382 765 2416 λόγων.
779 2383 850 2410 οὕτω
865 2384 893 2410 δὲ

105 2425 158 2452 καὶ
173 2425 313 2461 ίερατικῆς
335 2428 382 2453 καὶ
392 2427 546 2462 ἀσκητικῆς
562 2428 701 2461 πολιτείας
729 2429 821 2456 κανών
836 2431 896 2456 ἐστι

104 2472 290 2507 χρηματίζειν
301 2473 448 2509 ἀξιόχρεως
458 2483 465 2489 ·
477 2476 524 2501 καὶ
545 2476 572 2502 εἴ
587 2484 627 2507 τις
649 2476 742 2511 ἔτερος
759 2478 828 2511 μετὰ
843 2477 892 2511 τῆς

105 2517 206 2552 ὁμοίας
229 2519 426 2554 προαιρέσεως,
442 2519 491 2556 τὴν
516 2521 628 2547 ἐκείνων
644 2521 717 2548 ῑδέαν
733 2523 793 2554 ταῖς
813 2521 894 2554 ίδίαις

106 2563 266 2596 ἐπιστολαῖς
278 2565 466 2603 ἐνεδυναμώθη
490 2567 698 2603 μορφώοασθαι.

946 2109 1024 2142 Quod
1039 2108 1062 2136 si
1073 2116 1126 2136 una
1142 2116 1204 2136 cum
1218 2108 1356 2143 epistolari
1373 2108 1541 2139 charactere,
1561 2113 1651 2133 rerum
1670 2105 1737 2132 mul-

947 2161 1037 2184 tarum
1060 2160 1088 2183 et
1115 2163 1277 2191 magnarum
1298 2155 1444 2182 utilitatem
1468 2153 1610 2187 acquirere
1632 2151 1736 2186 cupias,

949 2202 1064 2230 sufﬁciat
1079 2202 1170 2230 suavis
1193 2202 1248 2235 ille,
1263 2201 1287 2228 si
1315 2201 1377 2235 quis
1392 2200 1471 2230 alius,
1483 2198 1598 2226 Basilius
1618 2207 1624 2224 :
1652 2201 1680 2225 et
1695 2197 1738 2224 in-

949 2252 990 2276 ter
1005 2256 1101 2276 onmes
1118 2248 1270 2283 praecipuus
1287 2246 1500 2282 pulchritudinis
1517 2244 1615 2272 artifex
1637 2244 1738 2279 Grego-

948 2295 1004 2322 rius
1021 2304 1028 2323 :
1042 2300 1070 2322 et
1079 2295 1182 2322 variata
1198 2295 1242 2322 illa
1255 2292 1349 2321 lsidori
1366 2300 1456 2324 musa,
1480 2292 1537 2327 qui,
1550 2295 1580 2318 ut
1594 2298 1654 2323 nos,
1679 2298 1738 2317 mo-

947 2342 1052 2369 nachus
1069 2341 1130 2368 fuit.
1147 2341 1196 2368 Ille
1209 2345 1238 2367 ut
1256 2339 1398 2370 orationis,
1431 2339 1468 2365 ita
1487 2345 1595 2372 quoque
1613 2336 1737 2364 sacerdo-

947 2387 1007 2415 talis
1016 2392 1044 2414 et
1053 2387 1178 2414 asceticae
1196 2386 1259 2414 vita
1270 2392 1358 2412 canon
1371 2383 1531 2419 dignissime
1551 2382 1711 2410 inscribitur
1728 2390 1736 2408 :

948 2435 992 2461 bis
1005 2434 1145 2470 adjungas,
1175 2433 1196 2461 si
1213 2432 1259 2468 qui
1282 2432 1328 2459 alii
1360 2431 1426 2463 sint,
1449 2430 1495 2464 qui
1519 2429 1615 2457 eodem
1635 2428 1738 2460 animo,

946 2487 1040 2507 eorum
1074 2480 1186 2513 ideam,
1211 2478 1329 2514 propriis
1365 2478 1421 2505 suis
1458 2475 1580 2512 epistolis
1624 2482 1738 2510 expres-

948 2531 1055 2554 serunt.

740 2657 855 2686 VAlllAs‘.
874 2655 1078 2686 LECTIONES.

150 2753 160 2768 ι
180 2748 222 2775 ἵσ.
236 2748 382 2784 ὑμετέρας.
