1928 3097
483 188 593 218 EPIST.
611 189 692 217 XLV.

354 236 450 265 ,1οηηηὶ
470 235 643 270 ηιειτοροίὶιω
659 234 806 262 Heraclew.

758 128 891 161 PHOTII
909 123 1163 159 PATRIARCHE
1180 123 1236 154 GP.

995 187 1019 216 Α

1764 113 1822 156 εει,

1328 177 1441 206 ΕΠΙΣΤ.
1469 175 1538 205 ME’.

1141 228 1266 262 Ἰωάννῃ
1276 225 1481 262 μητροπολίτῃ
1505 222 1693 258 Ἡρακλείας.

801 286 934 311 Montaeut.
947 284 992 316 (ep
1011 284 1067 315 2l8,
1080 291 1105 315 p.
1119 283 1187 314 524).

225 338 337 366 Videtur
361 336 429 364 mihi
445 336 572 364 Christus
589 336 659 363 Deus
682 339 710 363 et
728 335 786 362 Rex
808 338 902 362 noster
917 339 980 360 cum

188 387 234 417 sit.
248 391 276 413 et
291 384 422 412 Dominus
433 391 526 411 rerum
540 383 740 415 exsistentium,
751 385 864 418 propter
880 380 981 408 multas

188 432 254 460 alias
270 430 473 465 inexplicabiles
487 437 595 463 causas,
607 433 635 456 et
648 429 748 457 mentis
761 428 890 456 intuitum
906 432 982 455 tran-

188 478 364 510 scentlentes,
377 484 427 512 per
441 477 610 504 veluntatem
623 475 715 511 potius
734 475 890 510 passionem
915 474 981 501 sub-

184 523 265 554 :iisse,
285 526 378 549 etnon
392 529 442 556 per
455 521 605 556 potentiam
621 520 772 548 absolutam
785 520 868 547 totius
883 518 980 547 mundi

192 568 307 596 salutem
325 571 465 602 operatus.
484 567 621 602 Impritnis
643 567 678 594 ob
702 567 754 594 hoe
772 566 874 601 ipsum,
891 569 922 593 ut
946 565 983 592 ita

190 621 329 648 magnum,
347 613 478 639 eximium
498 617 525 640 et
547 620 682 648 apparens
701 612 826 639 solatium
842 611 876 638 iis
893 611 939 646 qui
955 611 984 638 in

191 659 244 687 Irae
258 661 313 687 vita
329 660 495 695 amignntur,
518 664 547 686 et
572 663 693 686 extrema
715 658 806 685 omnia
825 657 982 692 patiuntur,

191 706 358 739 relinqueret
375 713 439 732 suas
461 704 548 739 ipsius
569 704 721 739 passiones.
736 707 764 730 et
786 707 901 730 mortem
919 709 985 730 con-

193 751 375 778 tumeliosam.
390 750 454 778 Ilaec
465 755 492 778 tu
505 751 629 783 intuitus,
642 750 735 777 Izetare
750 749 851 784 potius,
863 757 896 777 eo
911 749 985 784 quod

192 796 306 830 habeas,
324 804 419 824 servus
436 804 498 824 cum
514 796 561 828 sis,
574 796 601 823 in
615 796 716 831 quibus
727 796 887 831 magistrum
906 800 983 822 tuum

193 841 310 869 imiteris
325 850 333 869 :
348 841 404 868 noli
423 849 606 874 murmurare,
629 841 665 868 ob
682 841 727 868 illa
741 849 801 876 qua:
823 841 922 868 cedent
935 840 985 868 tibi

195 888 224 915 in
239 892 431 923 argumentum
448 895 622 921 coronarum,
639 887 663 915 si
679 895 695 915 a
709 887 834 915 veritatis
848 887 984 919 hostibus,

195 933 260 963 licet
272 933 366 961 invitis
384 933 585 961 contribuleris.

731 1053 847 1079 δεικτος
865 1054 1032 1081 SECUNDA.

1003 1117 1026 1144 Β

481 1115 590 1144 EPIST.
608 1116 702 1145 XLVI.

375 1160 452 1190 Saba
467 1162 641 1190 Pissadorum
656 1164 810 1199 Iwgumeno.

1073 331 1151 366 Ἐμοὶ
1168 330 1217 365 μὲν
1232 329 1315 361 δοκεῖ,
1336 327 1384 355 καὶ
1404 327 1438 354 δι’
1459 326 1543 358 ἀλλας
1558 324 1660 355 πολλὰς
1684 324 1817 360 ἀρρήτους

1031 386 1072 409 τε,
1095 377 1140 413 καὶ
1157 376 1228 411 ὑπὲρ
1244 374 1323 407 νοῦν,
1338 374 1454 410 θεωρίας
1464 393 1472 405 ,
1493 373 1539 400 τὸν
1551 371 1670 408 Χριστὸν
1685 371 1733 397 καὶ
1753 370 1817 397 Θεὸν

1032 423 1122 460 ἡμῶν,
1138 421 1266 453 Βασιλέα,
1293 422 1342 448 καὶ
1357 420 1404 447 τοῦ
1416 420 1517 451 παντὸς
1532 418 1691 454 ὑπάρχοντα
1708 416 1818 452 Κύριον,

1032 470 1066 497 δι’
1081 469 1207 496 ἑκουσίου
1225 467 1327 503 μᾶλλον
1339 467 1512 502 παθήματος,
1535 465 1604 492 ἀλλὰ
1622 464 1659 500 μὴ
1674 464 1819 500 δεσποτικῇ

1033 516 1080 544 καὶ
1093 515 1275 551 αὐτοκράτορι
1290 513 1411 548 ἐξουσίᾳ,
1426 512 1476 548 τὴν
1491 511 1663 546 παγκόσμιον
1678 510 1821 545 σωτηρίαν

1032 561 1256 597 ἀπεργάσασθαι·
1268 560 1344 586 οὐδὲν
1361 559 1390 585 δὲ
1402 556 1493 594 ἦττον,
1506 555 1595 592 οἶμαι,
1613 556 1660 583 καὶ
1675 555 1719 582 διὰ
1734 555 1811 582 τοῦτο

1034 610 1072 641 ὡς
1087 608 1121 636 ἂν
1143 607 1260 642 μάλιστα
1277 606 1348 641 μέγα
1361 605 1409 632 καὶ
1425 603 1510 638 σαφὲς
1530 602 1705 638 παραμύθιον
1721 603 1778 634 τοῖς
1795 602 1822 628 ὲν

1036 655 1086 690 βίῳ
1097 651 1316 688 ταλαιπωροῦσι,
1335 651 1382 678 καὶ
1396 650 1430 677 τὰ
1454 650 1557 684 ἔσχατα
1579 649 1726 683 πάσχουσι,
1741 656 1824 674 κατα-

1034 699 1124 727 λείποι
1139 698 1175 726 τὰ
1194 698 1282 724 οἰκεῖα
1308 696 1394 732 πάθη,
1410 696 1457 723 καὶ
1474 695 1520 722 τδν
1545 694 1728 721 ἐπονείδιστον
1743 692 1824 720 αὑτοῦ

1036 745 1162 773 θάνατον.
1189 744 1262 780 Πρὸς
1274 743 1292 771 ἃ
1308 742 1356 770 καὶ
1371 742 1404 769 σὺ
1421 741 1542 776 ἀφορῶν,
1559 741 1639 775 χαῖρε
1655 739 1766 775 μᾶλλον,
1785 736 1825 771 οἷς

1036 792 1119 828 ἔχεις,
1136 793 1150 818 ό
1165 790 1270 821 διοῡλος
1299 787 1441 824 μιμεῖσθαι
1464 787 1510 813 τδν
1530 786 1682 821 δεσπότην·
1704 785 1773 812 ἀλλὰ
1789 785 1826 821 μὴ

1035 839 1165 873 δυσφόρει
1179 837 1248 873 πρὸς
1263 836 1313 868 τὰς
1323 835 1378 862 τῶν
1392 833 1531 869 στεφάνων
1547 832 1701 864 ὑποθέσεις,
1714 831 1766 858 ὑπὸ
1774 831 1827 858 τῶν

1035 887 1085 921 τῆς
1107 885 1238 920 ἀληθείας
1260 882 1377 919 ἐχθρῶν,
1400 882 1449 909 καὶ
1473 880 1609 912 ἀκόντων,
1634 878 1828 914 παιδοτριϐῶ-

1039 941 1132 969 μενος.

1045 1068 1078 1075 ·-
1087 1056 1130 1080 ΑΒ
1144 1053 1300 1080 ΑΒΒΑΤεε.

1324 1118 1438 1146 sum.
1466 1118 1541 1152 Μςν.

1173 1165 1254 1199 Σάσᾳ
1271 1164 1428 1200 ἡγουμένῳ
1441 1164 1501 1191 τῶν
1516 1163 1690 1191 Πισσάδων.

807 1212 942 1236 Montacut.
957 1212 1009 1242 (ep.
1027 1211 1065 1242 15,
1082 1218 1136 1243 pag.
1147 1211 1188 1241 76)

233 1255 272 1283 De
286 1259 330 1282 tua
342 1255 523 1290 dispositione
534 1262 562 1284 et
576 1262 673 1285 natura
692 1258 757 1293 quid
773 1258 861 1287 dicam
884 1260 989 1288 nescio.

198 1300 261 1327 Vidi
275 1300 385 1335 quidem
399 1308 449 1335 ego
465 1305 492 1328 te
511 1302 666 1336 pelliculam
689 1303 814 1330 indutum
838 1304 948 1337 ovilem,
964 1309 992 1332 et

198 1346 324 1381 perinde,
344 1347 417 1381 quod
438 1347 484 1373 illa
508 1348 661 1383 tegebatur,
683 1348 796 1384 simplex
827 1350 990 1383 arbitrabar,

199 1393 260 1419 sine
283 1392 396 1424 malitia,
418 1392 522 1420 Christi
544 1401 630 1429 agrege
658 1394 780 1429 dignum.
798 1395 884 1431 Vulgo
900 1401 992 1424 autem

200 1439 289 1471 aiunt,
307 1439 405 1473 pellem
422 1439 495 1465 illam
509 1440 619 1475 vulpem
643 1441 792 1477 obtegere;
809 1450 869 1477 qua:
886 1448 993 1469 mortua

201 1489 229 1511 et
242 1484 344 1511 olentia
359 1485 447 1512 nutrit
458 1492 584 1520 corpora,
598 1487 751 1521 cuiusmodi
763 1495 862 1522 nempe
879 1488 907 1515 in
921 1493 993 1516 cmtu

200 1529 352 1564 putrefacta
371 1531 566 1562 ecclesiastico,
583 1532 753 1561 daemonibus
772 1534 901 1568 pabulum
913 1538 994 1569 atque

201 1583 298 1604 eorum
314 1576 446 1604 ministris
463 1576 540 1604 fiunt.
560 1578 616 1613 Ego
636 1583 711 1606 certe
730 1585 756 1607 te
773 1580 865 1608 audivi
883 1581 994 1616 longum

203 1629 326 1649 errorem
340 1623 547 1657 praedicantem,
568 1623 752 1652 frustraneum
771 1633 893 1653 errorem
919 1631 994 1653 tuum

203 1667 414 1701 deplorantem,
440 1669 583 1704 antiquum
611 1670 716 1698 scilicet
748 1679 870 1699 errorem
907 1677 995 1699 tuum.

203 1713 291 1741 Aiunt
314 1718 417 1748 autem,
443 1715 570 1742 eumdem
587 1720 614 1743 te
635 1717 726 1745 adhuc
745 1725 836 1745 errare
857 1726 995 1751 errorem;

205 1767 294 1794 neque
307 1760 387 1787 aliter
401 1760 530 1788 affectum
544 1769 626 1796 quam
651 1762 739 1790 insani
761 1762 940 1799 Corybantes.
966 1764 997 1792 In

205 1804 302 1832 faciem
317 1809 345 1832 tu
362 1813 412 1833 nos
426 1806 602 1840 benedixisti,
616 1812 770 1835 servatores
784 1809 936 1844 appellasti,
951 1810 997 1844 qui

206 1855 234 1878 te
248 1851 282 1878 de
302 1855 386 1886 puteo
410 1852 573 1886 perditionis
605 1853 829 1890 deceptionisque
857 1855 930 1884 illius
950 1864 998 1884 ex-

209 1897 354 1924 braximus:
366 1902 409 1925 ast
418 1898 446 1925 in
457 1898 584 1926 absentes
593 1899 670 1926 aiunt
680 1904 707 1927 te
718 1908 768 1928 nos
778 1901 998 1934 obmurmurare,
1012 1891 1034 1922 C

208 1946 306 1969 etnon
323 1950 404 1970 secus
424 1951 506 1978 quam
522 1943 549 1970 in
571 1952 653 1972 scena
673 1945 763 1972 solent
788 1946 922 1975 lascivire.
944 1947 999 1976 Re—

210 1987 323 2014 cordare
360 1995 395 2014 an
433 1988 492 2016 haec
520 1989 632 2018 omnino
659 1989 865 2024 Christianum,
899 1993 1000 2020 nedum

209 2032 375 2059 monachum
387 2032 511 2060 deceant.
528 2033 607 2066 Quod
623 2034 646 2062 si
660 2033 719 2062 haec
734 2036 919 2064 commentitia
934 2037 999 2071 sint,

210 2076 352 2111 deplorare
383 2084 428 2104 me
451 2082 558 2112 oportet
582 2079 793 2114 oggannicntes,
813 2082 883 2116 quod
913 2082 1001 2117 deﬁcit

210 2127 328 2154 sanctus,
343 2123 524 2158 depauperata
540 2129 576 2151 est
593 2125 690 2152 veritas
714 2134 730 2152 a
748 2127 811 2160 ﬁliis
826 2127 980 2155 hominumo
991 2138 1001 2156 :

211 2168 253 2197 sin
267 2176 327 2203 quae
341 2169 534 2196 renuntiantur
548 2177 613 2197 vera
624 2175 697 2203 sunt,
716 2171 832 2199 deﬂendi
842 2173 923 2207 plane
937 2179 1002 2202 sunt

210 2218 380 2249 peccatores,
412 2222 445 2242 eo
469 2215 541 2250 quod
567 2215 649 2243 stulta
673 2216 800 2252 loquatur
822 2218 912 2246 omnis
930 2220 1002 2254 apud

210 2260 365 2295 proximum
377 2268 467 2293 suum,
492 2266 520 2289 et
539 2261 618 2289 labiis
634 2262 739 2290 dolosis
757 2264 906 2292 osculatur.
922 2265 1002 2293 Omni

212 2311 304 2334 autem
315 2306 396 2334 modo
410 2307 559 2335 dolendum
573 2312 616 2335 est
635 2309 703 2336 mihi
720 2317 727 2336 :
744 2309 778 2336 ad
794 2318 886 2338 meum
900 2312 1002 2339 etenim

212 2359 240 2380 et
262 2353 363 2381 Christi
379 2361 488 2390 gregem
509 2360 644 2390 spectant,
670 2355 756 2383 velint
777 2357 877 2388 nolint,
909 2358 1004 2386 inlecti

213 2399 299 2434 lepra,
322 2404 349 2428 et
371 2408 432 2428 cum
449 2400 534 2429 Paulo
557 2402 591 2430 de
616 2404 684 2439 ipsis
704 2408 840 2442 angimur,
865 2410 1005 2442 utcunque

214 2445 295 2473 simul
311 2453 393 2474 sensu
407 2447 480 2482 tangi
498 2448 598 2476 nolint.

490 2492 601 2522 EPIST.
621 2494 729 2524 XLVII.

444 2539 590 2568 Thcoclisto
623 2542 776 2578 Izcgumeno.

1022 2553 1044 2579 D

1077 1260 1135 1286 Οὐκ
1151 1257 1199 1285 οἶδ’
1215 1258 1229 1285 ὅ
1245 1267 1271 1284 τι
1287 1258 1334 1284 καὶ
1350 1257 1419 1284 εἴπω
1433 1257 1498 1292 περὶ
1514 1258 1564 1292 τῆς
1577 1256 1655 1292 ὑμῶν
1670 1256 1829 1288 διαθέσεως-

1047 1304 1118 1339 Ἐγὼ
1135 1305 1184 1340 μὲν
1197 1304 1252 1340 γὰρ
1271 1301 1341 1330 εἶδον
1360 1303 1499 1338 προὸάτου
1526 1311 1556 1329 σε
1571 1302 1653 1338 δορὰν
1671 1302 1834 1337 περικείμε-

1042 1359 1097 1384 νον,
1114 1351 1161 1377 καὶ
1178 1350 1288 1377 ἐδόκουν
1314 1349 1420 1376 ἁπλοῦν
1439 1349 1488 1375 καὶ
1506 1348 1622 1380 ἄκακον,
1639 1348 1688 1382 τῆς
1708 1346 1832 1382 Χριστοῦ

1043 1396 1143 1431 ἀγέλης
1160 1395 1235 1427 ἀξιον
1248 1393 1318 1422 εἶναι
1329 1394 1360 1420 τὸ
1371 1393 1587 1428 καλυπτόμενον.
1602 1393 1633 1419 Οἱ
1648 1392 1676 1419 δέ
1692 1400 1770 1427 φασι,
1783 1391 1834 1426 τὴν

1042 1442 1124 1478 δορὰν
1148 1441 1279 1468 ἀλώπεκα
1304 1440 1456 1476 κρύπτειν·
1486 1439 1503 1475 ἢ
1531 1438 1618 1474 νεκρὰ
1641 1438 1690 1465 καὶ
1715 1438 1836 1464 ὀδωδότα

1043 1487 1141 1522 τρέφει
1166 1486 1178 1507 ἀ
1195 1486 1320 1521 σώματα,
1344 1486 1395 1512 ὅσα
1420 1484 1467 1511 τοῦ
1487 1483 1716 1518 ἐκκλησιαστικοῦ
1739 1483 1838 1510 διασα-

1043 1534 1130 1560 πέντα
1145 1532 1329 1568 πληρώματος
1356 1531 1468 1566 δαίμοσι
1486 1530 1572 1566 τροφὴ
1596 1529 1643 1556 καὶ
1659 1530 1717 1561 τοῖς
1743 1529 1837 1556 αὐτῶν

1045 1579 1194 1615 θεράπουσι
1210 1578 1324 1612 γίνεται.
1341 1577 1397 1603 Καὶ
1414 1575 1470 1610 ἐγὼ
1487 1575 1536 1610 μὲν
1558 1575 1656 1610 ἥκουόν
1678 1582 1707 1600 σε
1729 1569 1839 1608 πλάνην

1045 1625 1160 1659 λέγοντα
1174 1624 1295 1661 μακρὰν,
1311 1623 1358 1650 καὶ
1375 1623 1492 1657 ματαίαν
1507 1621 1610 1656 πλάνην
1627 1618 1839 1655 ἀπολοφυρόμε-

1047 1679 1103 1705 νον,
1119 1670 1168 1706 τὴν
1185 1670 1269 1697 πάλαι
1287 1678 1334 1696 σου
1355 1668 1471 1704 πλάνην.
1492 1668 1524 1695 Οἱ
1540 1666 1568 1693 δὲ
1584 1667 1614 1693 σέ
1630 1675 1712 1701 φασιν
1728 1665 1840 1700 ἐκείνην

1047 1718 1088 1745 ἐτι
1102 1725 1136 1743 πε
1141 1715 1336 1753 ριπλανᾶσθαι,
1353 1714 1436 1750 μηδὲν
1450 1713 1561 1739 ἔλαττον
1572 1712 1627 1738 τῶν
1639 1711 1842 1747 κορυϐαντιῶν-

1048 1772 1102 1790 των
1117 1762 1300 1796 διακείμενον.
1316 1760 1372 1787 Καὶ
1390 1759 1422 1785 σὺ
1447 1758 1497 1793 μὲν
1513 1757 1585 1783 κατὰ
1599 1757 1746 1792 πρόσωπον
1762 1757 1840 1792 ἡμᾶς

1047 1808 1187 1845 ηὐλόγεις,
1213 1807 1260 1834 καὶ
1277 1806 1403 1840 σωτῆρας
1419 1805 1492 1839 ἡμᾶς
1509 1802 1670 1837 ὡμολόγεις,
1687 1802 1728 1828 ὅτι
1744 1802 1776 1828 σὲ
1791 1801 1840 1828 τοῦ

1051 1855 1146 1891 βόθρου
1157 1855 1207 1889 τῆς
1223 1852 1402 1888 παρατροπῆς
1413 1849 1522 1885 ἐκείνης
1535 1849 1581 1876 καὶ
1591 1849 1700 1883 ἀπάτης
1713 1847 1842 1874 ἀνειλκύ-

1051 1908 1154 1936 σαμεψ
1171 1900 1196 1926 οἱ
1209 1898 1238 1926 δέ
1254 1898 1284 1925 σέ
1302 1906 1394 1932 φασιν,
1412 1896 1538 1923 ἀπόντων
1556 1895 1646 1930 ὴμῶν,
1665 1893 1845 1928 καταγογγύ-

1051 1945 1109 1978 ζειν
1125 1945 1205 1980 ὅμοια
1220 1945 1276 1976 τοῖς
1298 1944 1345 1969 ἐπὶ
1368 1943 1470 1977 σκηνῆς
1501 1941 1707 1975 ἀσελγαίνοντα.
1738 1940 1844 1966 Ἐννόει

1050 1993 1083 2027 δὴ
1103 1991 1190 2018 ταῦτα
1204 1991 1228 2017 εἰ
1244 1990 1313 2021 ὅλως
1325 1987 1509 2024 Χριστιανῶν,
1524 1987 1561 2022 μή
1573 1996 1599 2013 τι
1611 1995 1642 2021 γε
1658 1986 1844 2022 μοναζόντων,

1051 2038 1161 2066 δύναται
1181 2035 1260 2064 εἶναι.
1283 2035 1354 2062 Ἀλλ’
1370 2035 1395 2061 εί
1419 2034 1474 2069 νμὲν
1491 2033 1644 2060 ὲπλάσαντο
1669 2032 1768 2064 ταῦτα,
1781 2033 1846 2059 ὀδό·

1053 2084 1148 2121 ρεσθαί
1175 2092 1210 2117 με
1233 2082 1274 2109 δεῖ
1301 2081 1356 2108 τῶν
1381 2080 1575 2111 κατειπόντων,
1599 2079 1644 2106 ὅτι
1662 2078 1847 2106 ἐκλέλοιπεν

1052 2131 1148 2163 ὅσιος,
1163 2129 1208 2156 ὅτι
1218 2128 1417 2162 ὼλιγώθησαν
1431 2128 1460 2153 αἱ
1475 2126 1613 2160 (utilium.
1627 2126 1686 2152 ἀπὸ
1699 2124 1760 2152 τῶν
1771 2125 1849 2152 υἱῶν

1053 2176 1112 2204 τῶν
1139 2175 1320 2210 ἀνθρώπων·
1355 2175 1380 2201 εί
1413 2173 1436 2200 δ’
1455 2172 1543 2208 ἀληθῆ
1567 2173 1602 2199 τὰ
1632 2172 1848 2206 ἀπηγγελμένα,

1053 2223 1164 2258 θρηνεῖν
1185 2222 1307 2257 προσῆκε
1341 2221 1405 2252 τοὺς
1423 2220 1637 2256 ἡμαρτηκότας,
1663 2218 1709 2245 ,ὄτι
1741 2219 1851 2253 μάταια

1054 2269 1130 2296 λαλεῖ
1147 2268 1262 2299 ἕκαστος
1283 2266 1352 2302 πρὸς
1369 2265 1416 2293 τὸν
1427 2265 1542 2300 πλησίον
1567 2263 1662 2294 αὑτοῦ.
1683 2264 1731 2289 καὶ
1746 2263 1852 2294 δολίοις

1055 2313 1271 2350 περιπτύσσεται
1287 2312 1401 2348 χείλεσι.
1416 2312 1530 2343 Πάντως
1544 2310 1573 2337 δὲ
1585 2310 1626 2337 δεῖ
1640 2318 1674 2345 με
1697 2309 1833 2336 ἀνιᾶσθαι
1843 2318 1851 2324 ·

1054 2361 1104 2396 τῆς
1112 2360 1181 2395 ἐμῆς
1195 2360 1249 2394 γὰρ
1264 2359 1311 2386 καὶ
1321 2357 1439 2393 Χριστοῦ
1456 2357 1584 2392 ποίμνης,
1605 2356 1659 2383 κᾶν
1674 2355 1713 2390 μὴ
1727 2355 1855 2390 βούλων-

1054 2416 1110 2440 ται,
1125 2406 1173 2433 καὶ
1181 2406 1215 2432 τὰ
1224 2404 1408 2440 λεπρωθέντα,
1417 2403 1464 2430 καὶ
1479 2403 1542 2437 περὶ
1555 2402 1644 2428 αὐτῶν
1657 2401 1727 2437 μετὰ
1737 2401 1854 2428 Παύλου

1055 2449 1289 2487 διαμεριμνῶμεν,
1301 2449 1354 2476 κᾶν
1368 2448 1406 2484 μὴ
1418 2447 1515 2474 θέλωσι
1529 2446 1770 2474 συναισθάνεσθαι.

1345 2493 1465 2521 ἘΠΙΣΤ.
1482 2493 1550 2520 ΜΖ’.

1177 2554 1180 2555 ν
1194 2552 1201 2567 ι
1283 2539 1449 2573 Θεοκτιστῳ
1459 2537 1625 2574 ἡγουμένῳ.
1651 2541 1729 2567 «tax!
1739 2547 1769 2566 εν

832 2599 965 2626 Moutacut.
978 2603 1030 2633 (ep.
1048 2601 1088 2630 52,
1105 2607 1130 2631 ρ.
1146 2597 1198 2628 θυι
1632 2596 1645 2609 ’Δ

252 2643 376 2672 Virtutes
385 2644 482 2679 lauda;
498 2653 590 2673 coram
606 2655 672 2675 vero
685 2653 713 2675 ct
730 2648 756 2675 in
773 2649 843 2678 facie
858 2650 1006 2686 discipulos

218 2698 255 2719 ne
281 2690 386 2723 laudes,
412 2691 459 2725 qui
483 2698 634 2727 sequuntur
658 2702 722 2727 eas;
745 2695 883 2732 instigare,
905 2701 933 2724 et
960 2697 992 2724 ad

1047 2688 1132 2722 ίινιτέον
1145 2694 1209 2725 τοὺς
1227 2692 1290 2723 σοὺς
1314 2689 1437 2726 μαθητὰς
1458 2690 1600 2725 μετιόντας
1623 2688 1720 2721 αὑτάς.
1748 2688 1788 2716 Τὸ
1806 2690 1859 2724 μὲν

219 2737 334 2769 hortari,
350 2736 416 2764 boni
428 2737 518 2772 operis
538 2746 601 2774 pars
623 2745 680 2774 cst;
701 2741 813 2770 laudare
835 2735 1007 2775 coranlfuii‘cc

274 2794 285 2810 ⁸
310 2795 381 2822 I’sal.
394 2803 433 2828 ιιι,
448 2794 476 2822 2.

1103 2648 1228 2676 Ἐπαίνει
1241 2646 1290 2677 τὰς
1305 2645 1405 2680 ἀρετάς
1415 2652 1423 2659 ⁸
1441 2643 1479 2679 μὴ
1493 2642 1618 2678 θαύμαζε
1630 2642 1658 2669 δὲ
1671 2642 1747 2669 κατά
1764 2643 1858 2678 πρόσ-

1057 2741 1120 2776 γὰρ,
1135 2737 1277 2775 προτροπὴ
1293 2738 1340 2765 καὶ
1359 2735 1543 2772 παράκλησις,
1563 2735 1751 2770 ἁγαθοεργίας
1783 2734 1863 2767 Erl-:1,

854 2830 968 2859 VARIIE
990 2829 1192 2860 LECTIONES.

275 2863 288 2883 ἀ
308 2863 351 2891 ἵσ.
368 2864 474 2892 σκέπει.
