1928 3097
102 169 152 201 865
676 163 946 195 EPISTOLARUM
964 163 1081 194 LIBER
1100 163 1143 194 II.
1664 161 1719 193 865

101 229 128 255 τὸ
149 227 189 259 δὲ,
214 225 262 253 καὶ
290 224 320 251 σὲ
346 222 490 254 κολακείας
509 222 558 258 οὐχ
583 221 674 257 ἵστησι
699 221 818 257 μακρὰν,
836 229 862 248 xc

961 231 964 246 ι
978 220 1123 247 subm0vet
1139 219 1220 254 longe
1239 219 1274 246 ab
1289 217 1457 250 adulatione.
1473 221 1501 245 et
1520 223 1581 245 cum
1603 215 1722 244 admira-

104 273 168 309 πρὸς
181 272 270 307 οἴησιν
281 270 345 302 τοὺς
359 268 591 305 θαυμασθένταςῆ
603 267 739 303 μαλακίαν
747 267 794 294 τοῦ
805 267 865 294 τόνο

960 273 1010 293 one
1026 265 1161 298 laudatos,
1173 265 1217 292 vel
1231 264 1265 291 ad
1277 264 1319 291 sui
1334 264 1492 299 opinionem
1504 262 1664 298 perducere,
1679 262 1721 290 vel

102 307 148 354 τῆς
165 316 266 353 ἀρετῆς
289 315 384 352 εἴωθεν
398 314 552 349 ὑποχαλᾷν·
576 313 610 340 δι’
623 309 661 340 ὦν
679 312 708 339 τὸ
721 312 806 347 γλυκὺ
827 311 863 339 τῶ

964 310 1045 337 rtutis
1058 314 1152 337 tonum
1176 310 1204 337 in
1219 310 1361 337 mollitiem
1385 308 1468 336 animi
1491 308 1613 336 relaxare
1631 307 1720 340 solet;

103 364 170 392 κατὰ
183 363 250 391 Θεὸν
269 362 358 389 πόνων
377 362 501 396 πέφυκεν
513 360 722 396 ὲπικαταρῤεἳν,
737 358 783 386 καὶ
797 358 824 385 αἱ
834 358 864 394 τῆ

961 363 1000 383 inc
1010 356 1040 383 ﬁt
1060 361 1092 383 ut
1107 356 1229 383 laborum
1251 356 1400 383 secundum
1431 354 1516 382 Deum
1533 358 1722 389 susceptorum

104 410 201 446 σαρκὸς
216 407 460 444 άναζωπυροῦνται
471 405 577 442 ἡδοναί.

962 401 1052 428 tlcedo
1076 401 1188 433 deﬂuat,
1211 405 1240 428 et
1264 401 1354 428 carnis
1378 400 1540 433 excitentur,
1563 399 1638 427 velut
1661 398 1723 433 igne

938 447 1038 479 alllato,
1055 447 1217 482 voluptates.

399 495 513 522 ΕΠιΣΤ.
529 494 602 521 MH’.

1211 491 1323 520 EPIST.
1344 491 1459 518 XLVIII.

327 540 464 575 Θεοδώρῳ
488 540 653 575 ἡγουμένῳ.

1187 538 1318 565 Theodoro
1344 537 1495 573 hegumeno.

695 593 830 618 Montacut.
848 593 899 624 (ep.
912 591 967 622 H2,
983 600 1006 624 p.
1023 592 1089 623 199).

134 646 190 680 Οὐχ
203 645 218 672 ὁ
231 644 262 671 τὸ
278 643 366 680 ῥεῦμα
390 643 445 670 τῶν
459 643 546 677 λόγων
572 643 602 670 ὲν
620 641 732 677 γλώσσῃ
751 640 884 677 πηγάζων

971 638 1029 667 Non
1042 644 1084 667 est
1096 639 1141 667 ille
1153 639 1248 667 statim
1262 647 1345 666 manu
1357 643 1501 674 promptus
1512 637 1663 670 habendus,
1678 637 1725 673 qui

102 692 161 728 ήδη,
180 691 227 718 καὶ
248 691 327 725 χεῖρα
348 689 529 725 δραστήριος·
557 687 653 723 ὥσπερ
678 687 733 714 οὐδ’
748 687 762 713 ὁ
785 686 863 722 πράξι

963 689 1071 713 rrentes
1094 685 1252 718 verborum,
1269 685 1362 720 lingua
1383 683 1465 711 veluti
1484 683 1559 711 fonte
1582 683 1724 711 immittit:

102 737 218 773 κρατῶν,
234 736 279 763 καὶ
290 736 339 771 τὴν
353 735 406 762 τῶν
422 734 552 770 ῥημάτων
567 733 654 760 πειθὼ
666 732 863 768 σοὸαρευομέντ

965 740 973 758 ι
997 739 1049 759 nec
1072 731 1153 758 rebus
1175 731 1259 767 gestis
1281 731 1390 763 clarus,
1417 730 1563 758 verborum
1589 729 1726 757 suadelam

102 783 155 818 ἔχει
167 783 225 813 τοῖς
236 781 349 817 χείλεσι.
369 780 424 807 Καὶ
439 779 524 806 πολλὰ
546 778 595 814 μὲν
621 778 712 810 ἄλλοις
722 778 809 804 εἰπεῖν
831 777 862 813 ἐχ

965 777 1018 804 biis
1029 784 1090 804 cum
1105 785 1202 812 pompa
1225 776 1391 804 insidentem
1415 783 1523 811 semper
1540 775 1633 803 habet.
1647 775 1726 811 Apud

102 827 147 854 καὶ
170 825 329 854 παντοδαπὰ
352 825 562 860 παραδείγματα
574 832 582 839 ·
601 824 670 859 πρὸς
683 823 712 850 σὲ
730 823 758 850 δὲ
772 823 863 858 γράφοι

966 823 1016 856 ios,
1027 830 1078 858 ego
1092 823 1185 851 multis
1200 824 1253 850 hoc
1268 823 1382 850 eﬁatum
1405 827 1434 849 et
1452 822 1649 857 multiplicibus
1664 829 1727 857 pro-

101 873 145 900 τὸν
160 871 337 908 ὸμηρίζοντα,
352 871 382 898 ἓν
395 870 537 902 ὑποδείξας
548 870 643 905 ἀρκεῖν
657 869 789 905 ἡγοῦμαι.
800 869 862 904 Διμὶ

968 876 1005 896 tre
1016 876 1125 904 possem
1141 869 1273 903 exemplis
1286 878 1293 896 :
1309 868 1357 896 sed
1370 875 1432 895 cum
1447 869 1480 895 ad
1495 867 1662 900 te_scribam,
1681 866 1729 901 qui

102 919 192 946 ἐπόνει
208 918 238 944 τὸ
255 917 461 953 στρατιωτικὸν,
477 917 501 943 οἱ
517 915 566 951 τὴν
584 915 633 952 σὴν
655 916 756 951 Τροίαν
777 915 863 951 πολιοί

968 915 1174 943 Dmerizantium
1189 922 1259 942 unus
1272 922 1312 947 es.
1327 915 1438 942 unicum
1459 914 1482 941 si
1503 921 1656 950 suggeram,
1670 913 1729 940 suf-

102 963 210 993 κοῦντες
223 961 438 997 περιεκάθηντο·
455 961 502 987 καὶ
527 961 541 988 ὁ
562 960 612 996 μὲν
643 960 787 992 Ὀδυσσεὺς
813 960 863 987 σίτ(

967 964 1074 988 cturum
1084 959 1211 987 arbitror.
1222 960 1304 987 Fame
1319 959 1459 986 laborabat
1472 960 1608 986 exercitus
1620 958 1728 994 Troiam

101 1009 238 1044 αἰτήσων,
266 1008 334 1044 πρὸς
353 1009 444 1034 ’Δνιον
471 1006 668 1034 ἀπεστέλλετο·
689 1007 801 1042 mappa
831 1006 862 1040 γά

968 1006 1252 1034 rcumobsidentium:
1272 1005 1393 1041 Ulysses,
1411 1005 1579 1033 frumentum
1599 1005 1729 1040 impetra-

101 1054 181 1082 αὑτοῦ
193 1055 230 1089 τῇ.
239 1053 351 1090 γλώσσῃ
370 1053 400 1079 τὸ
421 1052 561 1088 Ἀχαικόν,
581 1053 611 1078 '0
636 1052 664 1078 δὲ
679 1051 859 1088 παραγεγονὼ

968 1061 1030 1085 .rus,
1043 1054 1077 1080 ad
1091 1053 1195 1080 Anium
1218 1052 1346 1080 mittitur.
1363 1052 1475 1088 Linguae
1492 1052 1565 1080 enim
1584 1053 1645 1088 ejus
1663 1059 1729 1079 con-

102 1100 170 1126 ἔπεα
185 1099 342 1134 νιφάδεσσιν
358 1098 466 1125 ἐοικότα
482 1097 658 1133 χειμερίοισι,
675 1098 788 1124 πλεῖστα
800 1099 863 1133 ‘amt

968 1097 1062 1124 lcbant
1086 1097 1184 1125 Grzeci.
1213 1098 1262 1125 Ille
1292 1097 1339 1125 ubi
1364 1097 1466 1124 Anium
1496 1097 1617 1130 advenit,
1647 1097 1729 1124 verba

103 1144 219 1180 δρήσας,
234 1143 283 1170 καὶ
295 1143 400 1174 τούτοις
415 1142 591 1173 κατακλύσας
615 1142 661 1168 τὸν
683 1142 836 1177 ἄνθρωπον,
856 1151 864 1169 ι

969 1143 1081 1170 ‘andinis
1093 1149 1142 1170 aut.
1154 1143 1226 1171 nivis
1237 1143 1323 1170 instar
1338 1143 1494 1178 depluebat,
1517 1148 1599 1178 atque
1612 1143 1665 1171 illis
1679 1143 1730 1170 ho-

104 1191 192 1226 μόνον,
211 1185 248 1216 ὧν
278 1189 413 1224 ἤλπισεν,
436 1188 512 1215 οὐδὲν
541 1187 726 1223 ἐγεώργησεν,
750 1187 818 1214 ἀλλὰ
841 1197 865 1215 κε

970 1189 1043 1216 inetn
1057 1189 1226 1222 inundabat;
1241 1189 1288 1217 sed
1306 1197 1361 1216 non
1378 1189 1459 1216 tnodo
1476 1188 1545 1215 nihil
1557 1196 1652 1216 eorum
1669 1196 1730 1223 qua:

102 1235 214 1272 ὀχληρὸς
226 1233 296 1262 εἶναι
309 1234 397 1267 δόξας,
414 1234 583 1270 ὑπέστρεψεν
593 1242 600 1249 ”
617 1234 720 1270 ἄπορον
730 1240 742 1254 θ
752 1235 802 1271 τὴν
816 1235 863 1266 ζωὶ

968 1235 1069 1262 terabat
1091 1235 1220 1268 obtinuit,
1239 1242 1334 1262 verum
1361 1235 1492 1262 molestus
1508 1234 1533 1262 ei
1549 1234 1624 1261 visus
1639 1234 1729 1261 inanis

102 1283 157 1314 τοῖς
174 1283 213 1314 είς
228 1282 310 1309 αὑτὸν
327 1281 454 1316 κεχηνόσι
467 1281 663 1317 ποιησάμενος.
679 1281 846 1317 Παλαμήδης
860 1283 863 1305 ἐ

968 1288 1069 1308 :versus
1080 1286 1140 1314 est;
1156 1281 1278 1308 etvitatu
1295 1281 1355 1308 sine
1370 1280 1470 1313 fructu,
1488 1280 1546 1307 sine
1572 1280 1647 1307 victu
1668 1280 1729 1307 rcd-

103 1327 208 1358 ὲκεῖνος
222 1323 308 1361 (οἶδας
321 1325 366 1352 τὸν
385 1325 541 1361 ἄνθρωπον,
558 1326 620 1353 ὅσον
642 1326 791 1357 Ὀδυσσέως
811 1327 864 1361 dupe

971 1328 1011 1355 dit
1026 1327 1127 1355 Graecis
1140 1327 1187 1362 qui
1211 1327 1239 1354 in
1263 1327 1340 1354 illum
1363 1327 1513 1354 inhiabant.
1530 1325 1630 1353 Verum
1654 1325 1730 1353 Pala-

103 1371 225 1408 νότερος)
249 1372 300 1407 τὴν
332 1371 482 1407 πρεσϐείαν
521 1372 592 1406 μετὰ
614 1373 660 1399 τὸν
680 1372 758 1406 λιγὺν
785 1373 864 1399 ὲκεῐνι

971 1373 1035 1400 edes
1047 1373 1092 1407 (de
1103 1381 1157 1407 quo
1172 1372 1254 1400 fando
1271 1372 1382 1405 audisti,
1399 1372 1490 1399 minus
1504 1371 1642 1399 exstitisse
1656 1371 1729 1398 illum

103 1418 243 1454 ἀγορητὴν
268 1417 422 1453 ἐθάρρησεν
441 1417 627 1444 ὑποδύσασθαι
639 1425 646 1433 ·
662 1418 710 1445 καὶ
728 1417 864 1444 καταλαὸι]

970 1426 1023 1445 tam
1047 1418 1159 1452 Ulysses
1181 1422 1259 1450 erat,
1289 1417 1441 1453 loquacem)
1468 1417 1641 1453 legationem,
1671 1421 1731 1452 post

103 1465 149 1491 τὸν
167 1465 270 1495 Ἄνιον,
285 1463 482 1498 ἐργαζόμενον,
496 1461 557 1489 εἷπε
571 1463 619 1499 μὲν
635 1463 728 1490 οὐδέν·
744 1464 864 1490 ἀποϐαλᾶ

969 1472 1018 1491 um
1033 1464 1199 1491 rhetoricum
1214 1464 1436 1497 declamatorem,
1453 1464 1530 1492 obire
1545 1471 1647 1497 ausus;
1669 1472 1730 1491 cum

103 1510 133 1537 δὲ
157 1509 189 1536 τδ
219 1510 338 1544 ἱμάτιον,
356 1509 484 1540 κοινωνὸς
503 1508 550 1535 τοῦ
577 1509 660 1543 ἔργου
676 1510 791 1543 ἐγίνετο,
816 1510 864 1536 Ἐτι

970 1510 1019 1537 )eri
1048 1510 1185 1537 intentum
1211 1511 1314 1538 rustico
1347 1511 1497 1539 invenisset
1516 1511 1634 1542 Anium,
1663 1510 1731 1538 nihil

104 1556 132 1583 δὲ
150 1556 221 1590 μετὰ
232 1557 295 1588 τοὺς
309 1556 418 1588 πόνους,
430 1555 460 1582 τὺ
470 1555 577 1582 δεῖπνον
590 1555 693 1588 ἐκάλει,
704 1556 743 1591 τῷ
756 1557 865 1591 ἀνθρώπ

972 1564 1055 1583 orsus
1072 1557 1149 1589 dixit,
1177 1556 1225 1584 sed
1249 1561 1329 1584 exuta
1354 1563 1440 1589 veste,
1464 1558 1539 1592 operi
1564 1565 1594 1585 se
1615 1557 1733 1585 accinxit

105 1602 288 1637 συνηρίστησε
299 1609 306 1616 ·
333 1601 382 1628 καὶ
395 1601 455 1627 τότε
477 1601 564 1636 βραχὺ
581 1601 656 1636 ῥῆμα
679 1602 849 1637 προήνεγκεν
863 1603 866 1622 ¹

970 1602 1044 1629 boris
1059 1602 1174 1629 socium.
1188 1601 1258 1629 Cum
1273 1602 1350 1629 ﬁnito
1364 1609 1446 1637 opere
1457 1603 1490 1630 ad
1501 1610 1608 1630 caenam
1620 1610 1731 1630 vocare-

103 1647 142 1680 ὡς
152 1645 204 1683 ἦκε
218 1644 427 1682 σίτον”αίτὴσων
442 1645 560 1682 στρατῷ,
575 1646 644 1682 φίλῳ
653 1648 700 1673 καὶ
713 1646 862 1682 λιμώττοντ

972 1657 998 1681 r,
1030 1649 1149 1676 coenavit
1165 1657 1219 1676 una
1242 1659 1248 1675 :
1273 1653 1301 1676 et
1328 1650 1399 1676 inter
1427 1649 1590 1677 coanandum
1612 1649 1733 1677 breviter

106 1692 256 1728 uulgauxtbv
271 1692 354 1728 ἀπῄει
366 1692 482 1728 χαίρων,
499 1692 546 1719 καὶ
556 1692 647 1728 φέρων
662 1693 719 1724 τοῖς
733 1692 867 1728 ὁμοφύλοιη

972 1695 1071 1730 ιροειιὶι
1103 1696 1238 1723 adventus
1271 1695 1314 1723 sui
1340 1704 1470 1729 causam,
1505 1700 1535 1722 ut
1565 1695 1733 1723 frumentum

104 1738 167 1765 ἀντὶ
181 1738 279 1772 λόγων,
296 1738 345 1773 τὴν
363 1738 507 1771 ὠφέλειαν.
524 1738 579 1764 Καὶ
594 1738 626 1764 σὺ
641 1738 732 1764 τοίνυν
749 1738 787 1773 μὴ
802 1738 865 1764 πάνι

971 1739 1078 1766 :ercitui
1094 1739 1264 1774 impetraret,
1279 1740 1350 1767 fame
1375 1740 1457 1767 nimis
1480 1747 1561 1775 quam
1586 1740 1732 1767 laboranti.

105 1783 203 1819 θάῤῥει
218 1784 274 1815 τοῖς
292 1783 382 1817 λόγοις
392 1791 398 1798 ·
414 1783 501 1818 βραχὺ
514 1783 568 1818 γὰρ
583 1782 663 1819 ἔργον
677 1783 809 1818 σιγῶντος
823 1792 866 1818 μετ

973 1792 1004 1811 uo
1019 1784 1176 1820 impetrato,
1192 1785 1271 1812 laetus
1292 1786 1457 1818 revertitur;
1484 1793 1534 1820 pro
1545 1785 1646 1818 verbis,
1666 1793 1734 1813 con-

105 1829 253 1862 συνέσεως,
276 1830 400 1865 μακροὺς
422 1828 594 1864 ἐπιστομίζει
627 1829 722 1864 λόγους
748 1829 866 1857 πολλάκιι

972 1829 1089 1857 ibulibus
1109 1830 1165 1857 suis
1182 1830 1328 1858 utilitatem
1343 1830 1445 1858 ferens.
1469 1829 1529 1857 Noli
1555 1838 1625 1865 ergo,
1639 1834 1667 1857 tu
1690 1831 1733 1857 ni-

107 1875 156 1902 καὶ
167 1875 244 1902 οὐδὲν
258 1875 314 1902 τῶν
326 1875 432 1909 ψόφων.
448 1876 496 1903 καὶ
506 1874 561 1902 τῶν
576 1875 692 1910 ἀσήμων
700 1875 796 1910 φωνῶν
812 1875 868 1902 πλε(

974 1876 1029 1902 ium
1056 1876 1148 1904 verbis
1174 1876 1257 1904 ﬁdere
1278 1886 1285 1904 :
1304 1885 1367 1904 nam
1399 1877 1569 1904 taciturnitas
1593 1876 1734 1911 prudentis

104 1922 192 1959 ἔχειν,
206 1921 402 1950 ἐπιδείκνυσιν.

973 1921 995 1948 ri
1015 1921 1090 1957 logos
1110 1922 1205 1958 longos
1231 1929 1303 1957 saepe
1323 1922 1434 1950 obturat
1450 1931 1457 1949 :
1483 1929 1591 1949 necnon
1607 1921 1733 1948 omnibus

943 1967 1116 1994 manifestum
1144 1967 1218 2000 facit,
1241 1975 1302 1996 esse
1330 1968 1391 1996 illos
1418 1968 1513 1995 inanes
1537 1968 1681 2003 strepitus,
1707 1973 1735 1996 et

944 2017 1042 2047 praeter
1063 2021 1145 2041 voces
1158 2014 1237 2041 nihil.

78 2083 137 2101 πμ
397 2061 508 2089 ΕΠΙΣΤ.
527 2061 594 2089 mea

1225 2066 1335 2094 EPIST.
1357 2066 1452 2094 XLIX.

100 2121 155 2147 ,ςήσ
166 2129 182 2146 ,ε
427 2106 469 2139 Τῷ
482 2105 572 2139 αὐτῷ.

1279 2113 1387 2148 ,Eidem.

146 2167 226 2199 “La
721 2164 854 2190 Montacut.
868 2165 920 2198 (ep.
932 2167 987 2198 “5,
999 2175 1024 2200 p.
1038 2170 1103 2201 200).

141 2212 198 2248 Τὴν
213 2211 342 2238 ﬁndi-nou
357 2220 480 2246 γνωμην,
500 2213 532 2247 ἢν
551 2212 676 2239 ἀπέδωκε
687 2233 694 2244 ,
711 2213 893 2248 διερωτήσαν-

980 2218 1074 2254 Aﬂsopi
1090 2220 1265 2254 sententiam,
1277 2229 1358 2256 quatn
1374 2220 1483 2249 Chiloni
1496 2222 1629 2256 Spartano
1645 2221 1731 2250 inter-

104 2267 153 2290 τος
173 2257 221 2284 τοῦ
237 2256 453 2292 Λακεδαιμονίου
475 2257 610 2289 Χείλωνος
631 2257 671 2292 (ἐξ
685 2254 722 2284 ὧν
736 2259 790 2294 γὰρ
803 2260 865 2286 ποθε

971 2264 1051 2299 μεεηιὶ
1068 2265 1191 2298 protulit,
1208 2273 1262 2292 non
1283 2254 1364 2293 modo
1393 2254 1524 2301 apposite
1534 2271 1560 2293 et
1583 2267 1732 2301 prudenter

106 2303 248 2339 ναμάτων,
263 2302 309 2328 τὸν
326 2303 375 2337 τῆς
392 2301 578 2336 παραινέσεώς
593 2310 634 2328 σοι
650 2302 736 2337 κιρνῶ
747 2305 867 2340 κρατῆρα

970 2309 1090 2342 rolatam,
1118 2310 1166 2338 Sed
1189 2311 1272 2339 valde
1296 2312 1466 2339 commodam
1493 2312 1626 2340 arbitrare
1653 2312 1695 2348 (ut
1716 2321 1731 2340 e

106 2351 148 2386 μὴ
162 2350 242 2385 μόνον
257 2349 393 2383 εὐστόχως
408 2349 455 2381 καὶ
478 2348 567 2383 σοφῶς
586 2348 747 2383 εἰρημένην.
766 2349 833 2376 ἀλλὰ
848 2359 865 2376 κ

970 2355 1050 2389 vulis,
1076 2356 1175 2391 quibus
1198 2357 1354 2391 oblcctaris,
1386 2358 1581 2386 admonitionis
1607 2358 1656 2386 tibi
1681 2366 1731 2394 po-

104 2394 409 2432 χρησιμοπάτηννυλίαν
426 2394 530 2429 νόμιζε.
553 2393 631 2420 Ἔστι
651 2394 716 2430 γὰρ,
742 2394 827 2427 ἐστιν,
852 2397 864 2422 ἐ

972 2400 1037 2428 Ilum
1051 2403 1207 2438 propinam)
1233 2404 1312 2431 Certe
1330 2411 1346 2431 e
1366 2412 1396 2432 re
1418 2405 1476 2439 ipsa
1500 2405 1642 2432 manifeste
1670 2393 1733 2433 licet:

106 2441 200 2469 αὐτῶν
215 2441 270 2468 τῶν
288 2440 460 2476 πραγμάτων
486 2439 700 2474 ιδεῖν.ὲναργῶς,
726 2439 764 2472 ὡς
779 2441 794 2467 ὁ
807 2441 867 2476 appr

971 2443 1176 2478 rimadvertere,
1191 2448 1263 2482 quod
1276 2448 1353 2476 ﬁrma
1366 2453 1394 2476 et
1415 2449 1529 2476 immota
1554 2457 1631 2477 mens
1646 2457 1732 2484 saepe-

94 2489 184 2531 .ms
210 2487 258 2514 καὶ
275 2487 454 2518 ἀναλλοίωτος
477 2485 549 2518 νοῦς,
570 2485 677 2520 ἐπαίρει
696 2486 746 2520 μὲν
771 2494 855 2522 συνεχ

971 2498 1059 2518 tmero
1084 2492 1183 2519 attollit
1207 2492 1453 2527 ({quemadmodum
1477 2494 1524 2521 ille
1553 2493 1732 2529 loquebatur)

106 2530 189 2570 (ὅπερ
199 2535 303 2566 ἐκεῖνος
322 2533 434 2569 ἔφησεν)
449 2533 490 2565 εἰς
504 2532 570 2567 ὕψος
585 2533 600 2553 ιι
619 2532 750 2559 ταπεινά·
769 2533 867 2567 κατάγε

971 2535 1056 2562 .tmilia
1075 2535 1103 2563 in
1119 2537 1245 2570 sublime,
1261 2542 1290 2564 et
1302 2537 1431 2572 deprimit
1451 2538 1577 2566 sublimia
1595 2539 1624 2566 in
1640 2538 1732 2566 humi-

104 2580 136 2607 δὲ
153 2581 194 2611 εις
216 2580 408 2615 ταπεινότητα,
431 2579 465 2606 τὰ
485 2578 590 2613 ὑψηλά·
609 2578 659 2605 καὶ
680 2578 761 2605 τοῦτο
776 2579 865 2614 συνεχι

970 2585 1061 2608 tatem.
1086 2581 1143 2610 Hoc
1167 2587 1213 2610 tuo
1228 2584 1318 2612 animo
1332 2584 1456 2612 recolens
1472 2592 1554 2621 saepe,
1570 2585 1634 2613 licet
1643 2585 1672 2612 in
1683 2593 1731 2613 ex-

105 2625 286 2661 διαμελετῶν,
302 2625 355 2652 κᾶν
369 2625 426 2654 ἄνω
435 2625 517 2660 δοκῇς
529 2624 649 2656 ἑστάναι,
663 2624 760 2650 σκόπει
773 2624 808 2650 τὰ
820 2625 866 2651 κάη

970 2626 1019 2654 :lso
1033 2628 1121 2655 elatus
1135 2629 1267 2656 exsistere
1281 2629 1409 2662 videaris,
1435 2638 1495 2666 quae
1505 2631 1633 2658 deorsum
1657 2637 1731 2663 sunt,

106 2673 158 2699 καὶ
172 2671 289 2698 ταπεινά
300 2679 308 2686 ·
325 2671 370 2698 ῐνα
387 2670 428 2706 μὴ
446 2670 553 2706 ἁθρόον,
577 2670 623 2697 καὶ
640 2670 706 2703 παρ’
720 2669 831 2702 ἐλπίδας
846 2679 867 2699 π

972 2676 1070 2706 tuere;
1088 2681 1121 2701 ne
1139 2679 1237 2708 printer
1249 2676 1480 2711 exspectationem
1505 2681 1588 2710 tuam,
1601 2676 1691 2704 subito
1705 2680 1733 2702 et

106 2718 177 2752 σὼν,
194 2719 236 2750 είς
250 2717 412 2754 ἀμηχανίαν
425 2716 492 2748 ὅλως
505 2717 654 2750 καταστῇς,
676 2715 724 2742 καὶ
747 2715 867 2750 ἰλιγγιῶν

974 2717 1092 2745 mfertim
1116 2718 1274 2747 deturbatus
1301 2719 1430 2755 cxcidas,
1463 2725 1490 2749 et
1511 2727 1566 2755 quo
1592 2723 1617 2748 te
1642 2723 1735 2747 vertas

745 2791 863 2824 VARIIE
883 2794 1082 2823 LECTIONES.

170 2879 183 2895 ο
197 2873 324 2909 ἄσπορον.
384 2875 394 2896 ί
415 2883 495 2910 προσ.
552 2875 565 2894 ε
582 2873 710 2910 ἆρῤητος.
766 2874 780 2894 ιι
797 2873 842 2901 τά.
