1928 3097
220 159 272 192 867
805 161 937 193 ΡΗΟΤῙΙ
956 162 1011 192 PA'.

1066 162 1207 193 'ARCH/E
1223 164 1280 194 CP.
1791 162 1837 193 868

219 216 339 247 nescius.
353 215 450 244 similis
466 215 514 243 ﬁas
534 215 700 251 vertiginoso
720 220 748 243 et
767 216 944 248 circumacto,
968 217 1005 243 ita

1066 218 1105 244 ιαὶ
1126 219 1340 254 περιδινουμένῳ
1357 218 1465 251 ἐοικὼς,
1491 218 1598 254 γέλωτα
1623 217 1673 253 μὲν
1694 217 1834 252 κινήσειςε

219 267 251 290 ut
275 263 360 290 risum
386 269 498 289 moveas
513 261 584 297 (quae
608 266 649 289 est
678 261 845 297 deploranda
866 262 1008 290 hominum

1066 265 1072 298 (
1089 260 1111 290 ὦ
1128 264 1211 298 φύσις
1229 265 1380 300 ἀνθρώπων
1395 265 1518 299 τάλαινα)
1534 265 1591 296 τοῖς
1613 272 1643 290 σε
1657 261 1707 290 νῦν
1721 263 1750 290 ὲν
1766 263 1839 290 κολα-

220 309 352 344 conditio)
368 309 400 336 iis
418 309 465 344 qui
482 317 531 344 per
543 309 729 336 adulationem
759 317 832 336 nunc
848 314 874 336 te
899 309 1009 336 beatum

1066 309 1122 346 ιείᾳ
1138 310 1348 345 μακαρίζουσιν,
1360 310 1455 347 ὥσπερ
1468 311 1557 347 λύπην
1569 311 1645 346 ἡμῖν,
1662 310 1720 341 τοῖς
1734 309 1763 335 ὲν
1775 309 1840 345 παρ‹

219 355 367 390 praedicant
389 364 395 382 :
420 355 500 382 nobis
527 359 618 382 autem
644 355 766 383 dolorem
798 363 938 390 procures,
964 355 1011 390 qui

1066 356 1146 392 ρησίᾳ
1164 357 1382 392 συμβουλεύουσι
1397 357 1434 383 τὰ
1451 357 1572 392 χρηστὰ’
1589 355 1677 383 πολλὰ
1689 355 1717 382 δὲ
1734 363 1840 389 καταγι-

218 401 303 428 libere
317 408 392 428 nunc
410 401 512 435 optima
530 401 578 428 tibi
604 401 784 436 suggerimus.
807 400 841 427 Et
871 405 1010 435 utcunque

1066 402 1173 429 νώσκων
1203 403 1298 429 ἑαυτὸν
1314 403 1363 437 τῆς
1389 403 1526 438 προτέρας
1557 402 1612 428 τῶν
1643 400 1841 436 παραινούντων

220 451 304 473 temet
319 451 384 474 tunc
397 447 575 474 vehementer
590 447 710 479 incuses,
725 446 787 481 quia
803 451 947 481 suspectos
961 446 1011 473 ali-

218 492 329 527 quando
341 492 461 520 habebas
471 501 518 520 eos
532 493 578 527 qui
592 493 662 520 bene
684 492 847 524 suadebant,
864 492 932 519 nihil
948 492 1011 519 inde

1062 447 1226 483 ὑπεροψίας,
1242 448 1317 475 οὐδὲν
1329 448 1410 475 πλέον
1427 448 1547 480 ἀνύσεις,
1563 448 1633 483 πλὴν
1643 447 1701 480 τοῦ,
1719 447 1772 473 τῶν
1786 455 1842 473 και·
1869 451 1875 457 '

1062 493 1116 528 ρῶν
1128 493 1217 520 ὀπίσω
1231 494 1459 529 μεταγινώσκειν,
1472 494 1520 521 καὶ
1534 494 1689 529 δυσφορεῖν.

221 539 325 566 referes
340 538 528 571 emolumenti,
544 543 648 566 tantum
677 543 740 574 post
763 538 882 566 oblatam
912 538 1085 566 occasionem
1117 540 1281 576 neglectam,
1309 541 1498 577 paenitentiam
1531 541 1633 569 frustra
1664 548 1739 576 ages,
1769 544 1843 574 atque

219 587 292 614 feres
311 585 463 621 aegerrime.

532 629 640 657 EPIST.
659 630 691 657 L.

251 675 361 703 Nicolao
386 678 528 711 heyumeno
546 677 699 704 monasterii
714 675 805 704 Sancti
821 676 971 711 Nicepltori.

1372 632 1485 659 ΕΠΙΣΤ.
1505 632 1547 660 N’.

1060 677 1196 708 Νικολάῳ
1214 676 1370 712 ἡγουμένῳ
1382 676 1480 712 μονῆς
1492 676 1546 704 τοῦ
1559 677 1645 712 ἁγίου
1661 677 1839 712 Νικηφόρον.

835 729 970 754 Montacut.
982 732 1034 761 (ep,
1046 730 1100 760 159,
1111 737 1137 762 p.
1151 730 1218 761 215).

255 782 366 809 Amicus
390 786 432 809 est
453 789 496 808 res
519 780 694 813 necessaria;
718 780 812 815 quidni
838 780 932 808 enim?
960 780 1008 807 sed
1026 786 1046 813 Β

220 828 305 863 magis
318 827 489 855 necessarius
506 834 598 854 sermo
611 826 691 862 justi.
716 826 845 861 Optaram
868 830 1014 860 utramque

217 881 381 902 concurrere
407 874 435 900 in
462 881 494 900 eo
522 881 573 908 pro
604 880 659 908 quo
684 872 840 906 intercedis,
866 872 1012 900 amicitiam

217 928 316 955 nempe
332 924 360 947 et
381 919 524 955 justitiam.
549 919 588 946 ita
613 919 687 946 enim
703 926 763 946 eum
784 919 883 954 gaudio
910 917 1012 954 gratiﬁ-

217 967 300 994 cabor
329 965 426 993 amico.
444 965 493 992 Sin
518 965 546 993 id
563 965 665 997 minus,
682 972 739 992 non
752 965 808 1000 jam
823 972 873 1000 ego
900 965 1013 999 culpan-

217 1013 278 1044 dus,
289 1012 337 1040 sed
348 1012 370 1039 is
384 1012 430 1046 qui
439 1011 586 1040 amicitiam
600 1011 732 1046 disjunxit
749 1019 764 1038 a
783 1011 899 1046 justitia.
915 1011 1012 1038 Animo

217 1062 292 1084 certe
301 1057 374 1085 haud
386 1057 467 1090 feres,
476 1065 519 1085 me
527 1061 661 1084 amantem
670 1065 731 1084 cum
740 1056 856 1091 iustitia,
866 1057 889 1084 ei
900 1057 945 1091 qui
954 1056 1012 1084 sine

217 1111 250 1130 ea
268 1103 366 1140 diligit,
393 1112 449 1131 non
468 1103 601 1139 praeferri.
618 1102 690 1135 Quin
708 1103 775 1136 scio,
789 1104 860 1138 quod
883 1103 934 1131 hoc
948 1108 1013 1130 ante

218 1151 284 1179 illud
294 1153 386 1179 animo
398 1152 512 1184 recoles,
523 1151 596 1186 quod
606 1151 678 1179 haud
689 1151 736 1178 tibi
745 1151 851 1178 libitum
862 1155 913 1183 est,
922 1155 952 1177 ut
961 1158 1013 1185 ego

219 1198 265 1232 qui
279 1197 343 1224 olint
358 1197 386 1223 in
400 1197 492 1224 futuro
503 1197 606 1232 judicio
616 1204 712 1232 poenas
722 1196 838 1231 pendam
849 1203 899 1231 pro
909 1195 1013 1231 judicio

219 1253 271 1273 nec
286 1252 375 1279 aequo,
389 1252 442 1272 nec
454 1247 541 1277 recto,
557 1248 585 1271 et
599 1244 643 1271 ille
653 1243 754 1278 duplici
767 1251 847 1278 pwna
865 1243 1010 1278 plectatur.

219 1292 353 1319 Nimirum
383 1291 454 1326 quod
482 1291 583 1325 injuste
613 1289 678 1317 fecit
708 1290 843 1325 primum;
878 1289 1009 1321 secundo,

219 1338 292 1372 quod
308 1345 370 1365 eum
385 1337 517 1372 justitiam
530 1336 670 1369 violasset,
691 1340 719 1363 et
734 1335 840 1363 solutus
861 1340 935 1363 esset
957 1335 1011 1362 cri-

219 1384 304 1415 mine,
320 1383 401 1410 aliam
416 1391 474 1410 rem
499 1382 631 1417 injustam
657 1381 835 1417 perpetravit,
852 1381 925 1416 quod
949 1389 1012 1410 cum

220 1437 329 1465 poenam
344 1430 419 1457 luere
431 1429 574 1459 debuerat.
596 1427 634 1455 illi
650 1435 704 1455 non
721 1431 778 1454 erat
793 1427 904 1455 inﬂicta.

526 1474 635 1501 EPIST.
656 1473 700 1500 LI.

273 1523 403 1550 Dorolheo
430 1523 572 1557 hegumeno
590 1521 742 1548 monasterii
761 1519 950 1547 Cedranarum.

1103 781 1264 815 Ἀναγκαῖος
1277 782 1326 817 μὲν
1348 782 1363 808 ὁ
1378 781 1455 816 φίλος
1466 790 1473 797 ’
1489 782 1549 814 πῶς
1563 782 1617 817 γὰρ
1629 783 1678 816 οὕ;
1702 783 1846 818 ἀναγκαιόι

1063 834 1142 861 τερος
1158 827 1214 853 δὲό
1234 826 1282 853 τοῦ
1311 827 1417 854 δικαίου
1440 827 1528 862 λόγος.
1550 828 1674 863 Εὗχομαι
1707 829 1846 865 ἀμφότερα

1064 873 1229 908 συνδραμεῖν
1248 874 1318 908 ὑπὲρ
1329 870 1359 900 οὗ
1376 874 1549 909 πρεσϐεύεις,
1568 875 1616 900 καὶ
1628 875 1677 909 τὴν
1691 875 1846 909 φιλίαν,καὶ

1062 920 1112 954 τὴν
1125 919 1310 956 δικαιοσύνην.
1328 919 1407 947 Οὕτω
1423 921 1477 955 γὰρ
1493 920 1526 947 ἂν
1539 920 1624 956 ἡδέως
1642 921 1712 957 φίλῳ
1727 923 1847 958 χαρισαίά

1065 974 1129 1001 μην.
1147 966 1179 992 Et
1196 966 1219 992 δ’
1244 964 1301 998 οὖν,
1319 967 1419 1002 μηκέτι
1441 967 1527 1002 ἡμᾶς,
1555 967 1623 994 ἀλλὰ
1642 967 1687 995 τὸν
1703 967 1847 1003 διχάσαντα

1062 1011 1112 1046 τὴν
1142 1011 1239 1038 ἑαυτοῦ
1269 1012 1360 1046 φιλίαν
1392 1012 1443 1047 τῆς
1468 1012 1661 1048 δικαιοσύνης,
1691 1014 1845 1041 αἰτιαιτέον.

1064 1058 1175 1089 Πάντως
1192 1057 1256 1093 γὰρ,
1273 1057 1326 1084 οὐδ’
1347 1058 1428 1090 αὐτὸς
1441 1058 1541 1095 ΐάνέξῃ,
1556 1058 1607 1094 ἐμὲ
1629 1059 1759 1093 φιλοῦντα
1781 1060 1848 1094 μετά

1061 1103 1113 1138 τῆς
1138 1103 1325 1138 δικαιοσύνης,
1351 1104 1398 1130 τοῦ
1423 1105 1507 1139 χωρὶς
1528 1105 1631 1140 ταύτης
1652 1105 1847 1141 ἀγαπηθέντος,

1066 1148 1104 1184 μὴ
1120 1149 1327 1184 προκρίνεσθαι.
1360 1150 1465 1176 Ἐκεῖνο
1479 1150 1507 1176 δέ
1532 1159 1588 1185 μοι,
1610 1151 1656 1177 καὶ
1678 1151 1731 1185 πρὸ
1745 1151 1847 1184 τούτου,

1063 1194 1093 1222 εὖ
1110 1193 1158 1223 οἷδ’
1173 1197 1223 1229 ὅτι,
1239 1197 1391 1231 σκοπήσαις
1403 1205 1410 1212 ·
1423 1197 1460 1229 ὡς
1475 1197 1525 1224 οὐκ
1548 1198 1580 1224 ἂν
1604 1198 1731 1233 θελήσαις
1751 1199 1802 1233 ὲμέ
1823 1208 1850 1225 τι

1063 1242 1141 1277 δίκην
1165 1242 1283 1277 ὀφείλειν
1305 1244 1421 1275 ἐκεῖθεν,
1445 1243 1496 1278 τῆς
1517 1244 1568 1270 οὐκ
1583 1243 1678 1279 ὀρθῆς,
1704 1244 1764 1271 οὐδὲ
1791 1243 1851 1278 ἴσης

1063 1289 1193 1324 κρίσεως,
1209 1289 1313 1317 ἐκεῖνόν
1329 1298 1358 1316 τε
1383 1289 1480 1322 διπλᾶς
1504 1289 1616 1325 ὑπέχειν
1638 1291 1742 1322 ποινὰς,
1760 1291 1807 1318 τοῦ
1822 1300 1852 1318 τε

1063 1333 1174 1369 πρώτου
1189 1334 1359 1370 ἀδικήματος
1369 1342 1377 1350 ·
1397 1334 1445 1360 καὶ
1465 1333 1523 1367 τοῦ,
1549 1334 1591 1369 ἐφ’
1604 1331 1626 1369 ᾧ
1638 1335 1686 1370 τὴν
1700 1335 1779 1370 δίκην
1793 1336 1853 1362 δια-

1063 1379 1188 1414 φθείρας,
1213 1379 1260 1406 καὶ
1287 1378 1389 1414 φυγὼν,
1408 1378 1533 1414 δεύτερον
1555 1379 1687 1414 ἀδίκημα,
1712 1379 1750 1415 τῷ
1775 1379 1855 1415 δίκην

1064 1426 1212 1460 ὀφείλοντι,
1231 1426 1306 1461 παρὰ
1317 1425 1365 1452 τοῦ
1382 1426 1486 1458 λαϐεῖν,
1502 1427 1628 1461 ἤνεγκεν,

1373 1473 1488 1500 ΕΠΙΣΤ.
1506 1473 1570 1500 NA'.
1760 1473 1771 1490 '

1154 1519 1291 1554 Δωροθέῳ
1306 1520 1462 1555 ἡγουμένῳ
1479 1520 1576 1555 μονῆς
1589 1519 1766 1555 Κεὸρώνωνι

836 1578 971 1603 Montacut.
989 1578 1042 1608 (ep.
1053 1577 1108 1608 220,
1119 1585 1145 1609 p.
1158 1578 1225 1610 5H).

255 1631 296 1657 Tu
312 1630 421 1665 quidem
439 1629 544 1665 plangis
557 1635 585 1657 et
596 1629 765 1664 lacrymaris,
781 1637 815 1657 eo
840 1629 912 1664 quod
926 1637 940 1655 a
957 1636 1004 1656 no~

222 1682 280 1704 stro
293 1677 358 1703 olim
371 1676 399 1703 in
413 1676 523 1703 Christo
531 1683 624 1703 amore
631 1675 810 1710 separabare;
832 1679 906 1702 recte
921 1674 988 1702 facis
1001 1683 1009 1701 :

221 1730 278 1748 non
300 1721 373 1748 ertim
408 1726 450 1749 est
478 1722 568 1748 minus
605 1729 667 1748 cum
697 1721 797 1748 virtute
823 1721 1012 1756 conjunctum,

220 1768 321 1795 amoris
334 1768 466 1802 iacturam
480 1767 594 1801 deﬂere;
609 1772 636 1795 et
652 1775 707 1795 non
728 1767 810 1795 modo
829 1767 899 1794 velle
915 1775 1012 1794 emen-

220 1815 296 1847 dare,
312 1822 406 1842 verum
429 1814 528 1842 acerbe
550 1814 634 1846 ferre,
652 1814 725 1849 quod
749 1814 896 1849 aliquando
919 1814 1014 1848 lapsus

220 1862 344 1890 invaluit.
355 1861 471 1888 Tantum
486 1859 571 1888 abest
590 1865 620 1888 ut
630 1868 680 1896 ego
691 1861 882 1888 alienationem
893 1860 1012 1894 priorem

220 1907 385 1942 vituperem,
400 1911 512 1942 propter
534 1906 676 1941 praesentis
698 1906 850 1934 concordiae
870 1905 1015 1933 sincerita-

222 1958 288 1985 tem,
311 1957 358 1980 aut
379 1956 410 1979 ut
438 1952 515 1980 tarde
537 1952 644 1979 veniant
671 1952 830 1983 concedam,
858 1955 887 1978 ut
914 1951 1015 1986 gratias

225 1999 325 2026 divina:
340 1997 521 2025 Providentia:
542 1998 633 2025 omnia
654 1996 863 2024 administrandi
888 1996 1014 2024 ferendas

223 2044 273 2071 tibi
289 2051 419 2071 asseram.
430 2042 481 2075 Qui
492 2043 565 2070 enim
576 2048 633 2071 tum
642 2043 842 2078 proﬁtebantur
853 2041 1013 2074 amicitiam,

222 2091 289 2118 satis
314 2089 500 2117 numerabiles
530 2097 690 2125 generosam
717 2096 783 2116 sane
817 2091 936 2115 mentem
967 2091 1010 2114 tc-

1104 1627 1140 1653 Σὺ
1160 1627 1210 1662 μὲν
1226 1627 1346 1663 ὀλοφύρῃ
1371 1628 1419 1655 καὶ
1445 1627 1554 1663 θρηνεῖς
1567 1627 1610 1663 ἐφ’
1637 1625 1678 1660 οἷς
1703 1628 1788 1656 πάλαι
1809 1628 1858 1664 τῆς

1065 1672 1144 1708 ἡμῶν
1159 1673 1188 1699 ὲν
1200 1672 1296 1708 Κυρίῳ
1306 1673 1417 1707 ἀγάπης
1432 1672 1569 1699 διίστασο·
1582 1673 1630 1700 καὶ
1644 1673 1734 1705 καλῶς
1751 1674 1839 1705 ποιεῖς
1849 1681 1857 1688 ο

1065 1721 1127 1748 οὐδὲ
1140 1719 1218 1746 τοῦτο
1234 1719 1288 1755 γὰρ
1301 1719 1411 1746 ἔλαττον
1421 1719 1476 1746 τῶν
1491 1719 1578 1746 ἄλλων
1594 1720 1634 1751 εἰς
1654 1720 1754 1755 ἀρετῆς
1769 1719 1859 1753 λόγων

1066 1767 1179 1802 ἀγάπης
1206 1766 1309 1802 ζημίαν
1325 1765 1480 1801 ὀδύρεσθαι,
1506 1766 1555 1792 καὶ
1586 1765 1623 1801 μὴ
1648 1766 1727 1801 μόνον
1753 1766 1859 1793 ἐθέλειν

1066 1812 1226 1848 ὀρθοῦσθαι,
1242 1812 1311 1839 ἀλλά
1327 1814 1373 1839 καὶ
1386 1812 1493 1848 πικρῶς
1504 1813 1607 1847 ἀλγεῖν,
1624 1813 1664 1839 ὅτι
1677 1812 1727 1848 τὴν
1740 1813 1829 1849 ἀρχὴν
1841 1814 1858 1848 ἡ

1065 1859 1170 1891 πτῶσις
1194 1859 1358 1894 ἐκράτησεν.
1387 1859 1458 1893 Ἐγὼ
1480 1859 1508 1886 δὲ
1535 1860 1663 1886 τοσοῦτον
1689 1861 1785 1895 ἀπέχω
1809 1861 1859 1888 τοῦ

1065 1904 1224 1939 μέμψασθαί
1233 1913 1258 1931 τι
1271 1905 1323 1939 τῆς
1335 1905 1399 1940 πρὶν
1410 1905 1555 1940 διχονοίας,
1568 1905 1612 1932 διὰ
1620 1906 1669 1942 τὴν
1681 1906 1860 1942 καθαρότητα

1062 1952 1112 1986 τῆς
1129 1951 1177 1978 νῦν
1188 1951 1326 1985 ὁμονοίας,
1356 1952 1372 1987 ἦ
1389 1951 1458 1988 πρὸς
1474 1952 1640 1988 συγγνώμην
1657 1953 1758 1988 βραδὺς
1772 1951 1860 1986 εἶναι,

1063 1997 1134 2023 ὥστε
1146 1997 1194 2024 καὶ
1203 1998 1320 2032 χάριτας
1329 1999 1361 2033 τῇ
1375 1999 1466 2024 πάντα
1481 1998 1571 2033 σοφῶς
1581 1999 1752 2035 περιαγούσῃ
1770 2008 1861 2034 προσ-

1063 2043 1188 2078 ομολογῶ
1205 2045 1332 2079 προνοίᾳ,
1355 2044 1403 2071 καί
1423 2045 1452 2071 σέ
1479 2053 1550 2080 φημι
1570 2045 1636 2072 δεῖν.
1654 2045 1715 2071 Τῶν
1727 2046 1783 2080 γὰρ
1795 2046 1862 2072 τότε

1065 2090 1151 2124 φίλων
1173 2090 1352 2125 εὐαρίθμητοι
1387 2091 1436 2125 μὲν
1457 2090 1621 2117 διεσώσαντο
1637 2090 1668 2118 τὸ
1689 2091 1740 2127 τῆς
1764 2091 1863 2128 ψυχῆς

219 2144 305 2165 nuere
323 2146 330 2164 :
351 2140 463 2164 caeteros
478 2135 521 2162 vel
540 2135 725 2163 adulationem
747 2134 888 2161 simulasse
904 2138 1011 2167 tempus

1066 2137 1173 2170 εὐγενές
1187 2144 1193 2150 '
1209 2136 1263 2162 τῶν
1279 2136 1307 2162 δὲ
1331 2136 1443 2169 λοιπῶν,
1463 2138 1527 2169 τοὺς
1546 2136 1596 2172 μὲν
1609 2138 1623 2163 ὁ
1639 2138 1864 2173 ὲπικρεμασθεὶς

221 2183 340 2210 convicit
366 2191 373 2210 :
400 2178 544 2216 Quosdam,
574 2181 647 2216 quod
679 2180 743 2207 dum
772 2179 920 2214 experirer,
953 2185 1010 2205 non

220 2227 388 2259 metuebam,
416 2225 530 2253 audacia
554 2225 705 2252 exarmavit
727 2224 754 2251 in
775 2223 957 2256 contrarium;
983 2229 1011 2251 et

221 2278 313 2300 tamen
335 2272 436 2298 factum
462 2275 514 2304 est,
529 2275 560 2297 ut
578 2271 624 2304 qui
645 2278 706 2298 cum
733 2269 786 2296 illis
808 2273 901 2299 staret,
919 2269 954 2296 ab
978 2268 1010 2295 il-

219 2321 307 2348 lorum
335 2319 492 2353 suspicione
520 2325 576 2344 non
601 2321 674 2344 esset
701 2323 801 2351 purus;
837 2322 931 2342 verum
961 2322 1010 2349 per

220 2365 375 2394 istiusmodi
401 2369 523 2398 tempora
552 2362 688 2390 sinceram
714 2361 864 2388 amicitiam
895 2360 1009 2388 viriliter

220 2418 416 2442 conservasse,
453 2413 482 2437 et
511 2399 697 2444 dispositionis
727 2407 836 2435 laudem
873 2406 1008 2442 egregiam

220 2457 313 2488 habet,
329 2461 357 2483 et
371 2455 526 2483 luturorum
546 2454 607 2481 sine
625 2453 709 2480 dubio
733 2453 842 2488 pignus,
856 2457 883 2479 et
896 2456 1009 2487 praeter-

218 2504 317 2531 itorum
338 2502 478 2537 apologia,
501 2508 563 2536 quae
582 2500 685 2528 nullam
705 2499 785 2526 aliam
810 2498 931 2533 requirat
947 2498 1008 2525 exi-

217 2550 347 2585 gentiam,
360 2548 407 2576 sed
421 2555 483 2575 cum
510 2547 584 2574 onmi
602 2547 692 2578 venia,
716 2546 749 2573 de
771 2544 870 2572 inertia
892 2544 919 2571 in
936 2544 1008 2578 judi-

217 2597 290 2623 cium
317 2595 339 2622 si
363 2598 485 2626 vocetur,
506 2593 583 2628 sapud
607 2591 727 2620 tribunal
746 2590 829 2618 nullis
849 2590 1008 2618 muneribus

216 2639 446 2675 corrumpendum
459 2643 534 2666 recte
549 2642 578 2666 et
594 2639 703 2674 egregie
724 2637 826 2665 factum
842 2637 870 2664 in
880 2638 1007 2672 praesenti

216 2687 306 2722 ipsum
327 2693 378 2721 per
403 2692 435 2714 se
463 2685 598 2713 honorem
626 2689 654 2712 et
677 2685 882 2713 venerationem
912 2692 1008 2712 conse-

216 2738 325 2767 quctur.

1064 2181 1145 2216 ιρόῦος
1162 2181 1255 2215 ἀφεῖλε
1277 2181 1326 2217 τὴν
1350 2183 1465 2218 ἀρετήν·
1485 2183 1551 2215 τοὺς
1565 2183 1593 2209 δὲ
1612 2183 1758 2216 κολακείας
1776 2185 1864 2217 ὄντας

1064 2227 1213 2262 πρόσωπον
1230 2227 1344 2263 ἤλεγξεν
1355 2229 1370 2254 ὁ
1393 2229 1502 2264 καιρός·
1518 2229 1581 2261 τοὺς
1592 2229 1630 2260 δὲ,
1653 2227 1685 2263 ὧ,
1708 2231 1794 2266 μέχρι
1811 2232 1863 2258 τοῦ

1065 2273 1193 2306 γενέσθαι
1220 2273 1282 2309 μηδ’
1311 2274 1478 2310 ὲλπιζομένη
1503 2276 1590 2310 τόλμα
1623 2278 1670 2303 καὶ
1689 2278 1865 2311 ἀπεναντέας

1065 2319 1229 2354 ἱσταμένους
1241 2328 1247 2335 ·
1262 2321 1311 2346 καὶ
1327 2320 1495 2353 συνέϐαινεν,
1519 2323 1543 2347 εί
1565 2323 1612 2349 καὶ
1635 2324 1790 2356 συνέόαινε,
1810 2326 1865 2360 τὴν

1064 2364 1125 2398 μετ’
1141 2364 1256 2390 ἐκείνων
1268 2364 1358 2399 ἔχοντι
1384 2364 1472 2396 τάξιν,
1490 2366 1557 2401 μηδὲ
1572 2366 1621 2401 τῆς
1636 2367 1750 2393 ἐκείνων
1765 2368 1866 2394 καθα-

1063 2408 1154 2444 ρεύειν
1175 2409 1308 2444 ὑποψίαςο
1332 2409 1363 2435 τὸ
1380 2409 1408 2435 δὲ
1424 2411 1453 2435 ἐν
1480 2410 1569 2445 καιρῷ
1586 2411 1700 2446 τοιούτῳ
1728 2414 1867 2448 καθαρὰν

1062 2453 1140 2480 οὔπω
1153 2455 1200 2480 καὶ
1214 2453 1339 2488 ἀνδρείαν
1356 2453 1544 2486 ἐπιδείξασθαι
1558 2456 1609 2490 τὴν
1622 2455 1724 2490 φιλίαν,
1741 2458 1794 2483 καὶ
1811 2458 1869 2491 τῆς

1062 2499 1205 2534 παρούσης
1220 2500 1278 2525 ἐστὶ
1304 2499 1453 2531 διαθέσεως
1467 2499 1606 2535 ἐγκώμιον
1631 2500 1719 2536 μέγαο
1736 2501 1788 2528 καὶ
1805 2501 1869 2528 τῶν

1064 2545 1217 2581 μελλόντων
1237 2546 1287 2572 οὐκ
1308 2546 1408 2581 ἔχουσα
1432 2546 1580 2582 δισταγμὸν
1598 2547 1701 2582 ὲγγύτγ
1727 2549 1779 2574 καὶ
1807 2549 1869 2574 τῶν

1062 2591 1292 2627 παρεληλυθότων
1308 2592 1452 2626 ἀπολογία,
1478 2593 1613 2628 μηδεμιᾶς
1635 2593 1685 2628 μὲν
1699 2594 1788 2629 ἄλλης
1804 2595 1869 2621 δεο-

1065 2639 1132 2674 μένη
1147 2639 1346 2674 περιστάσεως,
1362 2638 1430 2665 ἀλλά
1450 2639 1498 2665 καὶ
1519 2639 1670 2675 συγγνώμῃ
1690 2641 1767 2676 πάσῃ
1782 2641 1869 2668 δικά-

1062 2687 1156 2718 ζουσα,
1172 2684 1221 2721 τὴν
1251 2685 1369 2719 ἀργίαν,
1393 2684 1423 2716 ἐξ
1441 2685 1649 2719 ἀδωροφορήτου
1665 2686 1712 2713 τοῦ
1730 2687 1870 2722 βήματος

1061 2732 1109 2759 τοῦ
1131 2732 1266 2768 παρόντος
1288 2730 1503 2766 κατορθώματος
1518 2732 1587 2768 αὐτῇ
1611 2733 1672 2759 καθ’
1686 2733 1795 2770 ἑαυτὴν
1835 2735 1871 2761 τὺ

1062 2778 1207 2814 αἰδέσιμον
1223 2787 1252 2805 τε
1269 2779 1315 2806 καὶ
1326 2778 1483 2812 ἀξιόπιστον
1494 2779 1667 2815 χρηματίζει.

873 2837 989 2866 VARI/ﬁ
1006 2837 1210 2868 LECTIONES.

272 2886 404 2919 εκινηοις
455 2886 460 2909 i
486 2886 549 2921 μὲν,
