1928 3097
93 147 147 186 869

369 199 482 226 ΕΠΙΣΤ.
505 199 568 225 ΝΒ¹.

411 246 453 277 Τῷ
467 244 556 277 αὐτῷ.

665 145 935 175 EPISTOLARUM
952 145 1067 176 LIBER
1088 146 1130 176 II.

1665 148 1717 184 370

1228 199 1340 226 EPIST.
1363 199 1418 226 ΠΙ.

1271 246 1361 273 Eidem
1366 267 1372 273 .

701 275 835 321 Montaeut.
852 296 902 327 (ep.
917 296 972 326 250,
983 303 1007 327 p.
1021 296 1087 327 345).

124 348 161 374 Τὸ
182 349 232 384 μὲν
245 347 330 382 δῶρον
356 345 471 380 γνησίας
494 346 604 380 ἀγάπης
617 353 624 359 ·
643 344 674 371 τὸ
693 344 721 370 δὲ
736 346 765 370 ἐν
789 343 878 379 καιρῷ

92 393 203 428 τοιούτῳ
216 393 351 428 διαπύρου
365 392 449 418 πόθου
459 399 465 404 ·
482 391 513 418 τὸ
529 391 558 417 δὲ
570 390 620 418 καὶ
633 389 801 425 τηλικούτων
817 391 880 416 επι-

93 438 273 474 κρεμαμένων
298 437 431 464 κινδύνων
451 434 622 472 μαρτυρικοῦ
645 435 727 470 ζήλου
741 443 748 450 ·
769 434 828 461 ἀνθ’
841 432 879 460 ὧν

92 484 208 520 Χριστὸς
222 485 236 510 ὁ
252 483 320 515 Θεὸς
336 483 426 518 ἡμῶν,
444 482 492 509 καὶ
508 481 588 517 ἡμῶν
607 481 756 515 σιγώντων,
775 481 816 513 είς
833 481 879 507 τὸν

92 531 173 558 αὑτοῦ
190 539 220 557 σε
235 531 284 566 τῆς
300 530 438 565 βασιλείας
455 529 677 564 ἐναπογράφεται
703 527 813 562 κλῆρον.
827 526 878 561 Ern

92 576 112 602 δ’
123 577 189 611 ἡμῖν
201 576 248 603 καὶ
263 577 279 611 ἡ
296 575 330 610 σὴ
345 574 482 610 παρουσία
499 574 569 610 μετὰ
583 574 713 609 λαμπρᾶς
734 573 780 600 καὶ
794 572 879 607 μεγά-

92 622 139 656 λης
153 622 203 657 τῆς
218 622 368 656 σωτηρίας,
380 621 428 647 καὶ
448 620 503 647 τῶν
521 619 602 655 ιερῶν
615 619 741 652 ἐλπίδων,
757 615 828 653 αἷςὴ
844 617 878 652 σὴ

93 667 220 702 πανιερὸς
237 666 310 701 ψυχὴ
327 666 505 702 προσανέχει·
533 665 615 700 μηδὲν
630 665 671 696 είς
687 663 823 694 ἀναϐολὰς
841 662 883 688 ἔτι

92 712 231 748 ὡρημένον
251 712 263 731 ιι
279 712 337 739 ἀλλ’
363 712 406 738 ἐπ’
425 711 515 743 αὐτοῖς
530 710 622 747 ἔργοις
635 710 665 737 τὸ
684 709 794 746 βέϐαιον
808 709 880 744 λαμ-

94 758 169 793 πρῶς
180 758 383 793 καθορώμενον.

968 345 1066 373 Munus
1090 345 1124 372 ab
1147 352 1240 372 amore
1256 350 1298 373 est
1318 354 1450 381 genuino;
1473 351 1502 375 at
1527 347 1580 375 hoc
1597 352 1719 383 tempore

932 391 1044 418 missum
1062 391 1168 418 ardenti
1181 392 1317 419 desiderio
1332 401 1340 419 :
1355 392 1403 420 sed
1427 394 1509 421 tantis
1525 394 1652 428 periculis
1668 394 1719 421 im-

932 437 1116 471 pendentibus
1140 438 1262 473 martyrii
1286 438 1354 465 zelo.
1387 438 1439 465 Pro
1454 447 1509 473 quo
1532 439 1604 467 Deus
1626 445 1720 467 noster

934 482 1071 515 Christus,
1087 483 1167 511 nobis
1182 484 1346 516 tacentibus,
1371 484 1398 511 in
1422 484 1498 520 regni
1521 485 1562 511 sui
1576 490 1677 512 sortem
1693 491 1720 513 te

933 529 1100 556 transmittat
1117 538 1124 556 :
1145 533 1191 557 tua
1211 535 1301 557 autem
1316 531 1460 565 praesentia
1482 531 1571 559 futura
1587 537 1629 559 est
1651 532 1718 560 mihi

931 581 992 600 cum
1017 574 1117 601 illustri
1143 579 1169 602 et
1193 575 1307 602 notabili
1331 576 1428 609 salute,
1453 582 1480 604 et
1503 585 1551 612 spe
1571 585 1658 610 sacra,
1675 578 1718 605 cui

928 618 1018 645 anima
1046 623 1092 646 tua
1113 624 1206 647 sancta
1228 620 1355 655 aﬂigitur,
1380 629 1434 648 non
1457 629 1506 657 per
1534 623 1719 658 procrastina-

931 665 1032 692 tionem
1046 665 1157 701 rcjecta,
1172 666 1220 694 sed
1235 666 1325 702 reipsa
1347 668 1494 703 conspicue
1513 667 1630 696 ﬁrmata.

534 919 652 944 SERIES
670 919 806 945 TERTIA.
817 931 849 938 —
863 919 908 944 AD
923 917 1091 943 DlVEﬂ-SOS
1111 916 1278 942 CLERICOS.

384 989 496 1017 ΕΠΙΣΤ.
518 991 581 1017 ΝΓ¹.

230 1036 365 1071 Petam-lo)
376 1035 504 1068 διακόνῳ
517 1036 565 1064 καὶ
577 1037 737 1071 ξενοδόχῳ.

1248 987 1357 1015 EPIST.
1374 985 1440 1013 Llll.

1088 1035 1198 1070 Georgia
1212 1034 1324 1061 diacono
1341 1037 1364 1060 et
1381 1031 1563 1067 hospitalm'io.

704 1102 836 1128 Montaeut.
855 1103 905 1134 (ep.
924 1103 962 1133 45,
982 1109 1005 1134 p.
1025 1101 1089 1133 100).

134 1163 163 1189 '0
178 1161 232 1188 τῶν
246 1162 411 1198 ἀπορρήτων
425 1162 546 1197 ἐπόπτης
558 1162 605 1188 καὶ
619 1162 807 1197 μυσταγωγὸς,
829 1162 878 1198 τὴν

94 1209 177 1245 μέθην
188 1208 283 1244 πόρρω
294 1207 362 1234 Θεοῦ
378 1207 517 1243 βασιλείας
529 1209 671 1236 ἐθεάσατο.
687 1209 718 1235 Εἰ
733 1207 779 1236 οὖν
795 1209 877 1244 μέθυ-

94 1265 135 1283 σοι
150 1255 289 1290 βασιλείαν
317 1254 385 1280 Θεοῦ
414 1254 444 1280 οὐ
470 1254 713 1290 κληρονομήσουσι,
730 1255 756 1281 τί
781 1264 821 1282 σοι
848 1255 878 1282 τὺ

91 1301 196 1335 ὄφελος,
209 1301 250 1327 ὅτι
263 1300 317 1326 τῶν
332 1299 419 1327 ἄλλων
434 1300 575 1335 ἁμαρτιῶν
590 1300 681 1332 δοῦλος
691 1320 699 1333 ,
717 1301 753 1332 ὡς
776 1301 876 1335 λέγεις,

90 1347 121 1372 ού
132 1346 262 1380 γέγονας;
280 1345 334 1371 Καί
350 1353 391 1372 τοι
413 1345 468 1371 τῶν
480 1345 618 1371 ἀδυνάτων
631 1345 689 1370 ἐστὶ
703 1345 804 1379 τυφλοῦ
820 1354 877 1372 κει-

93 1393 174 1427 μένου
187 1393 220 1427 τῇ
239 1391 307 1426 μέθῃ
319 1390 366 1417 τοῦ
380 1390 592 1426 καθοδηγοῦντος
605 1391 735 1426 λογισμοῦ
747 1392 794 1418 καὶ
806 1391 877 1427 ἀμύ-

91 1446 190 1470 νοντος,
210 1437 247 1471 μὴ
262 1437 344 1463 παντὶ
369 1437 549 1472 προσπταίειν
578 1436 643 1471 λίθῳ
663 1437 709 1464 τὸν
722 1438 874 1473 ἄνθρωποί,

92 1484 136 1510 καὶ
150 1483 188 1518 μὴ
203 1482 301 1514 παντὸς
317 1482 420 1514 πάθους
435 1483 595 1517 προκεῖσθαι
610 1483 784 1518 ἀνδράποδον.

388 1538 500 1565 ΕΠΙΣΤ.
516 1539 578 1565 NA'.

407 1583 449 1616 Τῷ
462 1584 556 1619 αὐτῷ.

970 1160 1071 1188 Rerum
1121 1163 1287 1186 secretarum
1321 1157 1458 1191 inspector
1498 1160 1526 1183 et
1554 1155 1717 1190 propalator,

930 1205 1091 1232 ebrietatem
1105 1211 1119 1230 a
1145 1211 1229 1239 regno
1253 1202 1301 1229 Dei
1324 1202 1461 1229 submovit
1482 1202 1572 1236 longe.
1599 1201 1676 1234 Quod
1695 1208 1718 1228 st

929 1251 998 1278 ebrii
1012 1250 1059 1277 Dei
1073 1257 1183 1284 regnum
1201 1256 1254 1276 non
1278 1247 1486 1279 haereditabunt,
1500 1247 1565 1281 quid
1589 1246 1638 1274 tibi
1655 1254 1720 1281 pro-

930 1297 1001 1328 dest,
1022 1295 1045 1322 si
1059 1294 1150 1329 (quod
1170 1293 1270 1328 aiiers)
1287 1293 1401 1320 aliorum
1427 1297 1601 1327 peccatorum
1622 1299 1718 1319 servus

928 1350 984 1370 non
1001 1340 1136 1369 exsistas?
1147 1340 1197 1367 Est
1215 1339 1287 1366 enim
1301 1339 1481 1374 impossibile,
1493 1346 1555 1366 cum
1571 1337 1640 1365 ratio
1656 1338 1718 1372 (vite

928 1391 984 1419 dux
1001 1398 1062 1425 quae
1085 1397 1146 1417 esse
1168 1388 1262 1421 debuit
1276 1392 1304 1415 et
1318 1387 1441 1422 ginjurias
1455 1386 1630 1422 propulsare)
1646 1393 1718 1413 eatea

929 1436 1066 1464 exstiterit
1083 1442 1132 1470 per
1153 1434 1324 1466 ebrietatem,
1340 1441 1395 1460 non
1411 1433 1445 1460 ad
1466 1439 1575 1460 omnem
1600 1431 1716 1467 lapidem

929 1482 1078 1513 oﬁendere,
1091 1488 1147 1508 non
1166 1479 1313 1515 cujuslibet
1324 1487 1433 1506 servum
1448 1487 1477 1506 se
1493 1479 1633 1514 exhibere,

1227 1536 1340 1565 EPIST.
1360 1537 1426 1565 LIV.

1282 1583 1387 1611 Eidem.

511 1641 576 1669 Haec
586 1643 696 1678 epistola
715 1652 783 1671 nunc
792 1645 907 1680 quwstio
923 1643 990 1671 CCII
1007 1643 1128 1670 editionis
1142 1647 1247 1669 noslrw.

374 1699 488 1727 ΕΠΙΣΤ.
506 1701 570 1727 ΝΕ¹.

178 1745 321 1777 Θεοφάνει
333 1744 462 1777 διακόνῳ
481 1745 530 1772 καὶ
551 1747 784 1780 πρωτονοταρίῳ.

1239 1698 1349 1726 EPIST.
1366 1698 1419 1726 LV.

1070 1745 1217 1780 Theophani
1232 1745 1342 1771 diacono
1363 1751 1386 1771 et
1400 1745 1588 1778 prolonotario.

701 1799 834 1824 Montaeut.
855 1800 906 1832 (ep.
922 1800 962 1831 85,
979 1807 1004 1831 p.
1022 1799 1089 1828 129).

126 1842 231 1876 ’Δλγεῖς
245 1843 285 1870 ὅτι
302 1843 408 1872 ἀκούων
429 1844 439 1863 1
455 1846 495 1876 εἰς
514 1846 588 1881 ἡμᾶς
605 1847 730 1882 ἥμαρτες
741 1855 749 1864 ·
772 1848 873 1882 μᾶλλον

87 1889 116 1915 δὲ
129 1889 169 1915 ὃτι
179 1889 394 1925 τυραννούμενος
404 1891 451 1917 καὶ
463 1891 580 1927 πληγαῖς
590 1893 631 1924 εις
644 1894 741 1928 πεῖραν
760 1894 873 1929 προκεί-

89 1943 181 1969 μενος,
195 1934 276 1970 μέχρι
292 1934 417 1971 γλώσσης
433 1936 513 1972 μόνον
529 1937 578 1973 τὴν
604 1939 681 1973 ἰσχὺν
708 1939 798 1966 αὐτῶν
824 1940 874 1974 τῆς

88 1980 150 2014 βίας
165 1980 315 2013 ἐπέδειξας,
331 1981 468 2008 ἀνάλωτον
479 1983 539 2014 ταῖς
556 1983 683 2018 βασάνοις
701 1985 874 2021 συντηρήσας

86 2026 137 2061 τὴν
153 2026 280 2055 διάνοιαν.
293 2028 348 2054 Καὶ
358 2027 387 2054 τί
399 2028 432 2055 ἂν
444 2028 508 2056 ἄλλο
523 2031 626 2066 ταύτης
641 2031 745 2065 γένοιτο
756 2031 806 2067 τῆς
818 2041 872 2059 πα-

87 2071 222 2107 ραψυχίας
236 2073 418 2108 παραμύθιον,
447 2075 489 2102 ὅτι
502 2075 622 2112 τοσούτῳ
641 2076 736 2113 πλήθει
750 2078 873 2114 φοϐερῶν

87 2117 215 2152 βασάνων
228 2119 277 2153 τὴν
293 2119 340 2146 τοῦ
358 2120 510 2153 συνειδότος
537 2122 628 2157 κρίσιν
653 2123 704 2150 οὐκ
727 2123 873 2158 ὲθὸλωσας,

85 2163 148 2190 οὐδὲ
160 2164 208 2198 τῆς
224 2164 323 2196 κακίας
336 2165 391 2191 τῶν
402 2165 570 2201 βιαζομένων
581 2168 696 2204 ὄργανον
707 2169 813 2203 ἐγένου,
828 2170 875 2197 καί

85 2218 128 2236 τοι
144 2210 296 2237 πολυειδέσι
317 2211 363 2237 καὶ
380 2212 562 2247 πολυτρόποις
579 2214 693 2248 αίκίαις,
707 2215 764 2242 ἀλλ’
785 2216 814 2242 οὐ
827 2216 875 2243 δα-

85 2254 205 2288 κτύλοις,
221 2257 397 2290 κρουόμενος.
414 2256 476 2289 Πῶς
491 2257 519 2284 δὲ
538 2259 620 2294 ἡμεῖς
639 2260 690 2287 οὐκ
703 2260 737 2288 ἂν
753 2262 876 2296 συγγνώ-

963 1848 1041 1875 Dolet
1054 1847 1105 1874 tibi
1118 1846 1192 1882 quod
1207 1846 1309 1873 Invitus
1333 1845 1361 1872 in
1384 1852 1428 1872 me
1448 1845 1602 1880 deliquisti;
1624 1846 1715 1880 potius

927 1895 999 1930 quod
1024 1894 1163 1929 tyrannice
1186 1892 1356 1927 compulsus,
1385 1895 1412 1918 et
1438 1891 1524 1927 plagis
1548 1891 1658 1919 inﬂictis
1681 1893 1716 1920 ad

929 1940 1105 1968 tentationem
1129 1937 1262 1970 subditus,
1285 1937 1374 1972 lingua
1389 1941 1468 1964 tenus
1492 1941 1606 1970 tantum,
1635 1945 1716 1973 quam

927 1987 982 2015 vim
1003 1986 1129 2014 habuerit
1147 1993 1242 2013 eorum
1261 1984 1399 2017 violentia,
1420 1984 1556 2017 docuisti;
1573 1987 1715 2014 tormentis

928 2033 1038 2061 interim
1053 2032 1166 2059 animun
1180 2039 1235 2058 non
1253 2031 1477 2058 succumbenlem
1497 2031 1665 2060 custodiens.
1681 2033 1716 2060 Et

928 2078 1066 2113 quodnam
1089 2077 1161 2103 aliud
1185 2075 1311 2103 solatium
1342 2075 1436 2102 haberi
1469 2079 1576 2109 poterat
1600 2075 1715 2110 hujusce

922 2123 1066 2159 praesentis
1091 2122 1186 2154 animi,
1212 2122 1285 2157 quod
1305 2128 1340 2148 ne
1356 2128 1406 2155 per
1430 2115 1533 2148 tantam
1550 2121 1714 2149 terribilium

923 2175 1060 2197 terrorum
1087 2167 1289 2195 multitudinem
1323 2166 1496 2194 conscientiae
1515 2170 1567 2193 tum
1580 2166 1714 2200 judicium

923 2213 1080 2245 fmdaveris,
1099 2219 1151 2239 nec
1175 2211 1381 2247 improbitatum
1401 2209 1456 2237 vim
1477 2210 1653 2237 inscrentium
1670 2211 1714 2237 in-

924 2263 1107 2287 strumentum
1134 2261 1160 2284 te
1193 2256 1356 2292 praestitisti,
1395 2260 1534 2291 utcunque
1569 2257 1714 2285 tormentis

85 2301 206 2348 pug-atat
217 2301 245 2327 ετ
256 2310 282 2348 τι
298 2301 400 2348 ταύτης
415 2303 589 2340 ὑψηλότερον,
606 2305 667 2341 οὐχὶ
681 2307 728 2333 καὶ
745 2307 792 2333 σὺν
807 2316 872 2343 προ-
888 2320 896 2348 ι

930 2305 1073 2332 multarum
1091 2303 1244 2339 specierum
1257 2307 1285 2330 et
1303 2303 1452 2335 variarum,
1472 2310 1527 2330 non
1543 2303 1648 2336 leviter,
1667 2309 1715 2332 aut

83 2345 172 2381 θυμία
196 2355 225 2372 σε
248 2347 322 2380 ἄξιον
345 2347 532 2384 ψηφιούμεθα,
550 2351 591 2377 ὅτι
614 2352 716 2386 ῥήματι
730 2355 750 2366 ’⁸
767 2352 814 2379 καὶ
829 2352 874 2388 βίᾳ

82 2391 266 2427 παρασύρεις,
292 2393 331 2425 ὡς
352 2394 392 2425 εἰς
405 2394 436 2420 τὸ
451 2397 505 2422 πᾶν
521 2396 569 2422 καὶ
583 2396 653 2423 ἑκὼν
665 2396 873 2434 ἐξημαρτηκὼς,

81 2439 170 2471 οὕτως
192 2439 287 2467 ἑαυτὸν
313 2441 514 2475 ὲταπείνωσας;
531 2436 582 2470 ’καὶ
596 2443 650 2471 τῶν
666 2445 807 2481 ἡμετέρων
823 2447 874 2481 ῥη-

80 2486 178 2520 μάτων
188 2485 239 2512 οὐκ
250 2485 331 2520 ἔχεις,
346 2484 433 2522 οἶμαι,
451 2489 546 2523 χρείαν
558 2489 703 2524 μανθάνειν
714 2490 744 2517 τὸ
753 2490 871 2526 βέϐαιον.

87 2530 187 2565 Ἡμεῖς
197 2530 250 2565 γὰρ
266 2531 394 2558 τοσοῦτον
406 2532 546 2568 ἀπέχομεν
572 2542 599 2560 τι
624 2534 678 2561 τῶν
699 2535 789 2570 ἀηδῶν
806 2537 871 2571 περὶ

79 2576 130 2602 σοῦ
145 2575 330 2611 διανοηθῆναι,
345 2577 386 2604 ὅτι
405 2578 453 2605 καὶ
468 2579 581 2611 πολλοὺς
595 2580 691 2613 ἄλλους
701 2582 807 2617 ἀφορᾷν
830 2583 870 2615 είς

79 2622 113 2648 σὲ
130 2623 352 2657 προτρεπόμεθα.
368 2623 405 2651 Σὺ
419 2623 447 2650 δὲ
463 2624 578 2661 ἔρρωσο,
595 2626 642 2653 καὶ¹
657 2627 759 2662 ἀρετῆς
771 2628 870 2663 ὲπιμε-

76 2667 138 2701 λοῦ,
151 2668 183 2694 δι’
200 2666 234 2704 ἧς
249 2669 436 2705 τελειούμεθα,
453 2672 500 2698 καὶ
509 2671 544 2698 δι’
564 2672 598 2708 ἢν
615 2672 644 2699 σὲ
656 2672 711 2700 τῶν
724 2673 808 2709 φίλων
822 2676 870 2702 καὶ

924 2351 1008 2387 digito
1023 2355 1104 2378 tenus
1120 2354 1207 2377 tortus
1227 2348 1312 2376 fuisti.
1328 2348 1384 2376 Nos
1396 2353 1487 2376 autem
1502 2350 1640 2384 quomodo
1657 2358 1713 2379 non

926 2402 952 2426 te
969 2397 1048 2424 venia
1063 2396 1185 2432 dignum,
1205 2400 1252 2423 aut
1265 2396 1288 2423 si
1302 2395 1368 2430 quid
1381 2395 1460 2422 venia
1475 2396 1652 2424 excellentius
1667 2397 1714 2426 siti

924 2449 952 2472 et
969 2444 1078 2480 quidem
1100 2442 1278 2470 libentissime
1293 2443 1482 2475 decernemus,
1498 2448 1529 2470 ut
1547 2447 1667 2471 torrente
1681 2451 1714 2470 ac

923 2492 1052 2519 violentia
1072 2491 1099 2518 in
1120 2495 1305 2518 transversum
1322 2495 1409 2524 actus,
1426 2491 1453 2517 in
1476 2490 1636 2518 oll'ensionis
1648 2499 1713 2527 pec-

923 2543 1014 2566 catum
1029 2537 1168 2570 incideris,
1186 2537 1240 2572 [ubi
1259 2541 1286 2564 te
1307 2536 1395 2563 taliter
1418 2536 1585 2571 humiliasti,
1612 2543 1642 2565 ut
1656 2547 1710 2566 non

924 2584 959 2611 sit
975 2583 1034 2616 tibi.
1052 2582 1158 2618 opinor,
1171 2589 1250 2617 opus,
1264 2589 1279 2608 a
1293 2581 1372 2609 nobis
1383 2583 1566 2610 constantiam
1581 2583 1711 2611 edoceri?

922 2629 1003 2656 Certe
1019 2633 1125 2656 tantum
1142 2628 1220 2655 abest
1236 2632 1265 2655 ut
1279 2635 1332 2655 nos
1346 2628 1448 2662 aliquid
1472 2629 1625 2657 acerbitatis
1639 2629 1666 2656 in
1685 2635 1710 2657 te

923 2680 1086 2708 statuamus,
1106 2678 1136 2702 ut
1156 2674 1313 2710 plerosque,
1343 2679 1368 2702 te
1387 2674 1498 2708 intueri,
1528 2680 1654 2710 tanquam
1683 2675 1708 2700 in

713 2773 829 2801 VARIIE
851 2773 1053 2802 LECTIONES.

135 2855 148 2875 Ιι
169 2855 211 2884 ίσ.
232 2857 449 2894 ἀπηωρημένων.
511 2858 518 2878 ι
537 2859 620 2887 ἄκων.
678 2867 697 2880 ιιι
710 2860 820 2896 ρύματι.
