1928 3097
211 157 261 192 871

210 213 364 249 exemplum
383 211 545 248 iubeamus;
573 214 602 237 tu
625 212 716 237 autem
737 208 808 241 vale,
829 213 857 235 et
871 207 998 235 virtutem
1015 210 1034 238 Α

210 267 276 288 cura
289 266 338 294 per
351 265 431 293 quam
454 263 688 287 consummamur,
708 258 736 281 et
749 258 859 289 propter
872 261 952 288 quam
968 258 994 280 te

208 307 263 341 jam
278 305 342 333 olim
355 303 506 331 amicorum
520 302 582 329 albo
595 306 623 329 et
637 300 755 337 genuino
777 307 900 328 meorum
915 299 994 327 fami-

165 362 170 372 τ
210 351 317 379 liarium
329 350 414 377 choro
428 348 618 383 ascripsimus.

505 403 616 431 EPlST.
630 401 698 431 LVI.
729 438 735 446 Χ

358 451 469 487 Georgio
481 452 601 484 diacono,
619 455 643 478 et
658 449 840 485 hospitalario.

794 151 926 182 PHOTII
946 148 1199 181 PATRIABCH/E
1216 148 1269 178 ΟΡ.

1777 140 1823 172 8ἿΞ

1048 205 1104 232 τῶν
1122 204 1236 238 γνησίων
1250 203 1422 230 θεραπόντων
1437 201 1520 229 πάλαι
1532 200 1571 237 τῷ
1587 199 1658 236 χορῷ
1669 197 1825 233 συγκατελέ-

1047 251 1142 287 ξαμεν.
1161 281 1171 291 ⁸

1345 405 1458 432 ΕΠΙΣΤ.
1474 403 1545 438 Ν(ἷ¹.

1189 451 1324 486 fetum-{qi
1336 450 1464 484 διακόνῳ
1478 450 1527 477 καὶ
1543 449 1703 484 ξενοδόχῳ.

827 506 951 531 Montacut
973 506 1024 538 (ep.
1042 509 1081 538 88,
1099 515 1123 540 p.
1143 509 1208 540 152).

246 554 423 583 Melanthium
438 554 539 586 ferunt.
550 554 686 591 tragtediae
696 559 844 587 auctorem,
857 559 910 581 tam
918 562 992 582 vora-

211 609 269 629 cem
298 601 392 633 fuisse,
417 604 447 626 ut
471 600 614 631 indoleret,
633 599 706 634 quod
727 599 803 635 cycni
826 598 924 626 collum
942 605 998 625 non

213 647 335 678 haberet,
359 650 390 673 ut
410 653 491 681 quam
513 645 644 672 diuturno
664 649 786 679 tempore
810 644 932 671 ciborum
950 651 999 678 per

212 697 305 728 guttur
327 692 551 720 descendentium
565 691 705 726 voluptate
719 690 856 718 frueretur
871 698 879 716 :
895 691 918 718 si
936 694 997 717 tuo-

214 747 273 766 rum
300 739 438 774 particeps
457 738 644 766 conviviorum
659 737 746 770 ﬁeret,
768 736 865 772 opinor
879 744 941 764 eum
957 737 999 763 in-

213 785 340 812 dolentia:
360 792 417 812 suae
430 789 458 812 et
482 784 621 812 maestitiae
632 783 783 811 remedium
807 782 879 810 illius
891 782 999 810 habitu-

213 838 284 863 rum,
313 834 341 857 et
366 830 575 865 deprecaturum
595 836 631 856 ne
654 832 749 864 guttur
774 828 802 855 iu
824 828 935 862 antiqua
951 835 1000 855 sua

213 875 347 902 subsistat
363 875 542 910 longitudine,
555 881 591 901 ne
604 874 720 901 multum
736 873 866 908 temporis
880 872 999 900 insume-

213 925 256 948 ret
272 928 287 947 a
302 925 348 947 tua
362 928 460 948 mensa
471 924 500 947 et
509 920 606 947 eduliis
618 920 672 947 tuis
685 919 836 947 abstinens.
850 918 920 952 Quid
936 927 1000 954 ergo

1013 763 1035 791 Β

213 966 391 993 faciendum?
407 965 487 993 Certe
501 973 609 1000 semper
622 968 651 992 et
664 965 764 1000 ubique
776 964 816 992 Ne
829 965 893 1000 quid
909 965 998 998 nimis,

213 1011 345 1046 optimum
360 1011 524 1038 existimare.

530 1067 640 1094 EPIST.
655 1067 734 1095 LVII.

564 1113 670 1141 Eidem.

837 1170 970 1196 Montacnt.
989 1171 1041 1204 (ep.

250 1216 362 1245 Divitias
377 1225 463 1250 amas,
476 1217 581 1245 idcirco
603 1217 732 1245 virtutem
758 1225 813 1245 non
825 1225 910 1246 amas.
929 1218 997 1246 Nam

213 1264 298 1300 impio
336 1273 438 1298 amore,
466 1258 619 1292 laudandus
647 1272 724 1292 amor
753 1265 843 1292 omnis
864 1265 998 1292 bonorum

214 1312 409 1347 exstinguitur.
427 1311 476 1339 Sin
503 1312 623 1339 avaritiae
643 1311 779 1339 ﬂammam
796 1312 958 1339 exstinxeris
972 1316 999 1339 et

214 1358 307 1391 spinas
334 1357 493 1393 cupiditatis
517 1357 598 1385 simul
624 1357 785 1390 comburas,
811 1361 868 1384 tum
894 1357 999 1385 facilius

214 1403 313 1431 animae
332 1408 384 1430 tute
409 1403 489 1430 tellus
515 1410 595 1430 suum
617 1403 757 1438 proprium
779 1402 897 1430 fructum
919 1402 1000 1430 faciet

215 1449 360 1484 pullulare,
385 1448 599 1484 eleemosynam,
612 1453 640 1475 et
665 1453 691 1475 te
706 1448 808 1483 alioqui
833 1455 894 1476 cum
916 1448 1001 1475 haedis

215 1494 360 1522 locandum
388 1498 460 1521 Inter
488 1493 580 1521 ovium
610 1500 706 1529 greges
720 1493 883 1521 translatum
913 1493 1000 1521 dabit.

213 1539 290 1567 Vale.

1013 1424 1035 1462 ‘c

474 1596 582 1624 EPIST.
622 1596 712 1624 LVlll.

374 1643 484 1679 Georgio
498 1644 609 1670 diacono
624 1648 648 1670 et
663 1643 847 1677 Itoapitalario.

833 1695 967 1721 lllontacut.
985 1696 1036 1727 (cp.

250 1747 381 1782 Quiapud
403 1746 512 1774 Graecos
533 1747 662 1775 videntur
686 1746 834 1781 sapientes,
845 1746 999 1778 materiam,

216 1793 275 1820 sive
296 1793 395 1828 hylam,
410 1793 541 1828 impensis
564 1793 657 1820 multis
673 1797 700 1821 et
714 1793 802 1828 longis
818 1792 1000 1824 sermonibus,

215 1839 260 1866 vix
276 1838 384 1866 tandem
407 1844 522 1874 potuere
537 1840 588 1873 (ut
612 1838 723 1873 ipsimet
743 1837 841 1874 aiunt)
862 1838 937 1865 tardo
952 1838 1002 1866 he-

215 1885 270 1912 beti
297 1889 325 1912 et.
365 1884 480 1912 inﬁrmae
509 1884 608 1912 rationi
643 1884 819 1920 persuadere,
844 1885 916 1920 quod
929 1885 1003 1912 aliud

216 1931 260 1958 illa
278 1936 362 1963 esset,
375 1935 404 1958 et
424 1931 562 1959 diversum
581 1931 615 1958 ab
628 1931 765 1963 omnibus,
781 1931 922 1967 perpetuis
934 1931 1002 1958 alte-

216 1977 370 2004 rationibus
384 1977 504 2010 subdita,
516 1976 597 2009 ﬂuxa,
612 1976 706 2009 ﬂuida,
720 1977 841 2004 omnium
855 1977 1002 2005 formarum
1015 1969 1041 1999 D

217 2023 367 2058 receptiva.
404 2023 432 2049 Si
453 2027 480 2050 te
505 2027 562 2049 tum
591 2023 720 2058 temporis
745 2023 819 2050 nasci
839 2023 1001 2058 contigerat,

217 2074 245 2095 tu
267 2068 439 2096 solummodo
461 2068 488 2095 in
522 2068 631 2096 illorum
664 2068 787 2096 notitiam
804 2069 961 2102 deveniens,
986 2076 1002 2097 a

216 2114 309 2141 multis
338 2114 426 2150 longis
454 2113 593 2141 laboribus
617 2118 646 2141 et
668 2114 906 2149 defatigationibus
929 2114 1002 2149 ipsos

217 2159 294 2187 lacile
309 2159 462 2187 liberasses.
487 2159 572 2186 Nemo
591 2160 674 2192 enim,
687 2159 794 2194 opinor,
811 2165 838 2187 te
857 2160 1003 2194 aliquando

216 2205 407 2240 deprehendit,
422 2212 457 2232 ne
472 2212 522 2240 per
532 2210 700 2232 momentum
718 2205 747 2232 in
757 2205 852 2233 eadem
868 2205 1004 2233 sententia

217 2255 372 2278 manentem
385 2259 392 2284 ;
409 2251 458 2279 sed
470 2250 635 2278 deﬂuentem
648 2259 766 2286 semper,
781 2251 965 2283 immutatum,
977 2255 1006 2278 et

216 2297 397 2332 praesentibus
414 2297 575 2332 implicitum
594 2302 621 2324 et
634 2297 668 2324 ad
682 2297 774 2324 omnia
785 2298 1004 2331 transﬁguratum

201 2348 244 2383 .ct
263 2342 384 2371 foeditate
404 2347 532 2379 tanquam
557 2343 666 2380 propria
684 2342 886 2379 pulchritudine
913 2341 1005 2370 excul-

218 2395 287 2417 tum.

511 2442 621 2471 EPIST.
641 2442 710 2471 LIX.

288 2488 414 2524 Gregorio
427 2489 538 2517 diacono
554 2495 585 2519 tet
605 2489 767 2517 chartulario
781 2489 933 2517 Amasiano.

836 2579 969 2604 Montaeut.
989 2582 1041 2611 (ep.

253 2625 342 2654 Audio
357 2627 488 2660 quosdam
518 2635 552 2655 ex
581 2628 743 2656 adversariis
766 2636 860 2664 pacem
886 2629 1004 2656 circuat-

218 2673 393 2707 nnnunliare,
409 2678 438 2701 et
458 2674 638 2710 simpliciores
652 2675 756 2708 conari,
780 2681 811 2703 ut
823 2675 876 2703 hoc
889 2675 1001 2703 nomine

219 2723 356 2750 inescatos
377 2722 508 2757 capiant:
534 2727 734 2758 verumtamen,
771 2723 793 2752 si
810 2731 903 2759 pacem
929 2723 1002 2750 illam

1087 556 1237 584 Μελάνθιόν
1250 564 1327 591 φασι,
1343 555 1388 582 τὸν
1403 555 1557 590 τραγῳδίας
1579 554 1728 590 ὑποκριτὴν
1739 575 1745 586 ,
1764 554 1829 582 οὕτω

1051 604 1100 639 τῆς
1126 602 1280 638 ὁῲοφαγίας
1308 603 1381 637 ἥττω
1402 601 1541 635 γενέσθαι,
1554 601 1623 628 ὥστε
1650 602 1696 627 καὶ
1709 601 1828 636 ἀθυμεῖν,

1051 649 1111 675 ἐπεὶ
1122 648 1159 684 μὴ
1175 648 1274 675 κύκνου
1289 647 1335 674 τὸν
1348 647 1481 683 τράχηλον
1496 644 1568 682 εἶχεν
1579 654 1587 662 ⁸
1600 646 1643 672 ἴνα
1659 646 1696 677 ὡς
1712 645 1829 672 πλεῖστον

1051 695 1145 731 χρόνον
1159 694 1212 721 τῶν
1230 694 1273 721 διὰ
1288 693 1334 720 τοῦ
1350 692 1447 726 λαιμοῦ
1462 692 1587 728 ῥεόντων,
1603 691 1650 718 καὶ
1669 692 1718 726 τῆς
1733 691 1830 718 ἐκεῖῢεν

1049 740 1158 776 ἡδονῆς,
1176 738 1310 774 ἀπολαύῃ.
1339 738 1371 764 ΕΞ
1398 738 1426 764 δὲ
1442 738 1488 764 σοῦ
1511 737 1566 763 τῶν
1580 736 1695 763 δείπνων
1715 736 1830 770 ἐγεγόνει

1049 786 1186 817 κοινωνὸς,
1200 783 1276 820 οἶμαι
1287 784 1319 811 ἂν
1329 783 1410 811 αὐτὸν
1425 783 1470 810 καὶ
1485 783 1536 818 τῆς
1549 783 1668 817 ἀθυμίας
1683 783 1752 817 μέγα
1764 782 1831 816 φάρη

1052 840 1138 867 μακον
1152 831 1284 865 ἐξευρεῖν,
1298 830 1343 857 καὶ
1361 828 1528 864 ἀπεύχεσθαι
1543 828 1610 863 μηδὲ
1625 830 1665 859 εἰς
1684 829 1714 855 τὸ
1725 829 1832 863 ἀρχαῖον

1050 878 1137 913 μῆκος
1149 877 1198 904 τὸν
1213 875 1314 911 αὐχένα
1330 875 1477 910 διαμένειν.
1499 875 1542 901 ἴνα
1563 875 1600 910 μὴ
1621 874 1717 910 συχνὸν
1745 874 1833 901 ἀναλί-

1049 932 1110 950 σκοι
1126 923 1220 958 χρόνον
1232 921 1282 956 τῆς
1294 921 1344 956 σῆς
1357 920 1498 956 τραπέζης
1513 920 1560 946 καὶ
1573 919 1628 946 τῶν
1654 919 1708 946 σῶν
1724 919 1834 954 ἐδεσμά-

1049 977 1103 995 ¹ιτων
1132 968 1304 1002 ἀνεχόμενος.
1333 965 1367 992 Τί
1392 965 1438 992 οὖν
1463 965 1504 991 δεῖ
1521 965 1625 998 ποιεῖν;
1639 964 1777 1000 Πανταχοῦ
1793 966 1833 999 τὸ,

1051 1013 1153 1049 Μηδὲν
1166 1013 1252 1047 arar,
1265 1011 1468 1046 ὑπολαμϐάνειν
1479 1011 1635 1046 κράτιστον.

1345 1067 1457 1094 ΕΠΙΣΤ.
1475 1068 1538 1094 ΝΖ’.

1368 1113 1409 1146 Τῷ
1432 1112 1521 1146 αὐτῷ.

1059 1170 1097 1199 89,
1115 1177 1140 1201 ρ.
1158 1168 1224 1199 1.33).

1092 1218 1172 1254 Ἐρᾷς
1198 1215 1361 1252 χρημάτων·
1385 1215 1430 1242 διὰ
1455 1214 1546 1248 τοῦτο,
1567 1215 1668 1250 ἀρετῆς
1686 1215 1737 1241 οὐκ
1761 1215 1834 1250 ἑρῇ,

1053 1265 1154 1299 Ἔρωτι
1165 1262 1220 1298 γὰρ
1237 1262 1348 1294 κακίας,
1360 1262 1374 1288 ὁ
1386 1261 1441 1287 τῶν
1458 1261 1548 1288 καλῶν
1561 1262 1631 1296 ἔρως
1645 1261 1837 1288 ὲναποσϐἑννυο

1050 1318 1106 1337 ται.
1127 1310 1158 1336 Εἰ
1172 1309 1200 1335 δέ
1221 1317 1252 1343 γε
1264 1309 1314 1344 τὴν
1329 1308 1416 1342 φλόγα
1427 1307 1478 1342 τῆς
1488 1306 1646 1339 πλεονεξίας
1665 1307 1836 1338 ἀποσϐέσεις,

1052 1357 1098 1383 καὶ
1109 1355 1158 1386 τὰς
1171 1355 1293 1387 ἀκάνθας
1306 1355 1355 1389 τῆς
1372 1353 1554 1389 φιλαργυρίας
1576 1353 1740 1388 συμφλέξεις
1751 1373 1759 1386 ,
1773 1354 1839 1388 ῥᾷον

1052 1403 1068 1438 ή
1083 1402 1131 1437 τῆς
1144 1402 1233 1436 ψυχῆς
1243 1402 1349 1437 ἄρουρα
1361 1402 1406 1427 τὸν
1418 1401 1516 1427 οἰκεῖον
1534 1401 1649 1436 καρπὸν,
1660 1401 1709 1436 τὴν
1722 1401 1839 1436 ἐλεημο-

1053 1447 1136 1482 σύνην
1151 1446 1351 1482 ἀναϐλαστήσει
1362 1454 1369 1461 ·
1383 1447 1430 1473 καὶ
1447 1446 1477 1473 σὲ
1498 1447 1560 1473 ἀντὶ
1571 1446 1619 1473 τοῦ
1632 1447 1701 1482 μετὰ
1711 1446 1766 1474 τῶν
1781 1445 1840 1482 spl-

1051 1501 1108 1526 φων
1123 1492 1261 1527 τετάχθαι,
1275 1492 1315 1524 εἰς
1327 1492 1376 1528 τὴν
1388 1492 1444 1519 τῶν
1458 1492 1604 1528 προϐάτων
1629 1492 1731 1527 ἀγέλην
1759 1501 1841 1527 μεταρ

1051 1540 1154 1573 στήσει,
1173 1539 1310 1574 ¹Ερῤωσο.

1347 1594 1459 1622 ΕΠΙΣΤ.
1474 1595 1540 1622 NH'.

1186 1641 1323 1677 Γεωργιῳ
1337 1640 1465 1673 διακόνῳ
1477 1641 1526 1667 καὶ
1542 1640 1702 1674 ξενοὸόχῳ.

1052 1696 1092 1725 οι,
1110 1703 1134 1727 ρ.
1154 1697 1208 1729 155)
1639 1697 1643 1703 ί

1088 1747 1143 1783 Τὴν
1159 1747 1235 1783 ὓλην,
1250 1748 1273 1775 οἱ
1288 1747 1353 1782 παρ’
1373 1747 1486 1782 Ἕλλησι
1505 1748 1646 1780 δοκοῦντες
1668 1747 1738 1775 εῖναι
1753 1750 1842 1783 σοφοὶ.

1053 1793 1168 1824 πολλοὺς
1197 1795 1244 1820 καὶ
1270 1793 1404 1828 μεγάλους
1430 1793 1617 1825 ἀναλώσαντες
1641 1793 1748 1828 λόγους,
1766 1795 1844 1828 μόλις

1054 1838 1177 1872 ῐπχυσαν,
1194 1839 1242 1873 (ὼς
1252 1839 1329 1865 αὐτοί
1345 1840 1422 1874 φασι)
1436 1840 1503 1873 νόθῳ
1515 1843 1528 1857 η
1549 1840 1596 1865 καὶ
1617 1839 1726 1866 ἀσθενεῖ
1750 1849 1844 1875 παρα-

1055 1884 1152 1919 στῆσαι
1168 1885 1300 1920 λογισμῷ.
1317 1885 1355 1917 ὡς
1379 1885 1444 1912 ἄλλο
1459 1895 1487 1912 τι
1511 1885 1577 1912 οὖσα
1600 1887 1676 1921 παρὰ
1693 1876 1785 1913 πάντα
1809 1887 1845 1913 τὰ

1053 1930 1128 1963 ὖντα,
1143 1931 1190 1957 καὶ
1204 1930 1381 1967 ὰλλοιουμένη
1392 1931 1535 1967 διηνεκῶς,
1549 1933 1595 1958 καὶ
1608 1932 1718 1967 ῥέουσα,
1733 1933 1846 1958 πάντων

1055 1977 1112 2003 ἐστὶ
1127 1977 1182 2003 νῶν
1200 1976 1285 2004 ὄντων
1298 1977 1421 2013 δεκτική.
1441 1978 1471 2004 Εἰ
1485 1978 1514 2004 δὲ
1527 1977 1556 2003 σὲ
1568 1977 1668 2012 συνέὸη
1687 1978 1747 2004 κατ’
1773 1978 1848 2004 ἐκεί-

1054 2031 1116 2054 νους
1139 2022 1266 2056 γενέσθαι
1289 2023 1352 2054 τοὺς
1372 2023 1496 2058 καιροὺς,
1512 2024 1591 2057 μόνον
1617 2023 1709 2055 αὐτοῖς
1725 2024 1847 2057 ἐπιγνω-

1055 2069 1140 2100 σθεὶς,
1156 2069 1264 2095 πάντων
1279 2069 1311 2095 ἂν
1327 2069 1382 2096 τῶν
1399 2069 1514 2105 μακρῶν
1532 2069 1644 2096 ἐκείνων
1654 2090 1662 2102 ,
1684 2070 1849 2104 ἁπήλλαξας

1055 2114 1152 2145 αὐτοὺς
1162 2115 1250 2141 πόνων
1264 2115 1310 2141 καὶ
1321 2115 1463 2150 καμάτων.
1475 2115 1569 2146 Οὐδεὶς
1582 2115 1647 2150 γὰρ,
1664 2113 1752 2150 οἶμαι,
1770 2116 1850 2143 οὐδέ-

1055 2160 1120 2187 ποτέ
1134 2168 1175 2193 σε,
1190 2160 1245 2187 οὐδ’
1260 2161 1289 2188 ὲν
1302 2157 1408 2195 ἀκαρεῖ,
1422 2160 1470 2196 τὴν
1482 2161 1567 2197 αὐτὴν
1579 2161 1673 2196 ἔχοντα
1696 2161 1851 2196 κατείληφε

1055 2205 1167 2241 γνώμην
1178 2213 1186 2221 ο
1204 2206 1272 2232 ἀλλὰ
1287 2207 1382 2241 ρέοντά
1394 2215 1424 2233 τε
1438 2207 1492 2240 ἀεὶ,
1507 2207 1553 2234 καλ¹
1577 2207 1783 2242 ἀλλοιούμενον,
1799 2208 1851 2234 καὶ

1055 2251 1110 2278 τῶν
1130 2253 1395 2287 παρατυγχανόντων
1410 2253 1560 2288 γινόμενον,
1575 2253 1623 2279 καὶ
1649 2253 1718 2288 πρὸς
1734 2253 1852 2280 ἅπαντα

1056 2297 1256 2333 μορφούμενον,
1283 2298 1330 2325 καὶ
1346 2298 1384 2330 ὡς
1405 2300 1494 2334 οἰκείᾳ.
1518 2300 1608 2334 μορφῇ
1629 2300 1678 2335 τὴν
1703 2299 1851 2334 ἀμορφίαν

1056 2343 1306 2379 καλλωπιζόμενον.

1348 2440 1460 2467 ΕΠΙΣΤ.
1473 2440 1536 2467 NG’.

1075 2486 1228 2520 Γρηγοριφ
1242 2486 1371 2519 διακόνῳ
1385 2486 1442 2529 xui,
1452 2488 1660 2522 χαρτουλαρίῳ
1683 2488 1725 2522 τῷ
1746 2490 1838 2526 Ἀμα-

1392 2529 1422 2548 σι
1426 2530 1486 2548 arth
1490 2541 1497 2548 .

1059 2579 1098 2609 99,
1116 2586 1141 2611 p.
1159 2579 1225 2610 ut).

1099 2629 1204 2656 Ἀκούω
1228 2635 1305 2662 τινας
1325 2630 1381 2656 τῶν
1402 2631 1532 2657 ἐναντίων
1558 2631 1670 2666 εἰρήνην
1682 2635 1859 2668 neptuni}-

1057 2675 1124 2709 λειν,
1142 2676 1190 2702 καὶ
1203 2676 1267 2707 τοὺς
1277 2676 1476 2711 ἁπλουστέρους
1491 2677 1638 2712 ἐπιχειρεῖν
1654 2678 1744 2715 ταύτῃ
1759 2680 1860 2707 δελεά-

1056 2722 1114 2754 ζειν
1130 2723 1163 2757 τῇ
1174 2722 1355 2758 προσηγορίᾳ.
1378 2722 1447 2749 Ἀλλ’
1467 2724 1490 2750 εἰ
1507 2724 1557 2758 μὲν
1573 2725 1630 2760 ἢνὸ
1648 2725 1756 2761 Κύριος
1773 2727 1860 2753 67.5w-

824 2830 835 2838 .
858 2800 975 2828 VAlll/E
995 2798 1196 2828 LECTIONES.

277 2879 290 2893 ιι
311 2876 354 2903 ῖσ.
376 2875 430 2903 me
435 2876 482 2911 ρῷ.
854 2865 868 2876 ⁸
