1928 3097
161 109 212 144 873

732 109 999 141 EPISTOLARUM
1017 110 1131 141 LIBER
1150 111 1181 141 ΙΙ
1186 135 1192 142 .

1709 103 1763 137 δτι

151 175 202 200 σιν,
216 165 267 194 οὐκ
278 165 399 197 ἐκείνους
415 165 456 192 δεῖ
467 163 687 201 περιαγγέλλειν,
696 163 764 192 ἀλλὰ
776 164 841 200 παρ’
852 164 929 200 ἡμῶν

988 172 1062 200 tuam
1077 165 1123 193 dat
1144 165 1274 193 Dominus
1288 163 1460 197 denuntiant,
1477 170 1628 199 congruum
1646 170 1702 190 non
1720 166 1764 191 est

147 211 248 247 ταύτην
260 210 413 246 ὀφείλουσιν
425 210 616 246 ἐκμανθάνειν.
647 210 679 237 Εἰ
692 210 721 237 δὲ
747 209 781 246 ἢν
803 210 929 238 καθελεῖν

149 258 228 289 αὐτὸς
239 257 369 292 ἐλήλυθεν
381 257 436 294 (οὺ
447 258 501 292 γὰρ
512 254 618 291 ἦλθον,
633 256 726 291 φησὶν,
731 255 842 289 βαλεῖν
847 255 926 290 sipri-

149 311 215 337 νην,
229 303 310 330 ἀλλὰ
317 302 488 338 μάχαιραν),
507 303 623 330 ἴστωσαν
634 303 675 330 ὅτι
685 302 926 338 χριστομαχοῦσιν,

149 348 200 376 ὑπὸ
213 349 253 384 τῷ
261 349 312 384 τῆς
321 349 433 385 εἰρήνης
445 348 570 385 ὀνόματι,
584 349 634 385 τὴν
643 348 704 376 κατ’
722 348 805 376 αὐτοῦ
821 348 929 384 ⁴ιεολιορ-

149 395 209 421 κίαν
218 394 391 427 ἀνιστῶντες.

464 504 576 532 ΕΠΙΣΤ.
590 504 628 531 Ξν.

460 547 504 580 Τῷ
524 547 616 581 αὐτῷ.

766 603 901 629 Montacnt.
920 603 971 635 (ep.

183 649 216 677 Εῐ
228 659 270 682 τις
291 649 431 685 δοξολογία
443 670 452 683 ,
484 652 513 679 εί
534 661 577 685 τις
602 651 771 689 εὐχαριστία,
784 652 886 688 ταύτην
901 653 931 687 ἐξ

148 695 210 730 ὅλης
218 694 307 730 ψυχῆς
321 695 381 732 Θεῷ
392 696 551 733 ἀνατίθημι,
563 698 604 724 ὅτι
623 707 655 733 με
671 698 804 730 τοιαύταις
814 698 931 734 ἡμέραις

149 741 241 776 ἄρχειν
259 741 410 777 ἀνθρώπων
433 743 464 769 οὐ
481 743 681 779 συνεχώρησεν,
711 744 766 772 οὐδ’
782 744 930 780 ὀφθαλμοῖς

149 788 249 815 ἐπιδεῖν
265 788 349 820 πάθος
362 789 565 826 ἀπαράκλητον,
580 791 609 818 ὲν
630 789 675 823 αἶς
695 791 779 826 τάφος
799 791 848 826 μὲν
871 791 931 818 ἀντὶ

149 834 250 865 πόλεως
272 835 289 870 ἡ
304 835 518 870 Κωνσταντίνου,
531 836 629 872 θρῆνος
639 837 668 864 δὲ
687 837 749 865 ἀντὶ
760 837 929 874 ψαλμῳδίας,

148 879 178 905 οὺ
191 880 241 911 τὰς
250 868 338 912 οἰκίας
356 880 446 915 μόνον,
461 868 530 909 ἀλλα
548 868 595 909 καὶ
618 868 670 915 τὰς
695 868 928 918 ἐκκλησίαςέχειί
943 868 967 898 Β

149 924 202 950 τῶν
217 925 266 959 μὲν
282 924 434 962 ὁλοκλήρων
449 928 488 958 είς
504 927 600 963 ἔδαφος
621 929 756 964 κειμένων
769 929 868 965 θέαμα,
880 938 931 963 φα-

150 970 200 1002 σιν,
214 970 342 1002 ἐλεεινὸν,
355 972 401 999 καὶ
417 972 569 1008 διηγεῖσθαι
583 974 675 1009 μεῖζον
687 975 815 1008 πίστεως·
828 975 883 1002 τῶν
903 975 932 1002 δὲ

148 1013 186 1048 τῷ
199 1015 320 1050 μεγίστῳ
334 1016 411 1052 μέρει
425 1019 674 1054 κατενηνεγμένων,
690 1022 737 1047 καὶ
759 1021 872 1056 μηδενὸς
883 1021 931 1048 τοῦ

149 1059 252 1090 πάθους
268 1060 421 1095 κρείττονος
448 1063 610 1098 γενομένοω
634 1065 702 1091 ἀλλὰ
719 1065 765 1092 καὶ
778 1066 863 1101 αὐτῆς
882 1066 932 1101 τῆς

150 1104 210 1138 γῆς,
223 1105 261 1140 τῷ
275 1105 404 1141 ἀφορήτῳ
418 1107 491 1143 σάλῳ
519 1109 566 1136 καὶ
578 1109 677 1146 κλόνῳ,
692 1111 732 1142 εἰς
759 1111 828 1147 μέρη
848 1111 933 1138 πολλὰ

152 1152 424 1188 πγκαταρῤαγείσης
437 1174 445 1187 ,
465 1154 513 1182 καὶ
538 1155 574 1183 τὰ
598 1156 627 1190 ἐξ
649 1157 746 1189 αἰῶνος
766 1158 817 1193 τῆς
830 1159 932 1190 πόλεως

150 1195 235 1231 πάθη,
249 1196 289 1231 τῷ
316 1198 424 1232 μεγέθει
449 1199 504 1226 τῶν
526 1200 620 1228 κακῶν
643 1202 853 1239 ἀποκρυψάσης.
875 1205 932 1232 Νῦν

151 1240 202 1275 μὲν
214 1242 268 1277 γὰρ
282 1243 316 1270 τὰ
325 1244 445 1278 ἐμαυτοῦ
460 1245 540 1280 μόνον
552 1247 656 1282 σκοπῶ,
668 1249 716 1275 καὶ
729 1250 770 1282 είς
782 1251 872 1278 ἐκεῖνά
887 1260 932 1286 μοι

149 1286 184 1313 τὰ
199 1287 249 1323 τῆς
263 1289 403 1324 φροντίδος
416 1292 464 1317 καὶ
476 1292 527 1327 τῆς
544 1292 663 1328 ἀγωνίας
676 1293 857 1323 ἀποτείνεται.
866 1296 933 1323 Τότε

149 1332 178 1358 δὲ
191 1333 299 1370 ἀνάγκη
310 1335 423 1371 τρέμειν
432 1334 478 1372 ἦν,
492 1338 540 1365 καὶ
550 1337 621 1374 ὑπὲρ
632 1339 687 1367 τῶν
697 1340 799 1376 ἑτέροις
809 1341 934 1376 ἁμαρτα-

150 1379 282 1414 νομένων,
299 1381 347 1408 xui.
378 1383 435 1414 τοῖς
457 1383 570 1410 ἐκείνων
598 1384 741 1420 παθήμασι
773 1387 934 1423 πικρότερον

150 1424 343 1460 ἀποδύρεσθαι,
360 1427 407 1454 καὶ
423 1428 528 1463 μήποτε
539 1428 578 1464 τῷ
588 1429 671 1465 κοινῷ
687 1434 701 1449 θ
723 1430 778 1457 τῶν
800 1429 934 1466 ἀδικημά-

150 1479 205 1497 των
219 1470 354 1508 [δεδιέναι]
375 1473 468 1510 κοινὴν
482 1474 521 1510 τῷ
546 1475 644 1511 πλήθει
659 1475 710 1512 τὴν
724 1477 868 1512 τιμωρίαν,
886 1476 934 1503 καὶ

150 1517 228 1543 αὐτοὶ
240 1517 381 1551 δοκοῦντες
395 1521 571 1556 προεστάναι,
584 1521 779 1556 συνδιενεγκεῐν
791 1523 936 1550 καταδικα-

151 1562 260 1597 σθῶμεν
270 1571 278 1579 ο
292 1561 330 1591 ὧν
341 1564 482 1599 ἁπάντων,
492 1566 658 1601 ἀνθρώπινοι
672 1568 732 1604 μὲν,
749 1568 787 1600 ὡς
799 1568 938 1605 ἐνόμισαν,

151 1608 304 1643 ἐπιϐουλαὶ,
321 1611 389 1644 Θεὸς
403 1611 442 1645 δὲ,
456 1613 490 1649 τῇ
504 1612 594 1649 οἰκείᾳ
617 1613 708 1649 χάριτι
726 1614 773 1642 καὶ
788 1614 940 1652 φιλανθρω-

150 1654 212 1690 πίᾳ,
228 1655 374 1691 ἐρρύσατο.

984 218 1015 241 ιιι
1029 213 1194 241 annunticnt
1211 213 1259 245 illi,
1274 213 1322 241 sed
1347 221 1362 240 a
1377 212 1455 241 nobis
1468 213 1539 240 hanc
1559 215 1699 248 acceptam
1713 211 1763 240 de.

981 259 1048 287 bent
1060 266 1218 295 agnoscere.
1237 259 1297 292 Sin,
1314 265 1396 294 quam
1418 262 1449 286 ut
1470 257 1586 291 tolleret,
1605 257 1664 292 ipse
1677 256 1763 285 adve-

979 305 1022 334 nit
1049 305 1127 340 (nam
1145 304 1206 332 Non
1219 305 1287 338 veni,
1307 304 1422 337 dicebat,
1440 303 1486 339 qui
1495 311 1587 338 pacem
1603 304 1704 336 darem,
1717 303 1763 330 sed

979 356 1008 378 ιιι
1022 352 1140 388 gladium
1149 351 1183 386 ⁸),
1193 351 1279 378 sciant
1292 355 1348 378 tum
1361 350 1434 385 quod
1447 354 1542 377 contra
1554 348 1692 377 Christum
1703 347 1763 376 bel-

980 398 1038 425 lum
1053 402 1159 434 gerunt.
1182 402 1220 429 et,
1240 396 1291 423 sub
1311 400 1445 431 praetequ
1463 395 1548 431 pacis,
1564 394 1705 423 obsidione
1719 393 1764 422 in-

982 446 1101 472 stituunt
1113 444 1188 471 illum
1206 443 1325 480 cingere.

1287 498 1396 527 EPIST.
1414 498 1471 526 LX.

1332 544 1435 578 Eidem.

989 601 1043 632 ιω,
1060 608 1085 633 ρ.
1103 601 1168 633 ue).

1024 651 1052 679 Si
1078 659 1139 687 quae
1177 649 1317 686 doxologia
1335 669 1343 679 ,
1366 648 1388 676 si
1415 648 1578 676 eucharistia
1596 647 1694 684 aliquid
1716 647 1763 677 sit.

983 699 1055 727 illam
1068 706 1118 734 ego
1129 702 1186 726 toto
1199 698 1289 725 animo
1304 697 1331 725 in
1348 698 1435 725 Deum
1447 696 1546 728 refero,
1562 694 1634 731 quod
1652 701 1697 721 me
1708 700 1764 720 non

984 749 1028 774 est
1049 752 1147 780 passus
1175 744 1333 772 hominibus
1354 750 1473 779 praeesse
1498 748 1560 768 cum
1586 738 1699 775 imperio
1717 745 1766 774 per

984 791 1051 818 tales
1065 790 1134 823 dies,
1147 797 1200 817 nec
1214 789 1299 817 oculis
1311 787 1436 816 contueri
1447 785 1641 815 inconsolabile
1652 785 1764 816 malum,

983 843 1046 863 cum
1054 843 1110 863 non
1122 835 1218 863 civitas
1232 835 1280 863 sed
1297 835 1452 870 sepulcrum
1466 832 1579 861 exsistat
1593 829 1766 859 Constantini

981 882 1056 914 urbs,
1072 881 1232 909 lamentatio
1258 887 1321 908 cum
1343 888 1393 915 pro
1410 878 1576 914 psalmodiis,
1591 885 1648 904 non
1670 876 1766 904 domos

981 932 1088 956 tantum
1101 928 1230 964 privatas,
1249 927 1297 955 sed
1314 931 1342 954 et
1353 926 1481 954 ecclesias
1496 928 1611 959 occupet
1630 929 1767 958 :quarum

981 974 1148 1002 nonnullaee
1178 973 1364 1001 fundamentis
1385 972 1510 1002 subrutzei
1525 970 1584 998 solo
1605 973 1766 1005 aequantur;

981 1020 1165 1048 miserandum
1176 1019 1263 1048 cuivis
1278 1018 1474 1055 spectaculum,
1492 1022 1521 1046 et
1538 1015 1611 1052 quod
1629 1019 1769 1043 narratum

981 1066 1062 1093 ﬁdem
1077 1073 1133 1093 non
1152 1065 1271 1093 inveniat
1286 1073 1293 1091 :
1309 1065 1370 1092 alia
1384 1069 1476 1092 autem
1492 1063 1611 1091 maxima
1622 1069 1656 1090 ex
1677 1064 1769 1097 parte.

984 1111 1050 1139 licet
1063 1111 1137 1138 nulla
1152 1110 1244 1138 clades
1261 1109 1436 1142 desolaverit,
1461 1109 1568 1135 ruinam
1593 1111 1686 1135 tamen
1710 1113 1775 1141 spe-

982 1161 1077 1186 ctent:
1093 1164 1144 1184 nec
1155 1157 1197 1184 vel
1218 1163 1273 1183 una
1295 1155 1473 1183 ecclesiarum
1490 1158 1567 1182 extra
1589 1152 1770 1181 calamitatem

983 1203 1054 1230 hanc
1069 1202 1158 1238 posita
1186 1201 1316 1230 subsistat
1329 1221 1337 1233 ,
1360 1201 1409 1228 sed
1432 1205 1460 1228 et
1476 1201 1534 1236 ipsa
1549 1199 1639 1232 tellus,
1651 1205 1768 1226 concus-

983 1249 1061 1276 sione
1087 1252 1116 1276 et
1131 1253 1248 1275 tremore
1266 1247 1439 1281 intolerabili,
1455 1246 1482 1274 in
1496 1246 1597 1274 multas
1608 1249 1700 1281 partes
1713 1244 1770 1272 dis-

983 1294 1071 1322 siluit:
1098 1294 1172 1321 unde
1194 1293 1239 1320 illa
1263 1300 1372 1328 quoque
1395 1292 1494 1328 quibus
1514 1291 1579 1319 olim
1593 1291 1652 1318 haec
1675 1289 1772 1317 civitas

983 1343 1061 1370 malis
1086 1342 1292 1370 conﬂictabatur
1313 1349 1364 1377 pro
1388 1341 1471 1368 nullis
1492 1339 1618 1368 habenda
1643 1342 1717 1366 sunt.
1741 1337 1774 1365 lu

983 1389 1110 1424 praesenti
1129 1395 1173 1415 res
1192 1395 1266 1415 meas
1279 1392 1387 1415 tantum
1408 1386 1544 1422 speculor,
1561 1385 1590 1412 in
1608 1392 1655 1412 eas
1667 1391 1732 1411 cura
1745 1386 1774 1410 et

983 1436 1137 1464 sollicitudo
1151 1443 1212 1463 mea
1225 1435 1316 1463 omnis
1338 1434 1436 1462 fertur.
1460 1432 1539 1466 Quod
1560 1431 1583 1460 si
1605 1435 1696 1459 autem
1710 1437 1774 1458 cum

985 1480 1100 1516 imperio
1110 1488 1199 1508 essem
1215 1487 1360 1508 necessum
1386 1479 1526 1512 haberem,
1540 1482 1569 1505 et
1583 1484 1634 1513 pro
1654 1475 1715 1503 aliis
1737 1474 1774 1502 ti-

951 1535 974 1566 ρ
989 1533 1065 1553 mere
1082 1526 1270 1561 peccantibus,
1286 1529 1314 1553 et
1329 1523 1523 1553 vehementius
1541 1529 1636 1550 eorum
1649 1519 1775 1548 aﬂlictio-

991 1571 1071 1599 nibus
1102 1571 1259 1603 condolere,
1282 1574 1311 1598 et
1328 1573 1451 1597 metuere
1469 1576 1504 1596 ne
1527 1575 1577 1603 per
1598 1569 1774 1602 peccatorum

991 1616 1159 1648 societatem,
1173 1620 1202 1644 et
1220 1623 1281 1649 nos,
1307 1615 1354 1651 qui
1378 1615 1503 1643 videmur
1518 1612 1622 1641 eisdem
1643 1617 1772 1647 praeesse,

991 1662 1026 1689 ad
1045 1662 1207 1698 supplicium
1228 1669 1374 1690 commune
1398 1660 1632 1689 condemnemur:
1657 1657 1691 1684 ab
1715 1655 1775 1683 istis

150 1708 201 1728 nos
217 1702 345 1730 omnibus
373 1702 526 1737 hominum,
540 1711 600 1739 quae
623 1705 786 1734 videbantur
810 1706 1036 1742 conspirationes,
1052 1707 1125 1736 Deus
1138 1711 1230 1735 autem
1264 1714 1370 1739 revera,
1389 1713 1405 1733 e
1437 1712 1486 1733 sua
1506 1703 1591 1740 gratia
1609 1707 1637 1730 et
1652 1701 1776 1729 bonitate

150 1746 285 1774 liberavit.

458 1792 571 1820 ΕΠΙΣΤ.
589 1793 649 1821 ΞΝ.

468 1839 512 1872 Τῷ
533 1840 623 1874 αὐτῷ.

1287 1794 1397 1822 EPIST.
1411 1794 1477 1822 LXI.

1322 1840 1425 1868 Eidem.

774 1901 909 1927 Montacut.
929 1902 982 1935 (ep.
1000 1901 1054 1932 101,
1069 1908 1095 1933 p.
1114 1900 1177 1932 H2).

195 1949 266 1984 Ἐγὼ
284 1948 333 1985 μὲν
347 1949 397 1976 οὐκ
406 1949 440 1977 ἂν
452 1950 535 1986 φαίην
550 1951 627 1983 δίκας
647 1952 755 1980 τίνουσα
767 1959 781 1979 P
795 1955 845 1990 τὴν
858 1955 936 1981 πόλιν

150 1997 206 2024 τῶν
216 1997 256 2028 είς
271 1997 345 2032 ἡμᾶς
357 1997 547 2032 ἀδικημάτων,
562 1998 623 2025 ἀντὶ
642 1998 745 2032 πόλεως
763 2000 938 2036 πολυάνδριον

150 2042 434 2092 γενέσθαιᾲπαραινῶ
446 2043 475 2070 δὲ
487 2044 554 2079 μηδὲ
564 2044 615 2080 τὴν
626 2045 702 2080 ὑμῶν
714 2046 842 2082 ὁσιότητα
851 2047 939 2074 ταῦτα
954 2064 977 2092 D

152 2087 264 2113 ἐννοεῖν.
277 2087 355 2118 Τίνες
380 2087 435 2123 γὰρ
463 2089 562 2124 ἡμεῖς,
579 2090 604 2115 εί
623 2091 670 2116 καὶ
692 2091 867 2127 πεπόνθαμεν
883 2093 938 2119 ἀδι-

153 2132 255 2165 ήγητα,
271 2131 315 2158 ἵνα
337 2133 502 2169 τηλικαύτην
517 2134 601 2169 ὀργὴν
615 2134 827 2172 ὲκκαλεσώμεθα
854 2137 936 2171 Θεοῦ;

152 2175 241 2207 ἄλλως
251 2184 281 2202 τε
298 2175 326 2202 δὲ
346 2177 393 2203 καὶ
406 2177 467 2203 τότε
478 2198 485 2210 ,
501 2178 580 2204 πλέον
597 2179 747 2215 πάσχοντες
766 2180 836 2218 [νῦν]
854 2182 883 2208 ὲν
897 2180 939 2214 οἷς

154 2222 255 2266 εκεῖνοι
270 2222 414 2256 πάσχουσι,
443 2222 481 2258 τῷ
498 2223 581 2259 κοινῷ
599 2224 674 2260 νόμῳ
703 2227 751 2261 τῆς
769 2229 939 2262 συμπαθείας

154 2267 203 2293 καὶ
218 2267 338 2302 φύσεως,
350 2268 366 2302 ἢ
378 2269 407 2295 ὲν
420 2266 460 2300 οἷς
475 2269 566 2296 αὐτῶν
580 2270 758 2306 δεδρακότων,
771 2273 938 2310 ἐπάσχομεν.

156 2313 188 2339 Ei
214 2312 247 2345 δ’,
263 2314 304 2339 ὃτι
319 2313 373 2340 τῶν
392 2314 445 2342 ἀνὰ
468 2314 517 2351 τὴν
539 2315 695 2353 Ῥωμαϊκὴν
712 2319 799 2354 ἀρχὴν
827 2320 941 2356 Ἐκκλη-

157 2357 224 2384 σιῶν
235 2359 286 2394 τὴν
295 2359 373 2391 δόξαν
385 2361 542 2396 ἁπέκειρον,
553 2363 599 2389 καὶ
610 2363 650 2395 εἰς
659 2364 693 2390 τὰ
707 2364 760 2391 τῶν
771 2365 942 2400 Χριστιανῶν

158 2407 295 2440 μυστήρια
321 2404 525 2441 ἐξωρχήσαντο,
546 2409 594 2434 καὶ
619 2409 757 2444 ἀρχιερεῖς
785 2410 832 2437 καὶ.
861 2412 942 2446 ἱερεῖς

155 2450 235 2483 Θεοῦ,
252 2450 354 2486 θρόνων
364 2453 411 2478 καὶ
428 2452 606 2489 Ἐκκλησιῶν,
620 2456 694 2491 πάσῃ
708 2458 814 2492 μηχανῇ
831 2457 877 2484 καὶ
889 2458 942 2485 πά-

157 2504 192 2531 σῃ
210 2495 265 2530 βίᾳ,
286 2496 420 2532 ἐξήλασαν
431 2506 439 2513 ·
451 2499 497 2525 καὶ
511 2500 539 2525 ὲν
554 2500 641 2535 καιρῷ
652 2501 877 2537 Χριστιανισμοῦ,
891 2504 942 2535 τὰς

164 2540 297 2576 Ἑλλήνων
329 2542 443 2577 πράξεις
471 2545 941 2582 παρρησιάσασθαιπαρεσκεύασαν,

157 2587 223 2622 σιγῇ
244 2587 350 2624 βαθείᾳ,
375 2589 475 2624 μᾶλλον
502 2591 530 2617 δὲ
561 2594 733 2628 καταστροφῇ
764 2594 864 2629 τελείᾳ,
892 2594 942 2626 τὰς

214 2666 224 2681 ⁸
238 2665 332 2694 Matth.
349 2674 376 2699 Χ,
395 2667 440 2694 5L

1027 1954 1085 1989 Ego
1099 1959 1173 1981 certe
1185 1953 1258 1980 haud
1270 1951 1396 1985 dixerim,
1415 1951 1513 1981 urbem
1538 1951 1568 1978 in
1591 1949 1776 1986 sepulcretum

994 2001 1143 2033 redactam,
1160 2000 1188 2027 in
1202 1999 1350 2027 vindictam
1364 2005 1460 2026 eorum
1478 1997 1525 2033 qui
1539 1997 1568 2025 in
1598 2004 1643 2026 me
1677 1996 1779 2031 injuste

996 2047 1141 2079 fecerunt;
1154 2051 1201 2073 aut
1220 2046 1314 2073 hortor
1331 2049 1405 2072 tuam
1419 2043 1589 2072 sanctitatem
1606 2047 1637 2070 ut
1653 2043 1778 2070 eamdem

991 2092 1084 2120 foveas
1099 2099 1205 2119 mecum
1219 2091 1385 2126 opinionem.
1400 2089 1519 2123 Quinam
1531 2089 1604 2117 enim
1620 2095 1670 2116 nos
1683 2095 1780 2116 sumus

989 2139 1053 2166 licet
1075 2137 1148 2173 passi
1173 2137 1384 2172 inexplicabilia.
1401 2140 1432 2163 ut
1451 2139 1553 2163 tantam
1571 2142 1587 2161 a
1600 2134 1655 2162 Deo
1671 2134 1780 2161 iracun-

988 2183 1060 2210 diam
1077 2182 1261 2210 devocemus:
1276 2186 1349 2208 certe
1364 2180 1473 2215 quidem
1490 2179 1519 2206 in
1544 2179 1579 2206 iis
1592 2186 1652 2213 qua:
1676 2179 1790 2213 patitur

989 2228 1096 2260 civitas,
1122 2232 1149 2255 et
1177 2235 1228 2255 nos
1252 2227 1332 2262 plane
1345 2225 1543 2261 compatimur,
1562 2224 1713 2252 secundum
1743 2224 1780 2251 le-

993 2282 1053 2310 gem
1071 2279 1176 2301 naturae
1191 2278 1219 2300 et
1234 2271 1433 2308 compassionis
1456 2270 1600 2302 naturalis,
1621 2271 1684 2306 plus
1698 2278 1781 2304 quam

992 2328 1041 2356 per
1056 2320 1100 2347 illa
1114 2319 1293 2355 patiebamur,
1308 2325 1369 2353 qua:
1381 2325 1397 2344 a
1410 2317 1515 2344 civibus
1525 2324 1619 2344 sumus
1631 2316 1714 2351 passi.
1731 2316 1780 2343 Sin

993 2371 1085 2393 autem
1112 2365 1263 2393 facinorum
1292 2371 1387 2390 eorum
1414 2370 1510 2398 poenas
1529 2362 1615 2395 luant,
1644 2370 1693 2398 per
1717 2370 1779 2397 quae

993 2411 1107 2446 gloriam
1123 2410 1170 2437 Dei
1188 2414 1216 2436 ct
1228 2409 1411 2436 Ecclesiarum
1424 2408 1451 2435 in
1472 2408 1780 2443 totoRomanoimpcrio

993 2457 1144 2491 positarum
1166 2455 1343 2483 attonderunt
1357 2475 1364 2486 ,
1387 2458 1414 2481 et
1434 2454 1600 2482 insultarunt
1627 2455 1782 2489 petulanter

993 2502 1212 2529 Christianorum
1241 2500 1390 2535 mysteriis,
1407 2500 1561 2535 episcopos,
1592 2504 1620 2527 et
1635 2499 1682 2526 Dei
1696 2507 1783 2527 sacer-

994 2547 1081 2579 dotes,
1099 2547 1138 2574 nil
1153 2554 1208 2573 non
1221 2546 1376 2578 molientes,
1394 2546 1492 2572 nullam
1509 2545 1563 2572 vim
1575 2553 1631 2573 non
1645 2545 1783 2572 intentati-

967 2631 970 2635 Ι
995 2597 1046 2626 tes,
1062 2593 1096 2621 de
1112 2592 1218 2620 thronis
1237 2596 1264 2619 et
1284 2591 1413 2619 Ecclesiis
1427 2591 1484 2619 suis
1497 2591 1601 2626 eiectos
1615 2591 1781 2626 abegerunt:

782 2745 897 2773 VARle
919 2745 1122 2775 LECTIONES.

218 2829 230 2843 °
250 2826 282 2853 ιο·
313 2826 360 2853 καὶ
374 2825 488 2852 δεδιέναι
502 2826 606 2861 μήποτε
621 2826 658 2862 τῷ
682 2826 799 2862 κοινῷ...

281 2873 415 2904 ΡΑτιιοιι.
435 2874 493 2905 Gn.
514 2873 579 2906 Cll.

857 2831 871 2851 ιι
892 2826 934 2853 lo’.
950 2826 1087 2854 τίνουσαν.
