1931 3080
133 104 180 136 877

706 96 974 127 EPISTOLARUM
995 96 1111 127 LIBER
1130 96 1172 126 II.

1699 95 1753 127 878

133 158 343 193 κατεγίνωσκεν,
359 156 409 183 οὐκ
422 155 455 183 ἂν
467 155 547 191 ἀφεὶς
556 154 587 182 τὸ
601 155 687 182 κινεῖν
700 155 744 181 ἐπ’
761 154 845 186 ἔλεον,
856 154 916 181 ἀντὶ

971 153 1072 180 litalem
1089 153 1212 185 sentiret,
1228 159 1283 180 non
1298 159 1330 180 ea
1351 152 1499 185 omisisset,
1516 159 1578 188 qua
1592 160 1704 182 movere
1717 152 1752 182 ad

133 204 223 232 τούτου
237 212 268 230 τε
282 201 396 230 καὶτῶν
409 201 521 228 δικαίων
532 200 630 234 λόγων,
640 200 690 235 τὴν
702 200 806 234 σιωπὴν
821 199 916 233 ἐστερ-

132 259 176 285 γεν
187 258 194 265 θ
211 249 268 277 ἀλλ’
284 250 298 276 ὁ
315 249 365 284 μὲν
377 246 510 282 δυστυχὴς
524 247 626 278 ἐκεῖνος
646 246 694 272 καὶ
715 245 799 281 πένης
812 245 917 281 ἄνθρω-

132 305 191 329 πος,
211 295 276 331 περὶ
292 292 322 322 οὖ
334 294 381 322 καὶ
396 294 461 329 πρὶν
475 292 592 329 ἔγραψα,
606 292 763 328 ἠδικηκέναι
781 292 831 327 μὲν
844 293 916 327 ὑμᾶς

132 342 275 378 ὁμολογεῖ,
291 339 341 368 καὶ
368 340 423 366 τῶν
450 339 626 374 ἀδικημάτων
655 339 705 365 οὐκ
732 338 839 370 ἄλλους,
857 338 916 365 ἀλλ’

133 387 202 422 ὑμᾶς
217 385 350 420 ὲπάγεται
377 384 530 420 μάρτυρας.
550 383 648 417 Κύριοι
664 384 718 418 γὰρ
741 383 788 410 νῦν
809 382 916 415 ἀξιοῦτε

132 432 255 467 γενέσθαι
265 429 303 459 ὧν
317 431 455 466 τυραννίδι
467 430 514 457 καὶ
527 429 572 465 βίᾳ
586 429 635 464 τὴν
646 429 770 463 ἐξουσίαν
785 429 916 464 προειλή-

133 487 208 513 φατε.
231 478 343 505 Ἀνίατα
355 477 383 503 δὲ
400 477 498 508 νοσεῖν,
512 476 559 502 καὶ
570 476 713 511 κρείττους
724 474 792 502 εἶναι
804 475 915 510 διορθώ-

133 530 197 553 σεως
211 521 258 548 καὶ
272 521 466 557 μεταμελείας,
480 520 556 547 οὔπω
567 521 724 555 κατέγνωκε
735 529 743 537 ·
758 520 802 547 διὰ
825 520 914 551 τοῦτο,

133 568 176 594 καὶ
189 567 282 602 φίλους
293 568 460 602 περινοστεῖ,
476 567 524 593 καὶ
539 567 636 601 λόγους
653 561 815 601 φθέγγεται’
829 567 913 593 ἐλεει-

132 612 200 644 νοὺς,
217 612 263 638 καὶ
276 611 330 646 πρὸ
345 611 456 643 τούτων,
469 611 564 647 ὥσπερ
581 612 723 647 ἱκετηρίαν
733 633 741 644 ,
765 612 830 639 αὐτὸ
846 621 913 648 προ-

132 657 208 682 τείνει
236 657 267 683 τὸ
293 656 414 683 δίκαιον·
441 656 491 683 οὐκ
520 657 549 684 ἐν
567 658 624 689 τοῖς
641 657 740 690 ἔξωθεν
751 658 913 693 κριτηρίοις,

132 702 186 728 ἀλλ’
200 702 229 728 ὲν
244 702 337 736 μέσοις
351 702 448 737 φίλοις,
465 703 513 730 καὶ
524 703 570 730 ἐπὶ
582 702 629 730 τοῦ
644 703 765 738 βήματος
777 704 826 738 τῆς
838 703 915 738 ὑμῶν

133 748 321 783 συνειδήσεως.
337 749 369 775 Et
384 749 406 776 δ’
420 749 461 776 ἔτι
479 749 563 785 μηδὲν
578 750 696 785 χρηστὸν
720 750 787 785 μηδὲ
810 749 914 776 δίκαιον

133 794 195 829 περὶ
207 793 288 821 αὑτὸν
314 795 470 830 ἐννοήσητε,
489 795 551 830 μηδ’
571 795 684 822 ἐκείνων
698 794 773 830 αὐτῷ
799 796 915 830 ἐκστῆτε

131 839 148 866 ἃ
161 839 316 875 τυραννίδος
332 840 413 875 νόμος
430 840 513 867 αὐτοῦ
528 840 578 875 μὲν
596 841 730 876 ἥρπασεν,
747 841 811 875 ὑμῖν
825 840 854 867 δὲ
875 842 917 867 ὲν-

132 886 274 921 εχείρισεν,
295 886 363 918 ἴστε,
381 886 419 918 ὡς
431 887 500 921 ὅπερ
514 887 616 918 ἐκεῖνος
631 888 645 912 ὁ
657 887 702 921 ὑφ’
717 886 793 921 ὑμῶν
808 886 917 913 ἀδικού-

133 940 211 967 μενος
226 933 314 959 εἰπεῖν
341 932 493 968 καθ’ὺμῶν
504 932 665 967 ἐφυλάξατο,
679 931 756 958 αὐτοὶ
774 932 835 959 καθ’
855 933 917 959 ἑαυα

130 977 193 1009 τῶν,
204 977 248 1004 διὰ
266 977 320 1004 τῶν
334 977 434 1013 ιργων,
451 977 482 1004 τδ
498 977 651 1012 χειρίστους
673 976 825 1012 ἀνθρώπων
846 974 916 1004 εἶναι

132 1023 239 1050 πάντων
251 1022 432 1058 ἐψηφίσασθε.

431 1121 545 1149 ΕΠΙΣΤ.
560 1121 619 1148 EA’.

234 1167 386 1203 Γρηγυρίῳ
398 1167 527 1199 διακόνῳ
543 1167 592 1194 καί
608 1168 808 1202 χαρτυλαρίῳ.

967 200 1181 228 misericordiam
1205 204 1327 236 possent,
1344 208 1396 228 nec
1422 200 1561 229 silentium
1587 201 1754 237 praetulisset

965 246 1045 281 iustae
1072 246 1234 282 injuriarum
1256 246 1445 281 deplorationi.
1468 247 1549 275 Miser
1562 252 1653 276 autem
1669 247 1714 276 ille
1724 251 1754 276 et

965 298 1077 326 pauper,
1106 291 1134 318 in
1160 291 1238 326 cujus
1255 291 1417 326 jampridem
1442 299 1523 320 causa
1545 292 1579 320 ad
1603 296 1630 320 te
1647 292 1753 320 litteras

965 337 1039 369 dedi,
1053 336 1154 364 fatetur
1166 342 1193 365 te
1206 337 1334 372 iniuriam
1351 337 1484 372 intulisse,
1496 338 1656 373 iniuriarum
1670 346 1752 375 porro

968 383 1105 411 illatarum
1134 383 1208 411 haud
1231 383 1298 411 alios
1324 388 1408 411 testes
1427 391 1508 418 quam
1538 384 1655 419 teipsum
1675 385 1751 412 citat.
1770 406 1773 409 λ

965 429 1111 457 Dominum
1137 436 1231 456 earum
1248 437 1338 456 rerum
1364 429 1457 457 haberi
1480 434 1505 456 te
1521 430 1562 456 vis
1589 430 1751 466 legitimum,

965 483 1033 510 quas
1046 475 1104 510 :‘per
1120 475 1176 502 vim
1199 479 1227 502 et
1247 475 1416 511 tyrannidem
1433 475 1509 510 prius
1531 475 1676 502 abstulisti.
1692 475 1753 502 Non

966 526 1057 548 tamen
1071 522 1215 557 desperato
1227 521 1322 549 morbo
1332 522 1419 549 teneri
1431 521 1518 554 te,vel
1533 521 1686 552 incurabili,
1702 528 1753 548 nec

966 567 1126 603 poenitentia
1150 568 1321 603 corrigendo,
1344 567 1501 595 arbitratur.
1526 567 1630 594 Idcirco
1651 567 1752 602 passim

965 613 1067 641 amicos
1095 613 1162 647 adit,
1193 621 1334 641 sermones
1362 613 1428 641 serit
1464 612 1644 644 miserabiles,
1672 616 1753 647 atque

965 659 1089 695 inprimis
1102 660 1147 695 jus
1177 659 1266 695 ipsum
1286 660 1490 694 deprecatorem
1512 658 1593 686 oﬂ‘ert
1607 666 1614 684 :
1627 665 1679 686 nec
1694 665 1752 686 rem

966 705 1039 740 apud
1058 705 1179 733 forensia
1205 705 1351 733 tribunalia
1370 709 1478 737 tractat,
1505 705 1553 732 sed
1568 704 1663 732 amicis
1680 704 1754 731 arbi-

966 752 1028 785 tris,
1043 756 1072 779 et
1095 751 1129 779 ad
1148 751 1267 778 tribunal
1284 751 1459 778 conscientiae
1474 755 1538 778 tute.
1563 750 1592 777 Si
1605 750 1694 778 adhuc
1715 749 1754 778 nil

967 796 1122 828 humanius,
1143 795 1211 823 nihil
1233 803 1295 823 cum
1310 795 1414 830 iustitia
1441 795 1628 829 coniunctum,
1645 799 1752 823 statuas

970 842 998 869 in
1012 842 1064 869 hac
1078 842 1139 876 ejus
1165 848 1257 874 causa,
1280 848 1332 868 nec
1346 840 1444 868 cedere
1459 840 1528 869 velis
1551 840 1754 875 possessionem

969 894 1062 915 eorum
1075 895 1135 922 quae
1149 895 1199 922 per
1225 887 1408 922 tyrannidem,
1424 893 1477 914 non
1493 886 1592 921 legem,
1608 885 1753 918 abstulisti,

969 934 1050 966 scias,
1068 933 1140 968 quod
1163 937 1301 968 utcunque
1316 933 1360 960 ille
1375 940 1456 968 quem
1469 936 1497 960 tu
1524 938 1671 967 pauperem
1684 930 1754 959 affe-

969 978 1030 1006 cisti
1044 977 1153 1012 injuria,
1169 977 1195 1004 id
1210 985 1265 1005 non
1279 982 1374 1005 contra
1386 982 1412 1004 te
1426 977 1535 1010 dixerit,
1556 981 1641 1004 temet
1662 980 1754 1005 tamen

969 1025 1064 1049 contra
1086 1026 1113 1049 te
1141 1021 1270 1054 sciscere,
1288 1029 1336 1057 per
1350 1029 1382 1049 ea
1404 1029 1465 1056 quae
1483 1025 1635 1056 perpetras,
1652 1027 1714 1048 esse
1727 1024 1756 1048 te

968 1067 1098 1095 nimirum
1113 1068 1234 1095 omnium
1251 1068 1391 1095 hominum
1410 1067 1620 1102 nequissimum.

1249 1124 1356 1152 EPIST.
1382 1124 1473 1151 LXIV.

1124 1170 1249 1206 Gregorio
1266 1171 1377 1197 diacono
1392 1174 1417 1197 et
1433 1170 1605 1197 chartulario.

742 1213 874 1239 Montacut.
893 1215 945 1247 (ep.
963 1215 1018 1246 113,
1034 1222 1058 1246 p.
1074 1215 1141 1248 155).

171 1267 389 1302 ’Δναθεμάτισαν
402 1266 477 1302 ἡμᾶς
489 1265 597 1302 χρόνοις
614 1267 740 1302 μακροῖς,
764 1267 839 1294 πᾶσα
853 1267 916 1295 σύν-

130 1314 189 1346 οδος
200 1313 337 1348 αίρετικὴ,
353 1312 401 1339 καὶ
416 1312 471 1338 πᾶν
486 1312 680 1348 Είκονομάχων
695 1313 834 1349 συνέδριον
845 1322 853 1329 ·
868 1315 917 1349 οὐχ

131 1360 204 1395 ἡμᾶς
230 1359 259 1386 δὲ
274 1358 352 1394 μόνον
362 1379 371 1391 ,
385 1358 453 1385 ἀλλὰ
477 1358 526 1385 καὶ
541 1358 649 1394 πατέρα
664 1358 713 1386 καὶ
728 1359 799 1386 θεῖον
823 1360 919 1395 ἡμέτεο

132 1415 189 1443 ρον,
223 1406 321 1441 ἄνδρας
345 1405 515 1440 ὁμολογητὰς
536 1405 666 1440 Χριστοῦ,
695 1406 743 1433 καὶ¹
766 1406 917 1442 ἀρχιερέων

133 1450 323 1485 σεμνολόγημα
333 1452 340 1459 '
352 1449 411 1476 ἀλλ’
429 1449 689 1485 ἀναθεματισαντες,
707 1451 747 1482 εἰς
758 1451 805 1478 τὸν
825 1452 919 1487 ἀρχιε-

134 1495 244 1530 ρατικδν
265 1495 359 1531 θρόνον
387 1495 462 1531 ἡμᾶς
489 1496 629 1531 ἀνήγαγον
654 1497 702 1524 καὶ
715 1497 754 1532 μὴ
780 1497 918 1530 θέλονταςι

130 1541 402 1576 ἀναθεματιζέτωσαν
424 1542 569 1577 τοιγαροῦν
588 1542 634 1569 καὶ
654 1542 703 1569 νῦν
726 1543 751 1569 ol
774 1544 921 1579 παραπλη-

133 1588 198 1620 σίως
213 1588 327 1619 ἐκείνοις
342 1587 397 1615 τῶν
409 1588 583 1615 Δεσποτικῶν
596 1588 710 1616 ἐντολῶν
722 1590 920 1625 ἀλογήσαντες,

1004 1269 1185 1296 Anathemate
1201 1276 1252 1296 nos
1269 1268 1446 1304 perculerunt
1465 1267 1624 1303 jamdudum
1639 1267 1757 1304 synodus

969 1315 1108 1347 haeretica,
1123 1319 1151 1342 et
1172 1315 1315 1342 universus
1334 1314 1575 1343 lconomachorum
1590 1321 1756 1347 consessus;

969 1368 1022 1388 nec
1041 1368 1093 1388 nos
1112 1365 1230 1392 tantum.
1246 1360 1294 1388 sed
1318 1364 1346 1387 et
1360 1364 1464 1395 patrem
1482 1363 1510 1386 et
1528 1363 1655 1394 patruum
1675 1358 1757 1386 etiam

971 1410 1105 1437 nostrum,
1121 1406 1195 1433 viros
1212 1405 1313 1433 Christi
1328 1405 1512 1438 confessores,
1525 1410 1552 1433 et
1565 1405 1757 1441 episcoporum

970 1452 1092 1488 gloriam,
1115 1452 1163 1480 sed
1182 1456 1272 1480 tamen
1292 1452 1550 1479 anathematizatum
1575 1452 1604 1480 in
1627 1453 1756 1480 thronum

970 1498 1228 1533 archiepiscopalem
1252 1498 1421 1526 intruserunt
1444 1505 1500 1525 non
1519 1498 1675 1531 volentem;
1691 1505 1758 1525 ana-

971 1543 1108 1577 themate,
1149 1551 1223 1571 nunc
1256 1544 1338 1571 etiam
1370 1552 1426 1571 non
1458 1544 1548 1572 minus
1570 1543 1669 1572 feriant
1701 1543 1757 1576 illi.

972 1590 1079 1617 Domini
1097 1590 1225 1617 mandata
1239 1589 1370 1618 facientes
1382 1590 1469 1623 flocci,
1490 1591 1537 1618 sed
1555 1595 1583 1619 et
1603 1595 1756 1626 transgres-

130 1633 179 1660 καὶ
204 1633 381 1669 παρανομίας
406 1634 516 1670 ἀπάσης
541 1634 671 1662 πλατεῖαν
696 1634 748 1671 τὴν
764 1635 852 1671 πύλην
877 1635 916 1663 mi

973 1635 1040 1663 sioni
1055 1635 1207 1670 cuicunque
1218 1636 1368 1670 spatiosum
1387 1640 1414 1663 et
1432 1636 1551 1670 amplum
1571 1641 1680 1671 portum
1692 1643 1757 1672 ape-

130 1678 286 1714 εὐρύχωρον
297 1678 528 1711 ἀναπετάσαντες,
544 1679 587 1706 ἵνα
599 1679 646 1706 καὶ
660 1679 737 1707 αὐτοὶ
749 1680 802 1707 ἀπὸ
817 1682 869 1717 γῆς
879 1681 919 1712 εις

130 1724 180 1759 τὴν
204 1724 329 1760 οὐράνιον
348 1724 422 1760 ἡμᾶς
438 1724 578 1760 βασιλείαν
593 1725 640 1753 καὶ
655 1725 802 1758 ὀκνοῦντας
827 1726 922 1754 ἀναδι-

129 1769 261 1797 δάσωσιν.

443 1815 556 1842 ΕΠΙΣΤ.
571 1816 629 1842 EE’.

236 1860 373 1896 Γεωργιίῳ
385 1860 515 1893 διακόνῳ
529 1862 581 1888 καί
593 1862 815 1897 ὀρφανοτρόφῳ.

973 1682 1085 1714 riemes,
1111 1682 1140 1709 in
1162 1689 1224 1709 eum
1240 1681 1322 1710 ﬁnem
1350 1686 1380 1710 ut
1390 1689 1434 1710 me
1459 1682 1493 1710 de
1510 1682 1622 1710 terrain
1646 1682 1756 1710 ctelesle

971 1735 1084 1764 regnum
1102 1729 1298 1757 transmittant.

1268 1815 1379 1844 EPIST.
1395 1815 1476 1843 LXV.

1108 1859 1219 1896 Georgio
1230 1860 1342 1888 diacono
1355 1865 1380 1888 et
1394 1861 1615 1896 orphanolrop/to.

746 1920 878 1945 Montacut.
897 1920 948 1951 (ep.
964 1918 1020 1948 156,
1035 1925 1060 1950 p.
1077 1917 1142 1948 189).

165 1969 198 1996 Εί
210 1968 259 2004 μὲν
272 1969 326 1996 ἀπὸ
338 1969 389 2005 τῆς
404 1970 518 2006 γνώμης
536 1970 638 2006 κρίνεις
649 1971 683 1998 τά
695 1971 856 2007 πράγματα,
871 1971 919 1998 καὶ

128 2016 242 2046 σκοπεῖς
253 2015 302 2050 τὴν
317 2015 478 2051 προαίρεσιν
492 2015 575 2050 (οὕτω
588 2016 616 2042 δὲ
627 2016 761 2051 προσῆκε,
775 2016 823 2043 καὶ
838 2016 918 2043 θείων

128 2062 263 2097 χρησμῶν
274 2062 348 2088 ἐστιν
361 2062 378 2097 ή
390 2062 502 2097 ψῆφος),
518 2061 591 2097 ἔχεις
606 2062 690 2097 ἡμᾶς,
704 2063 728 2088 εί
739 2062 777 2097 μὴ
789 2061 919 2097 φορτικὸν

127 2109 229 2140 εἰπεῖν,
243 2107 378 2142 λαμπρῶς
390 2108 438 2134 ἐπὶ
452 2108 494 2134 σοὶ
510 2108 743 2142 στεφανωθέντας.
768 2108 799 2134 Εἰ
813 2107 842 2134 δὲ
862 2109 918 2140 τοῖς

127 2155 222 2189 ιργοις
249 2153 328 2185 δίδως
346 2154 392 2180 τὸν
411 2154 552 2188 στέφανον,
573 2155 647 2189 ἡμᾶς
676 2154 725 2190 μὲν
748 2154 801 2181 οὐδ’
828 2153 914 2187 οὕτως

127 2199 206 2226 οὐδὲν
223 2197 384 2234 ζημιώσεις.
408 2199 476 2226 Οὐδὲ
492 2199 560 2234 γὰρ,
575 2200 635 2226 οὐδὲ
651 2199 739 2232 τοῦτο,
758 2199 846 2227 καίτοι
861 2200 916 2226 τῶν

127 2244 235 2280 καιρῶν
250 2245 316 2280 ἡμῖν
331 2245 545 2277 ἀντιπνεόντων,
561 2245 728 2280 ὲνελίπομεν.
761 2245 864 2273 Ἐκεῖνο
887 2245 917 2272 δέ

129 2300 161 2318 σε
176 2290 297 2317 συνιέναι
322 2289 386 2326 χρὴ,
409 2290 450 2317 ὅτι
474 2289 562 2318 ταῦτα
574 2291 769 2326 ψηφιζόμενος,
786 2292 835 2327 οὐχ
845 2292 919 2327 ἡμᾶς

130 2336 235 2371 μᾶλλον
262 2329 378 2371 Θατέρου
400 2335 455 2362 τῶν
483 2335 624 2369 στεφάνων
650 2336 822 2371 ἀποστερεῖς,
850 2335 919 2362 ἀλλά

129 2383 246 2411 σεαυτοῦ
269 2383 400 2419 ἑκάτερον
414 2383 540 2418 ἀφαιρεῖς
549 2389 556 2400 ·
571 2383 601 2409 ὃν
614 2390 644 2409 τε
657 2381 782 2417 προξενεῖ
791 2381 825 2408 τὰ
839 2381 918 2417 ἔργα,

128 2429 179 2456 καὶ
193 2429 222 2457 ὃν
236 2429 331 2456 πλέκει
344 2430 362 2465 ἡ
375 2429 544 2464 προαίρεσις.

435 2484 549 2511 ΕΠΙΣΤ.
574 2483 642 2517 sq".

158 2528 348 2561 Ἀναστασίφ
385 2528 576 2591 πμσῇυῖέρῳ
607 2529 658 2556 καί
682 2527 905 2563 βιόλοθηκαρίῳ

491 2573 582 2591 (nunc.

491 2573 582 2599 ωμης.

1008 1969 1148 2004 Siquidem
1163 1968 1197 1996 ab
1210 1968 1363 1996 intentione
1376 1968 1410 1996 de
1426 1968 1506 1996 rebus
1522 1968 1590 1996 actis
1601 1968 1717 2003 iudicas,
1729 1971 1758 1996 et

971 2015 1140 2051 propositum
1151 2015 1308 2042 consideres
1318 2014 1399 2050 (quod
1411 2022 1459 2049 par
1471 2018 1513 2041 est
1522 2014 1621 2047 facere,
1635 2014 1758 2049 quando-

970 2061 1081 2097 quidem
1093 2060 1131 2087 ita
1143 2059 1234 2087 divina
1248 2060 1407 2095 praecipiant
1420 2059 1643 2092 oracula),habes
1652 2064 1680 2087 et
1694 2067 1757 2093 nos,

971 2114 1007 2134 ne
1033 2105 1097 2141 quid
1109 2105 1218 2141 gravius
1231 2105 1329 2136 dicam,
1347 2105 1487 2140 splendide
1500 2112 1516 2132 a
1529 2109 1555 2132 te
1573 2108 1718 2132 coronatos
1730 2109 1759 2132 et

970 2152 1135 2180 honoratos:
1147 2152 1189 2182 sin
1206 2151 1274 2178 actis
1282 2151 1390 2178 dederis
1405 2157 1543 2180 coronam.
1552 2157 1603 2177 nos
1614 2149 1698 2182 nullo,
1707 2158 1759 2177 nec

969 2198 1008 2226 sic
1021 2198 1141 2233 quidem,
1162 2197 1261 2225 damno
1279 2197 1387 2225 aﬂicies.
1409 2196 1501 2231 Neque
1526 2196 1599 2224 enim
1614 2203 1681 2229 nos,
1696 2196 1760 2224 licet

970 2248 1095 2278 tempore
1127 2243 1253 2276 adverso,
1280 2242 1429 2270 defecimus
1452 2241 1557 2268 cilicio:
1585 2246 1613 2268 et
1642 2240 1707 2268 illud
1730 2245 1760 2267 te

972 2294 1080 2325 oportet
1091 2289 1172 2323 scire,
1187 2289 1259 2324 quod
1274 2289 1310 2316 ita
1323 2287 1506 2320 decernendo,
1518 2294 1572 2314 non
1586 2290 1640 2314 tam
1653 2294 1704 2313 nos
1722 2286 1759 2313 al-

971 2342 1075 2364 terutra
1090 2343 1251 2364 coronarum
1268 2335 1369 2370 privas,
1384 2342 1466 2369 quam
1483 2339 1625 2368 utramque
1641 2341 1657 2360 a
1670 2332 1760 2368 teipso

973 2381 1065 2415 tollis;
1085 2388 1184 2416 nempe
1198 2388 1279 2415 quam
1301 2379 1451 2414 largiuntur
1467 2385 1561 2414 opera,
1579 2382 1607 2406 et
1619 2385 1700 2414 quam
1711 2385 1760 2406 vo-

974 2427 1066 2455 luntas
1080 2427 1175 2462 plectit
1187 2431 1216 2454 et
1232 2425 1413 2461 propositum.

1237 2482 1347 2511 EPIST.
1367 2481 1458 2510 LXVI.

1027 2529 1169 2557 Anastasio
1193 2529 1340 2564 presbytero
1369 2533 1393 2556 et
1408 2528 1602 2556 bibliot/tecario
1612 2527 1742 2556 Romano.

749 2611 883 2637 Montacut.
900 2610 953 2643 (ep.
970 2609 1023 2638 170,
1039 2617 1064 2641 p.
1080 2610 1146 2641 244).

174 2653 233 2690 Ἀφ’
258 2656 335 2692 ἱερᾶς
365 2656 415 2692 μέν
444 2664 496 2688 σοι,
511 2655 542 2683 τὸ
561 2655 755 2691 παροιμιῶδες,
783 2656 798 2682 ὁ
821 2654 916 2690 ἀγών·

126 2701 183 2737 ὀψὲ
212 2702 240 2729 δὲ
253 2702 305 2738 τῆς
326 2702 429 2738 χρείας,
446 2703 493 2730 καὶ
515 2703 565 2738 τῆς
583 2702 694 2738 γνώμης
709 2702 740 2728 οὐ
763 2702 918 2737 μέμφομαι.

129 2747 187 2774 Τδν
219 2749 315 2784 καιρὸν
344 2749 367 2776 δ’
389 2749 444 2784 ὁρῶ
469 2749 679 2785 παρελάσαντα,
706 2748 753 2775 καί
779 2756 824 2783 μοι
848 2748 921 2774 δοκεί

126 2793 226 2819 τοῦτον
254 2795 304 2822 οὐκ
337 2794 470 2830 ἀκόμψως
499 2796 514 2822 ὁ
530 2793 738 2829 αίνιγματιστὴς
764 2792 921 2825 ἀπεικάζων

1008 2655 1031 2681 Α
1043 2662 1120 2682 sacra
1134 2653 1215 2686 linea,
1236 2658 1266 2681 ut
1277 2653 1449 2689 proverbium
1458 2654 1550 2687 habet,
1561 2655 1608 2683 tibi
1622 2659 1761 2683 certamen

974 2699 1165 2727 sumitur.Nec
1178 2699 1360 2734 reprehendo,
1373 2700 1445 2735 quod
1455 2704 1516 2735 post
1537 2708 1618 2727 usum
1626 2705 1653 2727 et
1667 2699 1762 2735 cogni-

976 2745 1076 2772 tionem
1086 2745 1317 2780 opportunitatem
1342 2745 1462 2780 elapsam
1478 2744 1567 2772 video.
1588 2743 1645 2772 Nec
1662 2744 1761 2772 inscite

977 2790 1044 2818 mihi
1063 2790 1172 2819 videtur
1181 2791 1349 2827 anigmatica
1369 2790 1456 2819 oratio
1471 2790 1523 2819 hoc
1535 2789 1684 2825 insinuare,
1699 2797 1762 2826 qua:
