1928 3097
177 139 228 195 έ79

751 161 881 192 ΡΗΟΤΙΙ
899 162 966 191 ΡΑΤ

1020 160 1150 190 ιιιριῐλΕ
1178 160 1234 189 CP.
1747 156 1790 188 880

177 223 267 250 fronte
288 223 442 258 capil'latam
453 221 634 254 occasionem,
646 228 661 248 a
674 221 778 256 postico
789 220 892 247 calvam
907 220 966 254 piu-

1020 218 1107 252 λόγος,
1140 216 1294 253 ἔμπροσθεν
1321 215 1369 251 μὲν
1401 214 1591 251 ἀκερσεκόμην
1606 233 1614 247 ,
1638 213 1746 240 ὃπισοεν
1767 213 1791 239 δὲ

177 267 306 304 εἰι.Μω
333 275 395 295 cum
420 267 592 302 pmterlapso
616 271 739 301 tempore
765 264 968 298 advenit,licet

180 314 306 342 onmihus
319 313 452 341 machinis
476 317 665 348 persequatur,
694 311 767 339 haud
787 310 967 346 comprehen-

179 360 227 388 det
253 364 354 386 tamen.
383 357 437 385 Sed
460 357 532 385 bene
561 358 597 385 sit
622 357 797 392 compatienti
828 356 967 392 proposito

179 410 236 438 tuo,
256 409 396 438 utcunque
409 403 485 431 tarde
510 402 662 431 advenerit.
681 403 768 430 Amici
779 402 853 431 enim
867 401 969 430 debent

178 450 289 486 gratiam
302 456 358 476 non
370 457 421 476 usu
441 453 470 476 et
497 448 661 477 necessitate
674 448 775 482 metiri,
802 448 850 476 sed
869 447 969 476 allectu

178 501 206 523 et
221 495 370 523 voluntate.

440 550 553 579 EPIST.
579 549 682 578 LXVII.

421 597 553 624 Damiano
573 597 731 625 tenedos/to.

1017 264 1130 300 κουρίαν
1162 264 1191 290 ἐν
1217 261 1510 299 χρῷ,διαγράψασθαι.
1535 260 1662 287 Ἐπειδὰν
1683 260 1736 294 γὰρ
1758 268 1793 291 τις

1017 310 1105 337 ὀπίσω
1123 308 1170 336 τοῦ
1192 309 1288 345 χρόνου
1302 308 1428 343 γένηται,
1445 308 1498 334 κᾶν
1516 307 1627 342 μυρίαις
1645 305 1728 332 αὑτὸν
1739 305 1792 331 ὲπι-

1017 355 1103 392 διώκῃ
1116 355 1236 390 τέχναις,
1246 355 1296 381 οὐκ
1309 354 1382 381 ἔστιν
1393 353 1475 380 αὑτοῦ
1488 351 1711 389 περιδράεασθαι.
1732 350 1793 377 Ἀλλ’

1020 399 1085 436 εὗγέ
1102 409 1144 428 σοι
1168 401 1215 428 καὶ
1236 400 1285 435 τῆς
1303 399 1349 427 διὰ
1374 399 1488 435 βράδους
1504 397 1634 432 ἐλθούσης
1646 396 1794 432 συμπαθοῦς

1018 446 1214 483 προαιρέσεως.
1230 446 1317 473 Φίλων
1335 446 1401 481 γὰρ,
1417 445 1477 480 οὐχί
1495 445 1529 480 τῇ
1546 443 1627 478 χρεία
1650 442 1699 478 τὴν
1725 441 1795 477 χάριν

1018 493 1136 528 μετρεῖν,
1147 493 1180 528 τῇ
1192 492 1302 528 προθέει
1313 491 1341 519 δὲ
1356 492 1458 527 κρίνειν
1469 491 1517 525 τὴν
1525 489 1640 517 εὔνοιαν.

1308 548 1426 576 ἘΠΙΣΤ.
1452 547 1512 575 ΞΖ’.

1252 594 1387 629 Λαμιαν-ᾦ
1411 593 1572 628 ξενοδόχῳ,

790 654 923 679 Montacut.
941 655 993 686 (ep.
1009 653 1063 683 195,
1078 659 1104 684 p.
1119 652 1187 684 293).

215 703 244 731 Si
260 703 398 739 graviores
420 710 501 738 quam
526 703 624 731 delicta
654 708 794 731 merentur
817 711 913 740 poenas
934 703 971 731 ir-

179 749 326 785 rogaveris,
346 748 404 776 noli
432 749 564 777 arbitrare
580 749 728 784 teiustitiat
742 749 811 777 ﬁnes
831 757 887 778 non
898 755 971 778 tran-

1053 701 1100 737 Μὴ
1116 702 1226 738 μείζους
1236 701 1361 728 ἀπαιτῶν
1378 701 1426 733 τὰς
1436 701 1490 728 τῶν
1501 700 1679 736 πταισμάτων
1691 700 1797 735 είσπρά-

1023 748 1078 782 ξεις
1101 749 1154 782 ἔξω
1167 748 1259 784 νόμιζε
1274 748 1382 779 δικαίας
1399 748 1495 783 ποινῆς
1509 747 1641 783 πράττειν
1658 754 1667 762 ·
1677 747 1708 774 οὐ
1725 747 1797 782 μόνον

179 796 254 823 silire
271 804 279 822 :
302 802 366 822 nam
383 802 436 822 non
453 799 559 822 tantum
581 797 633 822 hoc
657 795 754 823 rationi
785 795 929 823 reddendae
946 800 966 823 ω

1020 793 1073 828 γὰρ
1083 793 1133 820 οὐκ
1144 792 1301 826 ἀνεύθυνον,
1314 791 1366 820 κᾶν
1378 792 1421 819 ἐπ’
1430 792 1541 828 ὀνόματι
1552 792 1635 826 νόμου
1647 791 1726 819 τοῦτο
1739 792 1797 827 ποιῇ

179 848 234 868 non
247 840 384 875 subiiciet,
400 841 464 868 licet
481 840 549 877 legis
574 845 706 876 praetextu
731 841 786 873 ﬂat,
818 841 865 868 sed
883 841 966 876 dupli-

1020 847 1072 872 τις,
1100 838 1167 866 ἀλλὰ
1195 839 1243 866 καὶ
1270 838 1375 870 διπλοῖς
1409 838 1500 874 ἔνοχον
1544 838 1710 873 ἀδικήμασιν
1724 846 1732 854 ·
1759 838 1798 864 δτι

179 891 246 914 caue
271 886 410 921 iniustitia:
421 893 497 914 reum
511 886 584 919 facit,
601 886 740 919 nimirum,
756 887 828 921 quod
842 886 966 921 iniuriam

1020 885 1067 912 καὶ
1100 885 1206 917 ἀδικίας
1237 884 1337 921 ἀρχει,
1362 883 1410 911 καὶ¹
1430 884 1530 919 νόμους
1561 883 1690 918 ὑϐρίζει·
1722 882 1798 932 μέχρι

180 931 280 965 intulit,
308 935 336 958 et
362 932 435 966 leges
474 931 556 959 aﬁicit
588 932 749 959 contumelia
771 940 778 960 :
807 931 860 959 huc
883 939 968 967 usque

180 977 272 1005 forsan
287 984 393 1012 aequum
416 981 443 1004 et
466 977 616 1012 legitimum
631 982 683 1009 est,
709 977 744 1005 ah
773 977 876 1013 injuria
908 977 968 1005 atii-

180 1022 269 1049 cieute
283 1029 391 1057 poenam
413 1029 576 1057 reposcere:
594 1027 623 1050 at
638 1029 792 1050 mensuram
818 1022 968 1059 transgredi

180 1067 208 1094 in
222 1067 366 1095 inferendo
385 1067 528 1102 supplicio,
542 1072 640 1095 contra
658 1068 732 1103 leges
753 1068 896 1096 manifeste
919 1076 969 1103 pu-

180 1116 254 1148 gnat,
287 1117 315 1140 et
345 1113 479 1149 supplicio
510 1113 621 1149 dignum
657 1112 723 1141 facit
748 1114 866 1147 eodem,
896 1115 969 1149 quod

180 1158 318 1193 irrogavit,
336 1159 357 1186 si
384 1166 439 1186 non
452 1159 584 1195 graviore,
604 1164 678 1188 certe
702 1167 757 1188 non
770 1160 967 1188 moderatiore:

179 1204 226 1231 dat
242 1204 314 1232 enim
334 1204 441 1232 initium
468 1204 545 1232 alteri
565 1205 671 1241 iniuriae.
689 1214 696 1233 :
721 1205 744 1233 si
765 1210 840 1233 certe
860 1206 907 1241 qui
934 1206 969 1234 ab

181 1249 267 1276 altero
299 1257 393 1284 poenas
417 1258 466 1285 pro
489 1250 588 1285 injuria
604 1251 730 1285 reposcit,
752 1258 785 1278 eo
810 1250 870 1286 ipso
888 1251 970 1279 debet

182 1293 241 1328 ipse
255 1294 467 1322 moderationem
491 1294 607 1327 discere,
622 1302 657 1322 ne
669 1295 741 1330 iuste
755 1302 786 1322 ea
800 1302 880 1329 pcena
891 1302 970 1330 repo-

181 1343 271 1367 scatur
296 1339 331 1366 ah
345 1339 417 1374 ipso.
443 1338 521 1373 Quod
544 1339 567 1367 si
577 1339 727 1367 debitorem
742 1340 837 1368 decem
854 1340 968 1368 millium

182 1385 347 1412 talentorum
365 1385 457 1412 animo
476 1385 591 1417 recolas,
628 1390 657 1413 et
678 1386 823 1414 terribilem
845 1387 918 1415 illam
941 1390 969 1414 et

181 1430 294 1458 horrore
309 1430 417 1465 plenam
445 1431 695 1464 comminationem,
711 1431 775 1459 licet
794 1432 862 1460 nihil
878 1437 969 1460 extor-

180 1475 280 1510 quebat
299 1483 354 1503 non
367 1475 500 1510 debitum,
524 1480 629 1504 tantum
642 1477 716 1512 quod
730 1477 846 1506 debitori
858 1485 913 1506 non
924 1486 969 1514 νεα

181 1521 266 1555 percit
286 1531 293 1548 :
309 1529 390 1550 scena
407 1522 452 1550 illa
466 1526 494 1550 et
508 1527 666 1558 pnetextus,
689 1528 716 1551 te
734 1524 884 1552 secundum
895 1524 968 1560 leges

1020 930 1071 966 μὲν
1095 931 1150 967 γὰρ
1175 931 1254 959 τοῦτο
1270 950 1278 963 ,
1308 931 1366 957 ἴσον
1391 931 1468 965 παρὰ
1498 929 1546 957 τοῦ
1566 930 1726 965 ἠδικηκότος
1754 928 1796 956 λα-

1017 977 1086 1010 ϐεῖν,
1100 977 1215 1013 νόμιμον
1240 977 1305 1009 ἴσως
1332 978 1388 1009 τοῖς
1410 976 1517 1008 πολλοῖς
1538 976 1586 1002 καὶ
1604 975 1634 1002 οὺ
1655 975 1769 1010 χαλεπόν
1783 982 1791 989 ·

1019 1021 1226 1058 ὑπερϐεϐηκότα
1248 1021 1277 1048 δὲ
1297 1021 1328 1048 τδ
1349 1021 1459 1057 μέτρον,
1473 1020 1515 1047 ἐτι
1543 1019 1638 1051 ποινὰς
1652 1018 1798 1053 ἐπιζητεῖν,

1018 1067 1175 1103 παράνομον
1184 1067 1310 1102 φανερῶς
1316 1066 1501 1102 καὶτιμωρίας
1509 1065 1600 1100 ἔνοχον
1607 1061 1640 1100 ἦς
1652 1063 1799 1100 ἀπῄτησεν,

1021 1113 1066 1139 ἵνα
1080 1112 1117 1149 μὴ
1129 1112 1201 1147 λέγω
1212 1112 1376 1148 βαρυτέρας,
1387 1111 1456 1143 τέως
1468 1111 1500 1138 οὐ
1512 1110 1698 1146 μετριωτέρας
1710 1118 1717 1124 '
1730 1109 1799 1144 ἀρχὴ

1017 1158 1073 1194 γάρ
1086 1159 1160 1184 ἐστιν
1169 1157 1336 1193 ἀδικήματος
1349 1156 1429 1184 ἀλλον
1445 1164 1453 1172 ·
1467 1156 1566 1192 καίπερ
1581 1157 1596 1182 ὁ
1610 1155 1687 1190 δίκην
1697 1154 1799 1189 ἕτερον,

1018 1204 1088 1239 ὑπὲρ
1107 1201 1145 1232 ὧν
1158 1203 1296 1239 ἠδίκησεν,
1311 1202 1446 1236 ἀπαιτῶν,
1457 1201 1571 1229 αὐτόθεν
1595 1200 1710 1236 ὤφειλεν
1727 1200 1798 1236 ἔχειν

1017 1249 1063 1276 τὸν
1074 1250 1270 1285 σωφρονισμὸν,
1280 1250 1320 1281 εις
1331 1247 1362 1275 τὸ
1380 1249 1417 1284 μὴ
1431 1248 1479 1274 ἐπὶ
1492 1249 1548 1280 τοῖς
1557 1247 1624 1280 ῐσοις
1639 1247 1687 1274 καὶ
1701 1246 1802 1282 ὁμοίοις

1017 1296 1068 1331 τὴν
1081 1296 1158 1330 δίκην
1173 1295 1300 1330 ὀφείλειν,
1311 1294 1379 1328 ἀλλ’,
1394 1294 1432 1326 ὡς
1451 1294 1550 1327 ἔοικεν,
1561 1293 1612 1320 οὐκ
1625 1293 1698 1320 ἐστιν
1717 1292 1802 1328 ὀργῆς

1018 1341 1231 1377 ἐμμανέστερον.
1249 1341 1279 1367 El
1292 1340 1321 1367 δὲ
1335 1340 1383 1367 καὶ
1397 1339 1442 1366 τὸν
1456 1339 1597 1374 ὀφειλέτην
1617 1338 1673 1365 τῶν
1697 1337 1802 1373 μυρίων

1018 1387 1159 1414 ταλάντων
1183 1387 1223 1418 είς
1248 1385 1310 1413 νοῦν
1340 1384 1503 1416 ἀναλάϐοις,
1533 1383 1581 1411 καὶ
1611 1384 1661 1418 τὴν
1685 1382 1802 1417 φοϐερὰν

1018 1433 1137 1469 ἐκείνην,
1152 1432 1200 1460 καί
1212 1441 1254 1459 τοι
1268 1431 1343 1459 οὐδὲν
1360 1430 1424 1459 ἄλλο
1435 1431 1452 1466 ἢ
1467 1430 1536 1465 ὅπερ
1558 1429 1729 1466 ἑχρεώστητο
1749 1430 1803 1456 ἁπ-

1017 1480 1078 1516 ῄτει
1086 1479 1133 1506 καὶ
1140 1479 1241 1515 φρίκης
1250 1478 1386 1513 γέμουσαν
1393 1476 1518 1512 ἀπειλὴν,
1527 1476 1570 1503 ὅτι
1585 1475 1623 1511 μὴ
1635 1474 1806 1509 συγγνώμων

1017 1526 1122 1561 ἐγίνετο
1138 1525 1177 1561 τῷ
1195 1524 1334 1560 ὀφιιλέτη,
1348 1524 1409 1551 τίνα
1423 1524 1456 1551 ἀν
1473 1531 1514 1550 σοι
1528 1523 1546 1558 ἡ
1564 1521 1652 1558 σκηνὴ
1666 1520 1714 1548 τοῦ
1735 1520 1805 1547 κατά

180 1566 280 1601 facere,
295 1567 360 1603 quid
379 1568 518 1604 proderit?
533 1568 604 1604 quod
614 1569 744 1597 auxilium
760 1574 824 1597 tunc
835 1577 963 1605 procura-

1020 1572 1094 1607 νόμον
1106 1570 1210 1598 οἴεσθαι
1220 1575 1231 1589 ι
1244 1571 1373 1607 πράττειν
1382 1589 1390 1601 ,
1402 1570 1450 1596 καὶ
1463 1568 1666 1605 παρανομοῦντι
1677 1566 1806 1603 βοήθειαν

155 1617 158 1620 ’
180 1613 235 1640 bit?

443 1671 551 1699 EPIST.
577 1671 692 1700 LXVIII.

374 1715 459 1743 Paulo
479 1718 604 1744 monac/to
636 1718 719 1753 lapso.

1019 1616 1169 1652 ἐμπυρισῐιι
1481 1645 1485 1649 .

1305 1671 1417 1699 ΕΠΙΣΤ.
1440 1669 1502 1698 Ξιιι

1140 1717 1250 1751 Παύλῷ
1269 1715 1391 1753 μοναχῷ
1417 1714 1672 1749 ἀποστατήσαντι.

805 1778 937 1804 Montaeut.
956 1779 1049 1811 (ep."l,
1067 1785 1091 1810 p.
1109 1778 1158 1809 7i).

215 1828 299 1856 Deum
314 1833 437 1856 nostrum
464 1828 602 1857 Christum
614 1829 758 1866 abnegavit
774 1830 871 1858 Petrus
888 1839 896 1858 :
911 1831 964 1859 dif-

180 1873 279 1902 ﬁdebat
296 1874 384 1902 eidem
401 1873 535 1907 Thomas;
552 1874 636 1902 ludas
668 1880 759 1903 autem
776 1875 906 1911 prodidit.
923 1877 965 1904 Tu

179 1925 270 1948 autem
290 1920 313 1947 si
341 1920 489 1956 resipueris
507 1920 541 1948 ab
568 1920 601 1948 iis
624 1928 684 1955 quae
714 1926 809 1949 contra
832 1930 894 1955 nos,
920 1928 967 1950 aut

181 1971 254 1993 tuam
278 1966 367 2001 potius
396 1967 521 2000 salutem,
544 1966 636 1994 furore
661 1967 782 2001 percitus
804 1969 964 2002 patraveris,

179 2018 241 2046 quae
260 2014 286 2037 te
306 2011 341 2037 ad
357 2015 476 2037 mentem
495 2018 588 2038 sanam
613 2012 744 2040 reducere
757 2012 903 2046 debebant,
917 2013 965 2040 de—

180 2063 289 2090 sperare
301 2056 367 2083 noli.
385 2055 439 2084 Nos
453 2057 538 2089 enim,
550 2062 688 2092 utcunque
703 2063 759 2086 tute
770 2058 828 2094 ipse
839 2066 966 2086 emansor

180 2101 275 2133 fueris,
294 2101 329 2128 ab
339 2100 438 2128 aﬂ'ectu
455 2101 483 2128 in
502 2105 528 2129 te
560 2108 654 2130 nostro
666 2111 722 2130 non
735 2104 895 2131 excidimus.
905 2104 966 2132 Sint

180 2145 298 2174 Thomas
308 2151 336 2174 et
359 2146 454 2181 Petrus
469 2147 580 2182 antiqua
595 2148 642 2175 tibi
658 2149 782 2184 exempla
796 2150 830 2177 ad
849 2157 964 2177 conver-

178 2192 283 2219 sionem
301 2201 308 2219 :
326 2193 373 2220 sed
388 2197 416 2220 et
437 2193 505 2220 alios
525 2193 607 2221 etiam
623 2194 757 2229 collapsos
780 2195 964 2228 conservabis,

1049 1833 1100 1860 Τδν
1122 1830 1238 1867 Χριστὸν
1265 1829 1312 1856 καὶ
1336 1828 1403 1856 Θεδν
1428 1827 1519 1864 ἡμῶν,
1542 1827 1557 1853 ό
1584 1825 1688 1860 Πέτρος
1716 1823 1807 1859 ἠρνή-

1015 1889 1091 1913 σατο,
1118 1880 1132 1906 ὁ
1157 1878 1258 1914 Θωμᾶς
1283 1877 1448 1913 ἠπίστησεν,
1475 1876 1490 1902 ό
1519 1874 1620 1905 Ἰούδας
1646 1871 1805 1908 προῦδωκε·

1015 1927 1049 1954 σὺ
1073 1926 1166 1959 οὖν,εἱ
1198 1925 1247 1960 μὲν
1279 1924 1415 1960 μετέγνως
1439 1923 1481 1957 ἐφ’
1507 1920 1559 1954 οἷς,
1584 1920 1615 1953 ἐξ
1635 1917 1672 1947 ὧν
1696 1919 1750 1946 ἔδει
1775 1926 1808 1944 σε

1017 1972 1176 2006 σωφρονεῖν,
1189 1971 1249 1998 καθ’
1263 1970 1353 2006 ἡμῶν,
1370 1968 1470 2005 μᾶλλον
1481 1968 1511 1994 δὲ
1521 1967 1572 2003 τῆς
1587 1966 1637 2002 σῆς
1654 1964 1808 2000 σωτηρίας,

1015 2018 1129 2053 ἐμάνης,
1149 2016 1231 2052 μηδὲν
1249 2015 1385 2050 ἀπογνῷς.
1404 2014 1473 2041 Οῠτε
1487 2014 1542 2049 γὰρ
1569 2013 1620 2047 τῆς
1636 2011 1715 2047 ἡμῶν
1734 2009 1809 2045 πρὸς

1016 2061 1057 2093 σὲ,
1077 2060 1128 2087 κᾶν
1142 2060 1224 2091 αὐτὸς
1244 2058 1366 2094 ἐξέστης,
1393 2059 1555 2093 ἀπέστημεν
1579 2056 1738 2087 διαθέσεως,
1756 2055 1811 2081 καὶ

1014 2106 1116 2141 Θωμᾶς
1125 2115 1166 2133 σοι
1180 2107 1230 2142 τῇς
1241 2105 1423 2141 ἐπιστροφῆς,
1440 2104 1489 2131 καὶ
1503 2104 1616 2139 Πέτρος,
1627 2102 1732 2129 παλαιὰ
1745 2109 1810 2127 πα-

1021 2151 1190 2186 ραδείγματα
1204 2157 1213 2166 ·
1228 2150 1325 2182 σώσεις
1339 2149 1362 2176 δ’
1373 2149 1438 2181 ἴσως
1459 2149 1505 2176 καὶ
1519 2148 1599 2179 αὐτὸς
1612 2147 1710 2179 ἄλλους
1734 2155 1813 2180 σφα-

1015 2197 1122 2229 λέντας,
1139 2196 1175 2223 δι’
1193 2192 1230 2223 ὧν
1244 2195 1326 2228 αὐτὸς
1348 2195 1464 2230 ἀνέστης
1476 2193 1584 2221 πεσώνο
1599 2193 1624 2220 ει
1651 2193 1681 2220 δὲ
1698 2192 1737 2228 μὴ
1756 2201 1809 2227 με-

178 2245 240 2265 cum
270 2245 285 2265 a
313 2246 378 2266 casu
404 2243 451 2266 tuo
470 2239 645 2267 resuscitatus
662 2239 756 2268 fueris.
783 2240 860 2273 Quod
874 2241 896 2268 si
915 2248 963 2268 ne—

1020 2241 1133 2276 ταγνῷς,
1158 2241 1209 2269 κᾶν
1232 2241 1388 2276 ἀνιώμενοι,
1412 2240 1538 2276 λέγομεν,
1554 2239 1623 2275 πρὸς
1646 2238 1694 2266 τὸν
1717 2237 1815 2266 Ἰούδα

177 2291 312 2318 quaquam
346 2284 535 2319 paenitentiam
562 2285 660 2320 egeris,
687 2290 715 2313 te
756 2286 820 2313 licet
845 2286 968 2314 dolentes

176 2329 218 2357 sic
234 2329 358 2363 aﬂ‘amur,
386 2330 520 2365 reliquum
560 2336 602 2358 est
618 2336 648 2358 ut
672 2330 748 2359 Judae
774 2332 899 2367 laqueum
922 2340 967 2360 re-

176 2374 288 2409 spicias.

459 2430 567 2458 EPIST.
593 2430 686 2458 LXIX.

425 2477 549 2504 Monacho
565 2475 597 2503 E.
618 2477 742 2511 collapsa.

1015 2296 1045 2314 σε
1063 2287 1160 2323 βρόχον
1170 2287 1316 2314 ὑπόλοιπον
1326 2287 1443 2322 ἀφορᾷν.

1322 2432 1431 2459 ΕΠΙΣΤ.
1449 2432 1509 2458 Ξυσ.

1215 2478 1378 2508 Mortifera
1395 2480 1428 2505 E.
1443 2478 1578 2504 πεσόν-τι.

792 2534 924 2560 Montacut,
944 2539 995 2567 (ep.
1013 2537 1052 2568 12,
1068 2544 1092 2569 p.
1110 2538 1160 2570 74).

211 2585 335 2612 Peccasti
352 2594 359 2612 :
382 2586 532 2614 humanum
548 2592 598 2614 est.
616 2587 669 2614 Sed
701 2592 812 2622 peccato
844 2588 962 2616 admisso

175 2629 303 2663 inhaeres,
321 2638 371 2658 nec
389 2632 535 2659 reverteris
551 2641 558 2659 :
581 2633 624 2660 hei
636 2633 717 2660 mihi!
733 2633 785 2661 hoc
799 2633 962 2662 diabolicum

174 2678 225 2701 est.
241 2673 400 2708 Considera,
409 2683 510 2711 quaeso,
523 2685 557 2704 an
571 2686 625 2705 non
638 2677 777 2713 professus
789 2686 850 2707 cum
865 2686 962 2706 mona-

174 2717 234 2748 chis
246 2725 358 2755 sortem,
378 2727 405 2749 et
430 2723 573 2758 stipulatus
603 2724 752 2759 angelicam
776 2726 961 2754 conversatio-

1052 2590 1194 2624 Ἣμαρτες
1207 2597 1213 2603 ’
1231 2587 1401 2624 ἀνθρώπινον
1414 2586 1502 2614 τοῦτο.
1522 2585 1592 2613 Ἀλλ’
1606 2585 1756 2620 ὲπιμένεις
1770 2585 1820 2619 τῷ

1015 2635 1103 2670 κακῷ,
1119 2635 1165 2662 καὶ
1178 2635 1229 2662 οὐκ
1249 2635 1401 2671 ἐπιστρέφῃ
1413 2642 1419 2649 ·
1435 2633 1580 2669 δαιμόνων,
1598 2632 1626 2659 οῐ
1638 2640 1695 2667 μοι,
1709 2631 1818 2658 τοῦτο.

1015 2681 1114 2707 Σκόπει
1127 2680 1171 2716 δὴ,
1186 2681 1224 2716 μὴ
1239 2681 1300 2708 ἀντὶ
1314 2681 1362 2708 τοῦ
1378 2679 1561 2715 παραγγεῖλαί
1578 2686 1607 2704 σε
1624 2679 1664 2709 εἰς
1678 2677 1731 2713 τὴν
1753 2677 1820 2704 τῶν

1019 2726 1192 2762 μοναζόντων
1202 2727 1443 2764 Ικληρουχίαν,κα“ι
1461 2725 1677 2761 ἐπαγγείλασθαί
1694 2733 1727 2752 σε
1758 2725 1821 2761 τὴν

809 2802 927 2830 νΑιιιιΕ
953 2802 1155 2837 LECTIONES.

215 2877 226 2891 '
242 2874 286 2901 ισ.
300 2874 386 2911 οἶμαι.
