1928 3097
121 171 179 209 ’881

700 180 971 212 EPISTOLARUM
990 182 1106 212 LIBER
1126 183 1167 213 II.

1695 185 1747 217 882

124 233 179 260 τῶν
203 232 329 268 ἀγγέλων
364 234 513 268 πολιτείαν,
552 237 591 267 εἰς
615 237 665 271 τὴν
697 237 752 264 τῶν
775 238 904 274 δαιμόνωι

960 246 1033 273 nem.
1044 239 1072 266 in
1089 239 1237 268 infaustum
1251 236 1448 268 daemoniorum
1461 243 1563 268 statum
1591 241 1716 271 recidens
1726 264 1735 276 ,

124 279 289 316 κατενεχθῇς
321 280 491 316 μοχθηρίαν,
529 282 577 308 καὶ
612 283 682 316 πρὸς
721 283 770 318 τὴν
799 283 910 310 ἐκείνων

124 325 278 361 ἁπενεχθῇς
295 326 431 362 τιμωρίαν
445 335 453 342 ·
470 328 523 354 ’ὅτε
552 328 628 355 πᾶσα
655 329 791 364 πρόφασις
816 330 907 365 ἀργεῖ,

125 371 172 399 καὶ
187 372 228 404 εις
252 372 330 400 κενὸν
347 374 364 409 ἡ
389 373 528 409 μετάνοια.

432 430 544 458 ΕΠΙΣΤ.
563 432 600 458 (Υ.

268 475 432 508 Ἀθαναο-ιφ
451 484 528 512 μονα
530 475 573 511 χῷ
600 477 793 512 ἡσυχάζοντι.

735 535 868 562 Montacut.
886 536 939 568 (eo.

164 580 195 608 '0
213 580 265 617 μὲν
279 582 329 617 τῆς
348 583 494 619 Ἐριστὴςι
508 585 668 619 ἐπίσκοπος,
685 587 745 619 ταῖς
760 587 907 623 ὑμετέραις

124 626 217 661 εὐχαῖς
238 627 379 663 ὀρθωθεὶς,
401 630 540 666 ἀνέρρωσε
559 631 608 658 τοῦ
632 631 735 664 πάθους
748 641 756 648 ·
776 633 824 660 καὶ
857 633 909 668 τῆς

126 673 311 708 σχισματικῆς
333 675 478 710 σηπεδόνος
493 676 673 711 ἀπαλλαγεὶς,
689 679 722 712 τῇ
735 677 844 713 ὀλότητι
858 677 905 705 τοῦ

124 719 351 754 ἐκκλησιαστικοῦ
370 721 505 757 σώματος,
524 723 622 759 μέλους
638 724 686 751 καὶ
708 724 808 760 μέρους
831 725 909 759 τάξιν

956 286 991 313 ad
1019 286 1124 314 illorum
1135 294 1229 322 poenas
1242 285 1432 322 primipilaris,
1455 285 1501 314 ubi
1515 293 1604 315 cessat
1619 289 1757 325 proposi-,

958 336 1026 366 tum,
1046 335 1075 360 et
1097 332 1244 360 frustratur
1257 333 1429 361 nmnitentia.

1208 430 1317 459 EPIST.
1346 432 1427 460 LXX.

1074 476 1218 504 Athanasio
1236 478 1362 504 monacho
1375 478 1550 507 anachoreta.

956 534 996 566 20,
1013 541 1038 566 p.
1055 534 1108 566 81).

997 586 1093 613 Eristae
1126 586 1281 621 episcopus,
1310 585 1409 613 vestris
1434 585 1562 620 precibus
1589 590 1706 618 erectus,
1727 593 1741 612 a

955 633 1050 660 morbo
1062 632 1198 659 convaluit
1215 651 1223 664 ,
1243 631 1315 659 etde
1337 631 1486 667 putredine
1501 632 1631 659 liberatus
1667 632 1741 659 schi-

956 677 1071 705 smatica
1087 697 1095 709 ,
1127 676 1211 711 partis
1230 676 1286 711 jam
1319 680 1346 704 et
1369 676 1484 704 membri
1500 684 1599 704 munus
1627 676 1740 708 obiens,

957 731 1019 750 cum
1033 722 1219 750 ecclesiastico
1231 727 1289 750 toto
1301 726 1374 750 ccetu
1384 723 1590 759 compaginatus
1602 727 1654 755 est,
1669 723 1743 757 prio-

124 764 286 800 ἀνειληφὼς,
307 768 590 804 συνηρμόσθη,πολλὰ
616 771 665 804 μὲν
690 771 740 806 τῆς
772 770 904 806 προτέρας

958 776 1017 796 rem
1048 768 1148 796 mentis
1181 776 1238 796 suae
1264 775 1339 795 sanae
1361 768 1525 795 amotionem
1556 768 1649 795 multis
1675 775 1742 795 con-

124 811 275 844 καταγνοὺε
296 813 527 848 φρενοϐλαϐείας,
543 815 651 847 πολλοῖς
675 815 704 842 δὲ
729 815 845 851 δάκρυσι
875 816 904 843 τὸ

959 814 1102 847 demnans,
1119 813 1245 849 lacrymis
1264 814 1448 848 pavimentum
1479 813 1576 849 rigavit
1589 813 1691 846 multis,
1717 817 1746 841 et

124 854 222 889 ἔδαφος
241 855 352 891 ῥαίνων,
366 858 500 893 οἰμωγαῖς
517 859 545 886 δὲ
559 859 681 891 πολλαῖς.
693 861 743 887 καὶ
765 861 908 888 ὲλεεινολο-

124 899 199 933 γίαις
215 901 265 937 τὴν
279 902 421 938 παροῦσαν
430 904 548 938 σύνοδον,
564 906 753 941 ἀπαραίτητον
762 907 806 933 ἐπ’
827 907 908 934 αὐτὸν

123 946 240 982 ὁρῶσαν,
257 948 298 980 είς
316 948 474 985 οῑκτιρμοὺς
487 951 616 984 διαλύσας
633 959 639 966 ·
657 951 705 978 καὶ
721 952 736 978 ὅ
761 960 793 986 γε
809 953 878 988 ἀνὴρ
894 953 905 971 ⁸

124 992 184 1028 οὐχὶ
202 992 297 1026 πολιᾶς
309 994 474 1031 συγγνώμην
483 996 584 1033 ᾔτησεν
599 998 617 1024 ἁ
628 998 729 1029 κακίας
741 1006 748 1014 ·
763 997 831 1024 ἀλλὰ
846 1007 908 1025 νεα-

123 1041 269 1077 νιευμένην
288 1040 372 1074 ἔδειξε
388 1041 507 1077 μισήσας
528 1042 672 1077 πονηρίαν.
687 1043 724 1069 οὐ
748 1043 803 1077 γὰρ
822 1042 907 1069 ἁπλό-

123 1095 204 1121 τητος
229 1085 264 1122 ἦν
285 1088 300 1114 ὁ
322 1087 423 1123 γέρων,
452 1087 510 1114 ἀλλ’
529 1088 637 1124 ἀπάτης
663 1088 794 1124 θήραμα·
814 1084 861 1120 ὧν,
876 1089 908 1115 τὸ

124 1134 184 1169 μὲν,
196 1133 324 1170 βοηθείας
351 1135 436 1170 μόνης
451 1143 460 1151 ⁸
477 1135 509 1162 τὸ
533 1135 562 1162 δὲ
577 1135 665 1163 δεῖται
686 1136 734 1163 καὶ
748 1135 907 1171 προκαθάρ-

123 1188 193 1212 σεως
202 1188 212 1198 ο
223 1180 291 1207 ἀλλὰ
300 1180 355 1215 γὰρ
365 1182 421 1213 τοῖς
434 1181 574 1217 ὑμετέροις
587 1181 679 1214 πόνοις
689 1181 780 1214 καλῶς
795 1182 843 1209 τοῦ
857 1181 905 1217 γέ-

123 1232 215 1260 ροντος
227 1223 447 1261 ἐξεργασθέντος,
458 1225 506 1252 καὶ
519 1225 574 1252 τῶν
592 1225 644 1261 τῆς
661 1225 803 1263 νουθεσίας
820 1234 906 1261 σπερ-

122 1269 217 1304 μάτων
247 1270 545 1306 προκαταδληθιντων,
572 1273 654 1308 ἡμεῖς
685 1273 792 1305 ἀπόνως
821 1273 904 1300 αὐτοῦ

120 1314 169 1349 την
176 1315 313 1350 σωτηρίαν
323 1316 555 1351 ὲκαρπωσάμεθα,
568 1317 628 1344 Τῶν
637 1317 666 1344 δὲ
677 1316 806 1351 ἰατρικῶν
814 1317 904 1351 εἰδῶν,

121 1360 210 1387 πάντα
224 1360 275 1396 μὲν
288 1361 339 1388 οὐκ
353 1359 388 1397 ἦν
401 1362 491 1398 εὑρεῖν
510 1362 582 1390 κατὰ
594 1364 687 1399 χεῖρας
702 1371 711 1378 θ
730 1364 781 1390 ὃσα
795 1363 824 1390 δὲ
834 1372 907 1399 παρ-

119 1406 165 1440 ῆν,
185 1406 339 1443 ἀπεστάλη.
377 1408 439 1436 Τῶν
460 1408 615 1436 ὑπολοίπων
630 1409 648 1445 ἡ
664 1410 785 1445 φροντὶς,
802 1409 856 1441 ἕως
871 1409 905 1437 ἂν

121 1451 299 1488 ⁵ιιεορισθιῖισιν,
327 1453 379 1481 οὐκ
404 1453 548 1489 ἐπιλείψει.
582 1455 645 1487 Τοῖς
669 1455 767 1491 δώροις
793 1455 822 1482 δὲ
851 1455 936 1493 τῆςε

125 1497 260 1533 ὑμετέρας
276 1498 425 1534 ὁσιότητος,
441 1499 488 1526 ἐπὶ
509 1499 579 1535 μέγα
589 1500 816 1537 ἡγαλλιασάμεθα
831 1509 839 1516 ·
854 1502 905 1537 μά-

120 1543 198 1570 λιστά
210 1552 242 1578 γε
256 1544 305 1579 τῆς
316 1544 446 1581 ἀληθινῆς
455 1545 564 1581 ἀγάπης
574 1546 662 1573 ταῦτα
675 1546 865 1582 πληθυνούσης
876 1553 902 1581 ιι,

120 1589 168 1616 καὶ
192 1589 233 1620 είς
263 1589 378 1624 μέγεθος
402 1590 450 1617 καὶ
472 1590 572 1623 κάλλος
594 1589 776 1627 ὲξαπλούσης,
791 1592 839 1619 καὶ
869 1592 904 1619 δι’

120 1633 211 1660 αὐτῶν
227 1633 351 1666 διδούσης
366 1635 508 1667 εἰκονίζειν
517 1635 548 1663 τὸ
560 1635 608 1663 τοῦ
623 1635 682 1672 βίου
700 1636 801 1674 ὑψηλόν
812 1645 843 1664 τε
857 1636 905 1665 καὶ

122 1679 277 1716 μετάρσιον.
295 1680 433 1717 Ἐρῤωσο.

410 1810 522 1839 ΕΠΙΣΤ.
549 1812 610 1839 OA'.

241 1854 362 1890 Ζωσιμᾷ
372 1856 530 1891 μονάζοντι
545 1857 597 1885 καὶ.
607 1857 781 1893 τεσυχαστῇ.

731 1915 863 1940 Montacut.
882 1915 934 1948 (ep.

958 864 1120 894 praesentem
1139 859 1282 895 synodum,
1309 867 1391 895 quam
1418 859 1445 886 in
1460 867 1490 888 se
1505 859 1613 887 videbat
1624 859 1755 887 inexora-,

957 905 1050 938 bilem,
1075 905 1212 938 lamentis,
1240 905 1376 933 ﬂebilibus
1387 905 1568 938 sermonibus,
1585 906 1693 932 tandem
1709 903 1744 932 ad

957 945 1172 986 compassionem
1202 951 1346 979 convertit.
1361 950 1417 979 Nec
1433 950 1540 978 veniam
1558 949 1636 986 quasi
1649 949 1745 977 insons

957 997 1065 1025 canitiei
1081 997 1278 1032 deprecabatur
1288 1017 1296 1030 ,
1314 997 1362 1025 sed
1380 997 1442 1025 odio
1456 1005 1486 1025 se
1500 996 1599 1024 habere
1615 995 1743 1029 ostendit,

957 1043 1161 1071 insolentiorem
1185 1044 1306 1078 juventa:
1344 1043 1555 1078 improbitatem.
1583 1041 1664 1070 Certe
1689 1049 1744 1069 non

956 1095 1005 1123 per
1030 1088 1231 1123 simplicitatem
1246 1095 1341 1121 senex,
1375 1087 1422 1115 sed
1446 1087 1509 1115 dolo
1535 1091 1629 1122 captus
1649 1094 1745 1121 pecca-

956 1138 1052 1166 verat;
1076 1134 1173 1161 borum
1207 1133 1325 1161 duorum
1348 1132 1427 1160 alteri
1452 1139 1521 1168 opus
1545 1135 1588 1160 est
1603 1132 1676 1160 nudo
1699 1139 1745 1159 au-

957 1179 1034 1211 xilio.
1064 1179 1142 1206 alteri
1158 1182 1250 1206 autem
1266 1178 1437 1214 purgatione.
1462 1179 1530 1206 Cum
1547 1185 1612 1206 vero
1631 1186 1680 1214 per
1698 1186 1745 1205 ve-

956 1228 1042 1252 strum
1056 1223 1207 1251 exhibitum
1227 1223 1253 1251 ei
1271 1223 1391 1251 studium
1411 1222 1515 1259 optime
1529 1222 1745 1250 reformeturille

955 1277 1048 1303 senex,
1065 1269 1215 1297 seminibus
1233 1269 1338 1297 consilii
1362 1269 1436 1305 prius
1469 1268 1580 1304 sparsis,
1607 1276 1658 1296 nos
1683 1268 1744 1296 fru-

955 1319 1029 1342 ctum
1048 1314 1121 1342 illius
1146 1314 1241 1342 salutis
1259 1315 1318 1343 sine
1330 1314 1385 1342 ullo
1413 1319 1509 1342 nostro
1535 1314 1629 1342 labore
1648 1314 1744 1342 retuli-

955 1366 1026 1386 mus.
1060 1358 1162 1386 Omnes
1184 1366 1267 1394 porro
1290 1359 1396 1395 species
1424 1359 1566 1387 medicina;
1598 1359 1677 1386 nobis
1710 1359 1745 1387 ad

954 1411 1053 1432 manus
1065 1412 1122 1432 non
1137 1408 1216 1432 erant
1227 1409 1345 1440 pmsto;
1359 1405 1431 1440 quod
1450 1404 1573 1432 erantin
1591 1405 1744 1440 procinctu,

955 1450 1046 1478 missa:
1073 1454 1146 1478 sunt.
1162 1449 1234 1478 Cura
1249 1450 1284 1478 de
1308 1450 1434 1485 residuis,
1461 1450 1550 1478 donec
1566 1451 1630 1486 ipsae
1643 1458 1744 1485 suppe-

955 1494 1089 1528 ditentur,
1118 1503 1170 1523 nec
1199 1503 1254 1523 non
1290 1495 1407 1523 deﬁciet.
1444 1495 1527 1523 Donis
1564 1496 1644 1533 nobis
1662 1503 1677 1523 a
1696 1500 1743 1523 tua

954 1542 1098 1569 sanctitate
1106 1541 1235 1577 profectis
1247 1541 1430 1577 maximopere
1445 1542 1648 1570 exsultabamus
1664 1545 1744 1569 :sunt

954 1591 1044 1614 autem
1070 1587 1194 1622 inprimis
1209 1588 1254 1615 illa
1281 1595 1297 1615 a
1325 1588 1414 1616 veraci
1434 1587 1556 1624 proiecta
1572 1587 1717 1615 dilectione
1734 1609 1742 1621 ,

954 1642 1014 1669 quae
1037 1634 1064 1661 in
1086 1634 1210 1661 eximiam
1224 1634 1438 1670 magnitudinem
1461 1638 1490 1662 et
1512 1633 1742 1669 pulchritudinem

954 1681 1101 1713 succrevit,
1130 1688 1191 1716 quae
1213 1688 1344 1715 amorem,
1363 1681 1436 1709 unde
1456 1681 1625 1714 oriebantur,
1635 1681 1742 1708 iaciunt

955 1723 1018 1750 vitae
1063 1723 1246 1752 excelsitatem
1286 1728 1315 1752 et
1356 1724 1549 1753 sublimitatem
1585 1732 1739 1760 repraesen-

957 1773 1013 1795 tare
1018 1787 1024 1794 .

1252 1813 1362 1842 EPIST.
1383 1814 1477 1843 LXXI.

1083 1858 1197 1887 Zosimte
1216 1860 1343 1888 monacho
1366 1865 1391 1888 et
1413 1862 1588 1892 anachoreta.

953 1915 992 1945 25,
1010 1921 1035 1946 p.
1052 1915 1104 1945 85).

156 1966 252 2001 Ὀρειά
263 1973 304 1992 σοι
323 1965 357 1993 τὰ
369 1965 454 2001 δῶρα,
466 1967 590 1995 κάστανα
602 1968 650 1994 καὶ
662 1968 793 2003 ἁμανίται
805 1977 813 1985 ο
828 1969 898 1996 ἀλλὰ

985 1966 1113 1994 Montane
1137 1971 1185 1995 tua
1209 1975 1325 1996 munera
1355 1975 1431 2003 sunt,
1444 1974 1587 1999 castaneae
1604 1979 1704 2008 nempe
1713 1979 1742 2002 et

119 2011 263 2048 βασιλικῆς
273 2011 449 2044 πολυτελείας
462 2013 492 2040 τὺ
504 2013 608 2049 πλῆθος
623 2022 631 2030 ·
648 2015 696 2042 καὶ
708 2015 747 2050 τῷ
759 2016 809 2050 μὲν
819 2016 901 2052 ἀραίῳ

117 2058 229 2093 ἡδυνας,
239 2058 288 2093 οὐχ
301 2059 401 2094 ὁμοίιος
419 2058 449 2085 δὲ
460 2058 499 2093 τῷ
521 2059 664 2087 πολυτελεῖ
675 2060 806 2096 διέθκηας
820 2068 828 2076 ⁸
850 2061 901 2097 ὅρη

117 2113 148 2130 τε
177 2105 278 2131 ἀδικῶν
295 2124 305 2138 ,
333 2105 381 2132 καὶ
414 2105 552 2140 βασιλείαν
589 2106 714 2133 κλέπτων
744 2106 774 2134 ὲν
798 2106 901 2142 ὄρεσιν.

119 2149 249 2185 Ἔγραψα
258 2149 356 2184 ταῦτα,
369 2151 413 2177 ἵνα
422 2152 470 2178 καὶ
482 2152 625 2188 συστείλῃς
642 2152 674 2179 τὸ
687 2151 789 2188 πλῆθος
797 2153 846 2180 καὶ
852 2154 902 2189 τὴν

119 2195 209 2223 εἱδίαν
221 2195 357 2232 φυλάττῃς
369 2196 424 2223 τῶν
430 2197 525 2232 δώρων
535 2205 542 2213 ·
558 2197 710 2233 ἐϐουλόμην
721 2207 763 2226 σοι
777 2207 903 2235 παραγε-

117 2241 304 2273 νέσθαι,εάλλὰ
314 2242 363 2277 τῆς
374 2242 462 2279 ὁρμῆς
472 2243 588 2280 ὲσχέθην
605 2253 612 2261 ·
624 2245 699 2280 ὅμως
712 2245 762 2272 οὐκ
788 2246 828 2277 εις
850 2254 903 2281 μα-

118 2287 198 2322 κρὰν,
213 2287 369 2323 ἀνθ’ἡμῶν,
379 2288 521 2324 σταλήται,
534 2289 573 2323 ὃς,
581 2289 612 2316 οὐ
620 2290 692 2322 λέγω
708 2291 903 2327 ἀναπληρώσει

118 2334 190 2369 (οὐδὲ
201 2334 255 2370 γὰρ
265 2335 417 2368 αὑτοὶ,οὑδ’
433 2334 527 2362 ἄλλοτε
542 2335 646 2371 ἡμεῖς),
669 2336 738 2364 ἀλλὰ
756 2337 903 2372 μετριώσει

117 2381 149 2406 τὸ
172 2379 315 2416 ὑστέρημα
328 2380 417 2416 ἡμῶν.
433 2380 474 2409 Τὰ
487 2381 509 2407 δ’
531 2381 608 2414 ἄλλα,
624 2382 761 2418 έρῤωσθαί
786 2391 833 2409 σου
853 2383 903 2418 τὴν

117 2425 256 2461 πατρικὴν
272 2426 398 2460 ὁσιότητα
428 2426 608 2462 ἐπευχόμεθα,
631 2427 678 2454 καὶ
703 2427 752 2463 τῆς
770 2427 850 2463 ἡμῶν
864 2427 903 2463 μὴ

118 2470 294 2506 ἐπιλελῆσθαι
319 2470 505 2505 μετριότητος.

424 2559 535 2586 ΕΠΙΣΤ.
554 2559 604 2586 OB'

228 2603 395 2636 Ἀθανασιφ
414 2604 536 2640 μοναχῷ
561 2605 612 2632 καὶ
637 2605 829 2640 ἡσυχάζοντι.

949 2012 1153 2046 amanitaa;sed
1171 2013 1272 2049 regiam
1298 2014 1427 2050 adimplet
1456 2016 1669 2045 muniﬁcentiam
1693 2026 1742 2047 co-

949 2057 1013 2093 pia;
1039 2058 1223 2087 montanismo
1239 2059 1393 2094 delectasti,
1419 2069 1476 2089 non
1511 2063 1625 2098 perinde
1655 2065 1742 2092 abun-

950 2103 1059 2137 dantia;
1086 2109 1194 2132 montes
1222 2105 1307 2139 laedis,
1330 2111 1359 2134 et
1386 2114 1499 2143 regnum
1516 2108 1562 2136 tibi
1584 2109 1612 2136 in
1642 2111 1741 2138 monti-

949 2143 1178 2176 bus-suﬂ'uraris.
1204 2149 1270 2177 Haec
1294 2149 1356 2178 ideo
1381 2152 1486 2187 scripsi,
1509 2153 1581 2181 utde
1603 2154 1680 2189 copia
1692 2155 1740 2182 dc-

951 2202 1019 2227 mas,
1035 2198 1063 2222 et
1076 2195 1103 2222 in
1118 2196 1280 2225 muneribus
1292 2205 1439 2234 congruam
1474 2200 1594 2228 retineas
1607 2203 1738 2236 speciem.

955 2240 1057 2268 Vellem
1073 2242 1118 2269 tibi
1136 2250 1256 2277 praesens
1265 2243 1371 2278 adesse,
1400 2245 1447 2272 sed
1463 2247 1669 2275 retardaturille
1683 2249 1738 2276 im-

955 2291 1055 2322 petus;
1088 2293 1275 2317 verumtamen
1312 2298 1367 2318 non
1388 2290 1435 2318 diu
1462 2291 1513 2320 erit
1546 2301 1608 2320 cum
1645 2300 1741 2323 nostra.

955 2333 1014 2361 vice
1037 2334 1204 2370 ablegabitur
1213 2335 1259 2370 qui
1274 2343 1328 2363 non
1343 2336 1431 2364 dicam
1450 2337 1620 2374 adimplebit,
1637 2339 1739 2375 (neque

955 2379 1028 2406 enim
1045 2379 1098 2407 hoc
1112 2380 1258 2416 aliquando
1276 2381 1319 2409 vel
1355 2382 1408 2417 ipsi
1436 2389 1563 2418 praestare
1577 2385 1738 2421 poterimus)

955 2424 1003 2452 sed
1030 2425 1236 2454 admensurabit
1248 2426 1384 2456 defectum
1401 2433 1535 2457 nostrum.
1551 2430 1655 2459 Cattera
1666 2433 1739 2467 quod

954 2471 1063 2499 attinet.
1080 2472 1166 2500 Deum
1181 2481 1307 2507 veneror,
1321 2479 1433 2510 paterna
1442 2483 1490 2504 sua
1500 2477 1631 2506 sanctitas
1641 2479 1737 2512 valeat,

955 2518 1040 2547 nolito
1056 2525 1159 2549 nostra:
1172 2521 1295 2550 oblivisci
1309 2523 1514 2552 mediocritatis.

1209 2568 1317 2597 EPIST.
1333 2569 1440 2598 LXXII.

1059 2611 1205 2641 Athanasio
1219 2614 1347 2642 monacho
1360 2619 1385 2642 et
1401 2616 1577 2645 attat-liorem.

743 2662 874 2689 Montaeut.
892 2664 943 2697 (ep.
959 2665 999 2697 εδ,
1010 2674 1035 2698 p.
1051 2667 1103 2699 85).

153 2711 199 2742 Εἰς
214 2710 264 2746 τὴν
275 2711 326 2746 τῆς
346 2711 493 2746 ἡγεμονίας
516 2711 617 2747 ἐπέστη
632 2712 729 2748 ἀρχὴν,
747 2713 776 2741 ὃν
805 2715 900 2750 ἄρχειν

116 2755 168 2789 τῆς
180 2757 367 2793 πνευματικῆς
383 2756 483 2792 ἀγέλης
502 2759 518 2792 ὴ
541 2758 574 2793 σὴ
596 2758 704 2793 ὁσιότης
723 2760 768 2787 διὰ
785 2760 901 2796 δοκιμῆς

987 2718 1029 2746 Ad
1051 2719 1234 2755 principatum
1250 2726 1279 2749 et
1289 2722 1475 2758 magistratum
1490 2728 1631 2758 promotus
1646 2724 1670 2751 is
1681 2728 1732 2758 est,

953 2773 1034 2800 quem
1060 2770 1106 2794 tua
1135 2767 1276 2802 sanctitas,
1309 2769 1477 2804 experientia
1497 2774 1585 2805 capta,
1617 2777 1735 2805 praeesse

754 2834 868 2863 VARle
885 2837 1088 2868 LECTIONES.

161 2893 171 2906 ι
186 2887 230 2914 to.
251 2888 384 2924 Ἐριστῆς.
426 2891 433 2908 ι
450 2890 493 2918 Id.
506 2890 559 2918 διά.
599 2896 611 2910 ιι
626 2899 671 2925 γρ.
687 2891 869 2929 πληθυούσης.
