1928 3097
182 201 235 233 883

755 200 885 231 ΡΗΟΤΙΙ
902 202 1151 233 PATRIARCH/E
1170 203 1224 233 ΕΡ.

1746 199 1794 233 884

183 254 257 291 gregi
279 253 345 282 iecit
361 253 504 289 spirituali.
532 253 646 281 Precare
668 262 743 290 ergo,
759 255 847 288 Pater,
862 260 891 282 ut
910 264 975 287 nec,

1027 257 1165 292 ποιήσατο.
1176 256 1261 292 Εὕχου
1272 253 1328 289 οὖν,
1341 256 1443 292 Πάτερ,
1458 255 1528 291 μήτε
1541 254 1590 291 τὴν
1602 254 1652 290 σὴν
1665 254 1794 290 σφαλῆναι

184 306 230 329 tuo
242 300 344 336 judicio
364 299 508 335 decipiaris
528 301 580 336 (est
596 300 668 328 enim
688 301 739 329 hoc
762 302 805 329 vel
832 302 968 337 inprimis,

183 346 206 373 si
231 345 296 381 quid
318 345 402 377 aliud,
418 352 568 381 congruum
591 353 654 373 cum
670 351 722 374 tute
746 347 893 380 sanctitati,
910 351 968 374 tum

183 392 265 420 etiam
293 392 354 427 illi),
365 399 417 420 nec
435 399 564 419 manuum
595 396 747 420 nostrarum
771 392 909 428 impositio
935 393 969 420 ad

183 438 347 466 reddendam
358 442 470 466 vocetur
481 438 613 465 rationem
626 459 634 471 ,
659 438 706 466 sed
718 444 746 466 ιιι
769 438 850 474 plane
871 439 969 474 dignus

185 485 229 512 ille
249 485 451 512 demonstretur
472 489 500 512 et
514 490 604 512 vestro
617 485 757 521 suffragio,
770 489 798 512 et
817 493 865 520 spe
890 485 969 513 nobis

184 533 329 564 concepta.
357 529 460 557 Caetera
487 530 562 564 quod
595 535 722 565 spectat,
758 530 850 557 valere
873 535 972 565 exopto

185 579 259 603 tuam
269 575 452 609 sanctitatem,
477 579 505 603 et
524 581 624 604 nostra;
648 575 842 604 mediocritatis
868 575 969 613 iugiter

183 628 285 649 memm
289 628 353 649 I558.

469 675 578 703 EPIST.
604 675 720 703 LXXIII.

517 721 620 749 Eidem.

1018 303 1108 339 κρίσιν
1119 303 1207 341 (τοῦτο
1221 303 1275 338 γὰρ
1291 304 1325 338 τῇ
1337 311 1366 329 τε
1382 303 1415 338 σῇ
1433 303 1563 336 ὁσιότητι,
1575 301 1704 335 κάκείνῳ,
1721 300 1795 336 εῐπερ

1017 358 1043 377 τι
1058 350 1132 382 ἄλλο,
1149 349 1392 382 λυσιτελέστατον),
1403 348 1470 383 μήτε
1484 348 1532 383 τὴν
1542 346 1620 382 ἡμῶν
1633 345 1795 381 χειροθεσίαν

1016 395 1143 427 εὐθύναις
1165 394 1312 430 ἐνορᾶσθαι
1324 402 1332 411 ·
1359 393 1503 426 ἀλλ’ᾶξιον
1526 393 1571 420 τὸν
1594 393 1689 427 ἄνδρα,
1706 391 1753 418 τοῦ
1769 399 1796 418 τε

1017 441 1150 476 ὑμετέρου
1173 441 1359 477 ψηφίσματος,
1374 440 1422 466 καὶ
1445 439 1499 465 τῶν
1524 439 1669 475 ἡμετέρων
1685 437 1796 464 ἐλπίδων

1017 487 1226 522 ἀναδειχθῆναι·
1241 487 1275 514 τὰ
1296 487 1318 513 δ’
1334 486 1401 514 ἄλλα
1427 484 1563 520 ἐρρὦθαί
1597 492 1643 510 σου
1659 483 1709 519 τὴν
1730 483 1796 510 όσιό-

1016 541 1086 566 τητα
1100 532 1285 568 ὲπευχόμεθα,
1298 531 1404 566 καὶτῆς
1416 530 1495 566 ἡμῶν
1510 530 1548 565 μὴ
1556 528 1731 565 ἐπιλελῆσθαι
1753 537 1798 563 με·

1019 588 1034 605 τ
1039 578 1172 614 ριότητος.

1322 682 1434 709 ΕΠΙΣΤ.
1451 681 1510 709 Ol".

1339 727 1382 761 Τῷ
1392 727 1482 761 αὐτῷ.

812 785 943 807 montacut.
963 783 1014 815 (ep.
1026 785 1065 816 27,
1081 786 1172 818 p.86).

237 830 278 858 Ad
306 839 338 858 ea
363 839 423 866 quae
452 831 592 859 attendere
621 831 715 859 debuit
752 831 786 863 is,
800 833 846 867 qui
874 837 971 860 vestrae
987 840 1006 867 Β

185 876 335 904 sanctitatis
355 877 458 905 litteras
471 878 570 909 attulit,
584 877 744 905 brevissimo
756 881 782 904 et
817 883 970 912 opportuno

187 926 308 957 tempore
320 922 513 950 instruebatur.
546 922 676 950 Praestitit
708 922 751 949 ille
764 929 793 949 sc
803 923 966 958 morigerum

185 967 228 995 vel
252 967 378 1000 maxime,
389 973 416 995 et
438 968 676 1003 pollicitationibus
691 967 833 994 declaravit
854 968 971 995 fructum

185 1015 342 1042 selaturum
368 1015 597 1043 admonitionibus
612 1015 666 1042 illis
693 1014 813 1050 dignum,
841 1015 971 1042 nimirum

185 1061 275 1095 quoad
292 1065 399 1093 caetera,
419 1061 604 1096 complacente
631 1061 694 1094 Deo,
712 1061 795 1088 vitam
816 1059 971 1094 instituere,

186 1113 239 1134 nec
260 1106 303 1134 vel
315 1106 439 1142 digitum,
469 1106 541 1141 quod
555 1107 663 1139 dicitur,
680 1105 803 1133 attollere
817 1105 918 1140 absque
927 1114 973 1134 ve-

187 1156 244 1179 stra
259 1152 433 1185 directione;
449 1151 534 1179 Deum
568 1159 618 1179 oro
642 1156 671 1179 ut
698 1150 881 1186 respondeant
903 1151 972 1179 facta

187 1195 287 1229 verbis,
299 1203 334 1224 ne
348 1196 370 1223 si
403 1195 474 1224 forte
496 1196 524 1223 in
556 1204 620 1223 saxa
650 1195 829 1228 seminantes,
845 1195 974 1223 destituat

187 1245 239 1270 nos
251 1248 358 1278 tempus
369 1243 426 1279 agri
439 1243 571 1271 metendi.

240 1288 364 1317 Monachi
392 1290 574 1325 symbolorum
587 1290 739 1318 inordinate
766 1299 795 1319 se
812 1295 971 1327 gesserunt,

186 1335 234 1372 qui
265 1342 408 1363 censuram
424 1336 475 1363 sibi
495 1341 654 1371 arrogarunt
669 1341 697 1364 et
714 1341 875 1372 potestatem
889 1338 974 1365 abba-

189 1381 224 1408 tis
250 1380 413 1416 deponendi.
428 1381 501 1410 Idem
517 1381 622 1409 facinus
634 1382 703 1415 ausi,
727 1390 759 1410 ac
776 1383 798 1410 si
811 1383 838 1410 in
853 1384 973 1419 aurigam

186 1420 359 1461 insurgerent
386 1427 461 1462 equi,
495 1435 589 1462 greges
613 1428 640 1454 in
664 1432 810 1464 pastorem,
840 1433 930 1457 nauta
945 1429 974 1456 in

187 1472 346 1501 nauclerum
360 1480 367 1498 ι
383 1471 438 1499 imo
453 1473 538 1499 multo
555 1472 606 1500 hoc
635 1474 720 1508 magis
735 1474 867 1501 absonum
879 1478 931 1506 est,
943 1478 974 1501 ut

1055 834 1106 863 Ὦν
1122 837 1176 864 ἔδει
1189 838 1324 873 κατήκοον
1350 836 1478 871 γενέσθαι
1500 834 1545 862 τδν
1572 832 1802 870 γραμματοφόρον

1022 882 1071 918 τῆς
1083 882 1158 915 ὑμῶν
1172 883 1321 918 ὁσιότητος,
1333 882 1369 914 ὡς
1381 882 1411 908 ἐν
1425 880 1585 916 βραχυτάτῳ
1599 878 1697 914 καιρῷ,
1715 878 1802 904 πάντα

1022 927 1174 962 παρῃνέθη,
1188 926 1236 953 καὶ
1261 927 1341 958 αὐτος
1367 926 1449 953 αὐτὸν
1472 924 1599 959 εὐπειθῆ,
1627 923 1675 950 καὶ
1698 923 1802 958 καρπὸν

1022 972 1106 998 οἴσειν
1135 972 1190 999 τῶν
1214 971 1402 1007 παραινέσεων
1417 970 1502 1004 ἄξιον,
1536 970 1596 1000 ταῖς
1624 967 1802 1002 ὑποσχέσεσιν

1022 1017 1116 1051 ἔδειξε,
1127 1018 1161 1044 τά
1175 1026 1205 1044 τε
1226 1018 1292 1045 ἄλλα
1316 1017 1375 1052 Θεῷ
1397 1017 1552 1052 εὐαρέστως
1563 1014 1647 1051 βιοῦν,
1663 1014 1711 1040 καὶ
1736 1013 1802 1049 μηδέ

1021 1064 1067 1092 τὸν
1100 1064 1240 1095 δάκτυλον,
1265 1064 1279 1090 ὃ
1303 1063 1334 1099 δή
1366 1071 1443 1098 φασι,
1472 1063 1558 1089 κινεῖν
1590 1061 1641 1096 τῆς
1665 1059 1801 1095 ὑμετέρας

1022 1109 1107 1145 χωρὶς
1136 1109 1300 1144 ἐπικρίσεως
1313 1107 1471 1143 ἐὐχόμεθα
1496 1107 1529 1142 δὴ
1550 1107 1605 1138 τοῖς
1623 1105 1715 1140 ἔργοις
1737 1112 1805 1139 συμ-

1022 1155 1165 1186 ϐαίνοντας
1182 1155 1245 1181 ίδεϊν
1259 1155 1321 1186 τοὺς
1335 1154 1441 1188 λόγους,
1457 1153 1501 1180 ἵνα
1519 1152 1556 1188 μὴ
1578 1151 1743 1187 σπείραντας
1765 1151 1805 1182 είς

1023 1201 1161 1236 πέτρας,ὀ
1180 1200 1227 1228 τοῦ
1247 1199 1381 1236 γεωργίου
1410 1198 1504 1234 καιρὸς
1527 1198 1606 1234 ἡμᾶς
1629 1195 1804 1231 ἐξελέγξειεν.

1059 1292 1090 1317 Οἱ
1105 1290 1134 1317 δὲ
1148 1290 1202 1317 τῶν
1227 1288 1370 1324 συμϐόλων
1386 1288 1498 1323 μοναχοὶ
1513 1285 1639 1316 ἀτάκτως
1664 1283 1808 1320 ἐχώρησαν

1024 1337 1129 1367 ἑαυτοῖς
1156 1335 1205 1370 τὴν
1234 1334 1297 1369 περὶ
1322 1333 1370 1360 τοῦ
1402 1332 1476 1367 σφῶν
1503 1331 1657 1366 ἡγουμένου
1683 1329 1808 1363 ἐξουσίαν

1024 1381 1072 1408 καὶ
1096 1381 1185 1417 κρίσιν
1213 1379 1407 1415 ἐπιτρέψαντες
1421 1385 1428 1393 ·
1449 1377 1506 1405 ἴσον
1531 1377 1587 1411 γάρ
1611 1377 1684 1402 ἐστιν
1708 1375 1807 1406 ἵππους

1024 1427 1139 1464 ἡνιόχων
1165 1424 1420 1459 κατεξανίστασθαι,
1433 1424 1481 1450 καὶ
1503 1423 1626 1458 πρόϐατα
1650 1421 1698 1448 τοῦ
1713 1422 1809 1455 ποιμέ-

1020 1470 1079 1505 ’νος,
1095 1472 1143 1499 καὶ¹
1156 1472 1255 1504 ναύτας
1274 1471 1321 1497 τοῦ
1346 1470 1511 1504 κυϐερνήτου
1527 1476 1534 1484 ·
1548 1468 1648 1503 μᾶλλον
1661 1467 1690 1494 δέ
1718 1465 1809 1501 πολλῷ

188 1517 315 1546 monachi
334 1517 446 1545 audacia
472 1522 566 1544 contra
588 1519 769 1553 hegumenum
786 1519 954 1547 insolescant
966 1540 974 1552 ,

1027 1518 1199 1554 ἀτοπώτερον
1214 1538 1221 1551 ,
1247 1517 1380 1553 μοναχούς
1399 1517 1453 1543 τῶν
1482 1514 1697 1550 καθηγουμένων
1726 1521 1810 1539 κατα-

188 1563 235 1598 qui
257 1563 389 1590 rationem
418 1563 478 1591 aliis
491 1568 599 1591 tenetur
613 1569 641 1592 et
654 1572 710 1592 non
725 1564 790 1599 ipsis
810 1564 932 1592 reddere.
945 1565 974 1592 Si

189 1608 255 1644 quid
278 1607 369 1635 abillo
381 1608 508 1635 delictum
529 1608 628 1641 fuerat,
649 1608 768 1643 iudicem
785 1608 859 1636 adire
890 1609 975 1644 majo-

191 1661 250 1681 rem
273 1654 418 1686 debebant,
437 1661 487 1681 nec
505 1653 540 1681 ad
563 1650 593 1681 s'e
622 1654 742 1688 arripere
762 1654 892 1689 judicium
916 1654 977 1689 epi-

189 1699 306 1734 scopale,
331 1707 392 1727 cum
409 1699 452 1727 vix
473 1699 501 1727 in
530 1707 645 1727 numero
679 1700 829 1728 consistant
854 1700 976 1735 judican-

189 1745 297 1773 dorum.
332 1744 517 1773 Nihilominus
543 1753 605 1773 cum
633 1745 666 1772 ad
693 1749 809 1772 vestram
838 1745 976 1772 conﬂuxe-

190 1791 246 1819 rint
264 1791 435 1819 sanctitatem
451 1811 458 1823 ,
480 1790 629 1818 remittitur
645 1790 697 1817 illis
716 1790 803 1818 audax
815 1791 879 1818 illud
895 1798 976 1817 anar-

190 1835 259 1865 chia:
284 1836 400 1867 facinus,
429 1840 457 1863 et
482 1836 623 1864 seditionis
653 1841 742 1868 motae,
770 1836 817 1864 sed
845 1836 881 1864 ita
900 1841 931 1864 ut
948 1844 978 1864 se

191 1880 325 1916 recipiant
347 1881 532 1915 promittendo
546 1880 580 1908 de
594 1884 692 1908 caetero
708 1881 812 1908 futuros
850 1881 978 1908 obedien-

193 1928 295 1960 tiores;
315 1927 341 1953 id
363 1931 454 1953 autem
478 1926 515 1954 ita
531 1926 746 1954 demonstratum
768 1926 902 1958 dederint,
914 1927 937 1953 si
950 1926 977 1954 in

192 1973 317 2000 abbatem
329 1972 520 1999 consenserint
533 1979 548 1999 a
564 1977 609 1999 tua
623 1972 767 2000 sanctitate
785 1973 953 1999 nominatum
969 1980 976 2004 ;

192 2025 282 2052 neque
301 2017 374 2044 enim
398 2017 444 2044 illa
463 2020 606 2044 versentur
633 2017 770 2052 opinione,
794 2017 936 2047 toieratum
945 2017 978 2044 iri

193 2069 224 2092 ut
248 2064 294 2099 qui
323 2063 357 2091 ad
381 2063 544 2091 seditionem
567 2063 630 2092 elati
670 2063 923 2095 commovebantur,
950 2063 977 2090 in

193 2110 270 2138 illum
291 2109 382 2138 denuo
400 2108 573 2136 consentiant
586 2113 614 2135 et
641 2109 798 2143 conspirent
811 2109 977 2144 eligendum,

194 2164 288 2192 quem,
318 2155 429 2183 calculis
451 2155 527 2190 prius
542 2154 669 2188 scriptis.
703 2155 754 2182 sibi
786 2154 977 2190 designarant.

194 2202 324 2230 Suilicere
345 2201 564 2236 delinquentibus
590 2200 671 2228 debet
694 2201 715 2227 si
750 2201 855 2228 veniam
878 2202 911 2229 de
932 2202 978 2230 ad-

193 2249 284 2276 missis
300 2247 524 2282 impetraverint;
545 2253 718 2281 nequaquam
733 2253 798 2273 vero
822 2246 980 2281 aspirabunt

193 2295 228 2324 ad
256 2303 312 2322 non
332 2292 546 2328 delinquentium
560 2292 775 2327 praerogativam,
791 2296 820 2319 ut
838 2300 873 2319 ne
884 2300 927 2320 res
937 2293 980 2319 in-

192 2341 360 2371 diﬂerentes.
380 2340 492 2372 bonum,
509 2339 622 2370 malum,
645 2342 719 2365 recte
745 2345 834 2373 agere,
849 2343 877 2365 et
892 2338 980 2365 delin-

193 2394 278 2421 quere
306 2385 467 2417 habeantur,
485 2384 588 2419 judicio
604 2384 638 2411 de
653 2389 768 2418 utroque
792 2384 979 2411 indiil‘erenter

193 2431 301 2460 affecto.
315 2431 418 2459 Caetera
447 2430 520 2466 quod
539 2434 651 2465 spectat,
673 2437 770 2465 precor
790 2435 864 2457 tuam
890 2431 981 2458 valere

195 2479 365 2509 sanctitatem
382 2498 389 2511 ,
414 2482 443 2506 et
469 2481 569 2505 nostrae
597 2476 791 2504 mediocritatis
820 2484 874 2504 non
909 2477 980 2504 obli-

193 2524 271 2553 visci.

470 2578 578 2606 EPIST.
599 2577 716 2605 LXXIV.

438 2625 566 2652 Romam
587 2624 725 2651 monacho.

1025 1563 1218 1601 φρυάττεσθαι,
1229 1563 1338 1597 οἱλόγον
1350 1562 1461 1597 ὑπέχειν
1472 1561 1560 1588 αὐτῶν
1572 1558 1749 1595 ἐτέροις,ἁλλ“
1759 1559 1811 1585 οὐκ

1024 1611 1139 1642 ἐκείνοις
1150 1630 1157 1642 ,
1177 1608 1377 1643 ἐπιστεύθησαν
1389 1615 1397 1622 ⁸
1412 1608 1436 1634 εί
1455 1607 1484 1634 δέ
1500 1615 1527 1633 τι
1554 1605 1710 1641 πλημμελεῖ
1723 1624 1731 1636 ,
1749 1604 1811 1639 μεί-

1025 1656 1089 1689 ζονα
1101 1655 1197 1692 κριτὴν
1219 1654 1359 1689 ἐπιζητεῖν
1372 1653 1436 1686 ἔδει,
1453 1651 1522 1679 ἀλλὰ
1549 1651 1586 1686 μὴ
1607 1650 1740 1686 ἁρπάζειν
1759 1649 1812 1684 τὴν

1026 1703 1118 1738 κρίσιν
1132 1701 1187 1728 τῶν
1213 1699 1377 1736 ἀρχιερέων,
1394 1699 1457 1730 τοὺς
1476 1699 1505 1725 ἐν
1520 1699 1553 1733 τῇ
1568 1697 1623 1724 τῶν
1643 1696 1812 1731 κρινομένων

1026 1748 1103 1784 χώρᾳ
1121 1746 1198 1780 μόλις
1214 1745 1425 1780 ἐξεταζομένους
1441 1753 1449 1760 ι
1465 1745 1540 1778 ὅμως
1563 1743 1625 1769 ἐπεὶ
1639 1744 1671 1778 τῇ
1687 1741 1812 1777 ὑμετέρᾳ

1027 1792 1241 1830 προσερρὐησαν
1266 1790 1418 1826 ἁγιωσύνῃ,
1435 1790 1545 1825 ἀφίεται
1558 1789 1650 1820 αὐτοῖς
1660 1787 1710 1822 τῆς
1727 1788 1813 1821 ἀναρ-

1027 1840 1090 1875 χίας
1107 1839 1137 1865 τὺ
1152 1838 1290 1873 τόλμημα,
1306 1837 1354 1863 καὶ
1377 1837 1426 1871 τῆς
1445 1835 1576 1867 στάσεως,
1601 1835 1626 1861 εἱ
1655 1833 1702 1860 καὶ
1733 1832 1814 1859 αὐτοὶ

1027 1883 1161 1915 εὐπειθῶς
1170 1882 1217 1909 τοῦ
1234 1882 1328 1909 λοιποῦ
1341 1880 1528 1908 πολιτεύεσθαι
1547 1878 1791 1906 διαὸεσαιώσαιντο
1804 1885 1814 1893 ·

1026 1930 1143 1962 δείξουσι
1158 1928 1197 1961 δὲ,
1218 1928 1266 1955 ἐὰν
1283 1928 1331 1954 ἕνα
1342 1927 1414 1959 τινὰ,
1426 1927 1455 1953 ὃν
1471 1926 1504 1953 ἂν
1514 1925 1630 1961 βουληθῇ
1644 1933 1690 1952 σου
1708 1925 1724 1959 ὴ
1740 1923 1815 1950 ὁσιό-

1027 1984 1087 2011 της,
1114 1976 1154 2007 είς
1179 1973 1332 2009 ἡγούμενον
1356 1972 1497 2005 δέξονται·
1519 1972 1556 2008 μὴ
1578 1972 1631 2007 γὰρ
1657 1972 1749 2001 αὐτοῖς
1768 1971 1817 1996 ἐπὶ

1028 2022 1091 2050 νοῦν
1114 2022 1188 2056 ἥκοι,
1209 2021 1247 2052 ὡς
1270 2021 1294 2046 οἱ
1318 2019 1547 2050 καταστασιάζειν
1572 2017 1748 2053 ἐπαρθέντες,
1766 2017 1817 2043 ἁν-

1028 2069 1100 2104 δρδς,
1117 2067 1188 2103 ὑπὲρ
1203 2063 1234 2094 οὒ
1255 2065 1306 2097 τὰς
1319 2065 1425 2100 ψήφους
1448 2064 1605 2100 ἐγγράφους
1623 2063 1724 2095 ἔθεντο,
1740 2060 1819 2090 οὗτοι

1029 2115 1109 2142 πάλιν
1140 2112 1307 2148 ψηφίζεσθαι
1342 2112 1391 2138 καὶ
1417 2111 1567 2146 μαρτυρεῖν
1602 2109 1819 2144 ἀξιωθήσονται.

1036 2162 1131 2196 Ἀρκεῖη
1140 2159 1195 2195 γὰρ
1207 2160 1263 2190 τοῖς
1275 2157 1481 2194 πλημμελοῦσιν
1494 2158 1511 2192 ἡ
1530 2157 1585 2184 τῶν
1600 2155 1820 2191 ἁμαρτηθέντων

1030 2205 1177 2240 συγγνώμη
1188 2214 1194 2220 ·
1209 2204 1240 2231 τὸ
1250 2203 1278 2230 δὲ
1293 2203 1440 2239 προνόμιον
1453 2202 1508 2229 τῶν
1523 2202 1756 2237 ἀνεξαμαρτήτων
1768 2200 1822 2235 οὐχ

1028 2252 1144 2284 ἕξουσιν,
1161 2251 1206 2277 ἵνα
1219 2250 1257 2286 μὴ
1274 2250 1420 2284 ἀδιάφορον
1442 2248 1482 2283 τῷ
1496 2247 1589 2282 ἀγαθῷ
1608 2247 1640 2273 τὸ
1654 2247 1751 2276 κακὸν,
1769 2246 1824 2272 καὶ

1027 2300 1067 2335 τῷ
1080 2297 1229 2334 κατορθοῦν
1252 2297 1284 2324 τὸ
1310 2295 1490 2331 ἁμαρτάνειν,
1504 2296 1533 2321 ἐν
1553 2294 1692 2329 ἀδιαφόρῳ
1714 2293 1748 2328 τῇ
1774 2292 1823 2326 ἐφ’

1029 2345 1159 2380 ἐκατέρου
1174 2344 1264 2380 κρίσει
1275 2342 1419 2377 λογίζοιτο.
1429 2341 1469 2368 Τὰ
1484 2341 1507 2367 δ’
1521 2340 1599 2373 ἄλλα,
1616 2338 1755 2375 ἐρρῶσθαι
1770 2347 1824 2365 σου

1027 2392 1078 2427 τὴν
1102 2391 1230 2426 ὁσιότητα
1243 2389 1427 2425 ἐπευχόμεθα,
1444 2387 1552 2422 καὶτῆς
1574 2385 1654 2422 ἡμῶν
1671 2384 1709 2420 μὴ
1724 2384 1827 2411 ἐπιλε-

1029 2437 1127 2472 λῆσθαι
1139 2436 1328 2472 μετριότητος.

1211 2566 1227 2585 ⁸
1332 2575 1446 2603 Ειιιετ.
1459 2575 1517 2601 om.

1255 2620 1391 2656 Βαρνάϐᾳ
1409 2619 1576 2655 μονάζοντι.

809 2679 940 2704 Montacut.
959 2680 1011 2710 (ep.
1028 2678 1067 2708 Ii,
1083 2685 1109 2709 p.
1125 2676 1176 2708 98).

232 2733 303 2768 Quid
327 2737 513 2769 paupertatem
537 2731 620 2760 deﬂes
632 2732 644 2759 ?
658 2733 750 2760 Justus
761 2740 814 2759 non
836 2732 980 2760 deseritur.

199 2780 257 2808 Imo
288 2778 417 2815 (inquies)
449 2779 625 2807 deserebatur
652 2778 714 2806 Job.
745 2778 798 2806 Sed
813 2786 846 2806 eo
861 2778 925 2810 ﬁne,
951 2782 982 2805 ut

201 2824 316 2858 impium
336 2825 410 2852 illum
423 2825 558 2853 vincendo
574 2825 695 2852 vinceret
709 2824 755 2859 qui
777 2832 826 2859 per
849 2831 982 2852 summam

202 2869 407 2903 impudentiam,
418 2870 589 2905 purissimam
607 2869 692 2905 ipsius
704 2870 831 2904 pietatem
846 2869 907 2897 vitae
918 2877 982 2904 pro~

204 2920 285 2949 spero
306 2921 387 2942 cursu
408 2920 435 2943 et
458 2915 585 2943 felicitate
600 2915 706 2943 volebat
734 2917 890 2950 cauponari,
903 2920 983 2951 atquc

1066 2729 1099 2756 Τί
1114 2729 1221 2764 θρηνεῖς
1232 2727 1342 2761 πενίαν;
1355 2727 1458 2758 δίκαιος
1474 2726 1524 2753 οὐκ
1534 2723 1828 2759 ἐγκαταλιμπάνεται.

1036 2775 1106 2803 Ἀλλ’
1127 2775 1188 2802 Ἰὼϐ
1205 2773 1412 2809 ἐγκατελείφθη.
1442 2772 1567 2799 Ἀλλ’ἴνα
1588 2772 1634 2798 καὶ
1658 2770 1705 2797 τὸν
1730 2779 1832 2806 πονη-

1032 2822 1078 2857 ρὸν
1103 2821 1145 2852 είς
1158 2820 1259 2856 κράτος
1282 2820 1380 2855 νικήσῃ
1393 2818 1526 2854 εὐπαθείᾳ
1546 2817 1594 2844 καὶ
1621 2816 1679 2851 βίου
1710 2817 1830 2852 εὐροὲᾳ,

1031 2868 1079 2903 τὴν
1092 2867 1175 2894 αὐτοῦ
1188 2865 1310 2901 καθαρὰν
1327 2864 1465 2892 εὐσέὸειαν
1488 2862 1652 2899 καπηλεύειν
1666 2863 1831 2897 ἀναισχυν-

1032 2915 1150 2950 τὴπαντα
1165 2922 1171 2930 ·
1187 2913 1232 2941 καὶ
1249 2914 1291 2940 ἵνα
1307 2912 1386 2939 πλέον
1401 2908 1438 2940 ὧν
1452 2910 1607 2946 ἐγυμνώθη,
1626 2909 1723 2944 ὀφθείη
1743 2917 1776 2935 πε
1781 2918 1831 2944 ρι-
