1928 3097
146 177 197 210 885

716 176 984 209 EPISTOLARUM
999 176 1114 206 LIBER
1133 177 1175 206 II.

1706 175 1760 208 886

142 231 320 268 ϐαλλόμενος·
333 231 402 259 ἀλλὰ
420 230 469 258 καὶ
484 231 589 264 Παῡλός
615 239 708 267 φησιν·
731 232 776 258 Ἑν
791 231 862 267 λιμῷ
876 230 914 258 κα

973 233 1005 256 ιιι
1018 229 1098 265 longe
1121 228 1244 264 pluribus
1258 229 1424 262 instructus,
1438 236 1520 264 quam
1550 228 1650 264 quibus
1667 230 1759 266 priva-

141 277 213 312 δίψει
234 277 334 309 διεὸίω,
348 278 394 304 καὶ
408 276 489 312 ψύχει
506 278 553 304 καὶ
570 278 736 314 γυμνότητι·
749 277 807 304 ἀλλ’
834 276 917 304 ἑκών.

147 322 219 350 Ἀλλ’
242 323 323 359 ἀρκεῖ
336 331 377 349 σοι
399 322 505 350 Παῦλον
525 322 597 358 ἔχειν
613 323 675 350 ἀντὶ
693 323 793 355 παντὸς
805 322 922 350 πλούτου

142 367 189 396 καὶ
202 367 294 404 πάσης
303 367 477 404 εὐδαιμονίας
492 369 532 401 εἰς
545 369 733 403 παράδειγμα.

449 469 560 497 ΕΠΙΣΤ.
572 470 631 497 οΕ¹.

361 516 519 550 Σωφρονίφ
533 515 700 551 μογάζοντι.

972 274 1063 307 batur,
1083 274 1229 302 videretur.
1261 274 1314 302 Sed
1341 279 1369 303 et
1388 275 1488 302 Paulus
1513 274 1660 309 inquitzln
1687 275 1760 304 fame

970 325 1052 356 atque
1079 321 1123 348 siti
1149 321 1213 354 vixi,
1229 320 1258 348 in
1273 321 1373 356 frigore
1388 325 1416 349 et
1444 321 1584 354 nuditate;
1602 327 1699 356 sponte
1715 327 1759 350 ta-

971 374 1053 394 men.
1080 365 1202 394 Suﬂiciat
1235 371 1327 394 autem
1353 366 1402 394 tibi
1431 365 1506 394 Pauli
1524 367 1679 398 exemplum
1709 375 1761 404 pro

972 411 1139 446 quibuslibet
1160 410 1267 446 opibus.
1283 415 1311 438 et
1323 417 1485 445 quacunque
1494 409 1635 438 felicitate.

1231 466 1339 494 EPIST.
1373 465 1477 493 LXXV.

1202 512 1346 547 Sophronia
1359 511 1495 540 monacho.

752 574 883 599 Montacut.
903 574 954 605 (ep.
968 573 1009 604 ιη,
1024 579 1049 604 p.
1065 572 1117 603 98).

177 625 282 661 Ὠσπερ
297 626 325 652 αἱ
338 625 392 653 ἀπὸ
402 625 456 652 τῶν
465 626 631 661 τραυμάτων
644 625 731 659 οὐλαὶ,
748 627 812 658 τοὺς
823 626 922 658 τόπους

141 671 272 705 ἐκείνους,
287 671 349 698 καθ’
359 670 405 702 οὓς
417 671 666 707 ὲνεσκιρῤώθησαν,
683 673 730 700 καὶ
745 672 814 708 μετὰ
828 672 923 708 ὑγείαν

140 715 269 748 εὐπαθεῖς
299 716 346 743 καὶ
374 716 501 748 νοσώδεις
536 716 794 751 παρασκευάζουσιν
810 725 818 733 ο
851 717 923 744 οὕτω

139 762 187 788 καὶ
200 762 225 788 οί
242 763 271 788 ἐν
280 763 314 798 τῇ
331 762 404 798 ψυχῇ
419 762 475 789 τῶν
488 763 695 798 ἁμαρτημάτων
719 762 863 798 μώλωπες,
876 763 923 791 κα)⁴

140 807 211 842 μετά
219 807 269 842 τὴν
279 807 426 843 Θεραπείαν
442 807 642 842 εὐπαράδεκτον
657 808 741 843 αὐτὴν
752 809 799 835 καὶ
810 809 921 844 ἑτοίμην

138 853 207 889 πρὸς
229 854 279 888 τὴν
303 854 506 886 καταστίξασαν
526 854 665 889 ἁμαρτίαν
696 854 919 890 ἀπεργάζονται·

137 899 222 934 φεῦγε
239 899 328 926 τοίνυν
345 900 375 926 ἑν
401 900 517 933 νεότητι,
533 899 604 927 κατὰ
624 900 716 927 πᾶσαν
743 900 871 936 σπουδὴν,
885 899 921 927 τὰ

136 945 321 980 ἁμαρτήματα
335 952 343 959 ⁶
358 944 398 971 ὅτι
413 943 519 980 συμὸάν
544 952 574 970 σε
597 944 702 975 τούτοις
721 945 918 980 περιπαρῆναι,

134 987 187 1015 κᾶν
206 988 255 1023 τῆς
280 987 390 1024 πληγῆς
416 989 465 1016 σὺν
492 988 566 1024 πόνῳ
581 988 671 1024 πολλῷ
702 989 874 1024 ἀπαλλαγεὶς
891 994 916 1022 ν,

135 1033 195 1061 ἀλλ’
221 1030 269 1061 οὖν
303 1034 329 1061 oi
354 1034 436 1061 τύποι
458 1035 514 1062 τῶν
544 1035 705 1070 στιγμάτων
740 1035 787 1062 καὶ
823 1036 848 1062 oi
870 1044 919 1071 χα-

134 1079 279 1114 ρακτῆρες,
306 1079 366 1107 οὐδὲ
392 1079 472 1116 μέχρι
498 1080 602 1116 γήρους
626 1080 804 1116 σχολάσουσιν
826 1081 916 1117 ἐρεθί-

132 1122 235 1155 ζοντες,
258 1123 306 1151 καὶ
320 1124 374 1150 τῶν
389 1125 498 1152 οίκείων
514 1126 561 1151 καὶ
576 1125 716 1160 συγγενῶν
738 1125 833 1152 παθῶν
856 1126 918 1153 ἐπι-

130 1168 284 1201 δεικνύντες
307 1169 337 1196 τὸ
350 1169 467 1204 εἴδωλον,
482 1171 513 1197 οὐ
538 1171 666 1205 χαλεπῶς
682 1180 712 1198 σε
742 1171 811 1206 πρὸς
837 1171 918 1198 τοῦτο

131 1213 377 1250 διαμορφώσουσιν.

423 1272 536 1300 ΕΠΙΣΤ.
554 1274 623 1307 οςι.

218 1318 401 1353 Μητροφάνῃ
420 1318 544 1354 μοναχῷ
554 1320 811 1355 ἀποστατήσαντι.

1008 623 1239 658 Quemadmodum
1249 623 1365 653 obducta
1389 622 1559 652 cicatricibus
1565 622 1675 650 vulnera
1685 622 1759 651 locos

973 671 1044 704 illos,
1061 671 1088 698 in
1097 670 1197 705 quibus
1211 670 1309 698 callum
1321 669 1544 705 superinductum
1552 669 1663 700 habent.
1676 669 1757 696 etiam

973 721 1034 752 post
1060 716 1227 745 curationem
1256 716 1358 743 morbis
1382 720 1409 743 et
1437 715 1662 751 impressionibus
1680 719 1757 748 aptos

973 763 1093 791 reddunt
1113 772 1120 790 :
1146 763 1183 790 ita
1200 766 1227 790 et
1241 762 1340 789 animae.
1355 769 1403 798 per
1417 766 1556 796 peccatum
1571 760 1666 788 inﬂicti
1684 760 1759 788 livo-

974 817 1029 842 res,
1051 804 1136 844 ipsam
1154 809 1270 837 reddunt
1284 808 1357 844 (post
1377 807 1559 842 curationem)
1579 811 1642 842 apte
1664 806 1759 842 dispo-

973 855 1052 882 sitam
1086 859 1114 883 et
1143 854 1307 890 paratiorem
1329 853 1364 881 ad
1399 853 1524 889 stigmata
1551 860 1601 888 per
1617 857 1758 888 peccatum

972 900 1117 928 inurenda.
1139 900 1249 928 Declina
1265 899 1346 936 igitur
1373 907 1422 935 per
1439 898 1650 926 adolescentiam
1664 905 1760 932 pecca-

970 950 1029 974 tum
1046 946 1122 974 omni
1147 945 1239 973 studio
1255 954 1262 972 :
1280 945 1409 980 quoniam
1437 944 1460 971 si
1486 949 1514 971 te
1534 943 1569 970 ab
1586 942 1639 970 illis
1651 942 1759 970 cenfodi

969 991 1130 1028 contigerit,
1147 996 1286 1027 utcunque
1302 995 1329 1019 te
1343 999 1358 1019 a
1378 991 1456 1026 plaga
1472 997 1534 1017 cum
1560 989 1646 1017 multo
1666 989 1760 1017 labore

969 1038 1154 1070 extricaveris,
1179 1038 1335 1074 stigmatum
1375 1041 1466 1065 tamen
1493 1036 1625 1072 impressa
1646 1034 1758 1070 vestigia

969 1087 996 1110 et
1009 1083 1190 1116 characteres,
1209 1091 1295 1118 usque
1306 1083 1339 1110 ad
1362 1082 1474 1111 senilem
1489 1085 1597 1109 aetatem
1611 1088 1665 1108 non
1676 1081 1758 1108 omit-

968 1132 1027 1156 teut
1044 1129 1237 1157 irritationem:
1256 1133 1358 1157 etcum
1377 1128 1426 1156 tibi
1439 1127 1612 1155 familiarium
1625 1127 1758 1154 malorum

965 1179 993 1201 et
1025 1174 1232 1211 congenitorum
1260 1174 1396 1210 imagines
1420 1172 1685 1206 repraesentaverint,
1702 1179 1758 1200 non

965 1219 1107 1248 diﬂiculter
1132 1225 1159 1248 te
1188 1221 1221 1248 ad
1247 1221 1291 1248 illa
1320 1220 1518 1248 conformatum
1531 1218 1655 1246 reddent.

1245 1276 1356 1304 EPIST.
1379 1275 1495 1304 LXXVI.

1141 1322 1451 1359 Metropltani‘monacho
1471 1325 1610 1355 apostalw.

741 1379 874 1405 Montacut.
893 1379 944 1411 (ep.
959 1380 999 1410 65,
1015 1387 1040 1411 p.
1057 1379 1121 1412 118).

164 1427 258 1460 οὐδεὶς
271 1428 434 1464 ἀνθρώπων,
449 1429 503 1456 οὐδ’
523 1431 538 1457 ὸ
552 1430 664 1464 τέλειος,
684 1431 738 1458 ἀπὸ
751 1431 837 1466 ῥύπου
863 1440 913 1458 κα-

998 1431 1084 1459 Nemo
1109 1431 1277 1464 mortalium,
1291 1438 1326 1459 ne
1350 1430 1459 1466 quidem
1488 1429 1641 1465 perfectus,
1667 1437 1683 1457 a
1699 1437 1756 1457 ma-

129 1473 212 1509 θαρός
225 1482 232 1489 ·
246 1475 293 1502 καὶ
304 1475 391 1508 οὐδεὶς
404 1475 568 1512 ἀνθρώπων,
583 1476 639 1503 οὐδ’
655 1477 669 1503 ό
683 1477 822 1510 κάκιστος,
843 1486 911 1505 παν-

129 1519 215 1552 τελῶς
235 1521 369 1556 ἀμέτοχος
386 1522 487 1557 ἀρετῆς
499 1531 507 1538 ι
522 1522 610 1558 δόγμα
631 1523 745 1550 παλαιὸν
765 1523 813 1550 καὶ
831 1522 911 1559 μέχρι

131 1565 180 1593 νῦν
195 1567 256 1598 ταῖς
271 1567 398 1595 ἁπάντων
411 1567 458 1595 καὶ
470 1567 570 1604 ψήφοις
584 1568 632 1596 καὶ
647 1568 763 1603 πράξεσι
781 1569 912 1603 φυλαττό-

132 1620 222 1646 μενον,
240 1612 286 1648 Μὴ
300 1613 416 1650 θελήσῃς
426 1613 516 1647 λῦσαι,
527 1614 566 1650 τῷ
576 1614 645 1641 κατὰ
660 1615 772 1641 σεαυτὸν
787 1614 912 1649 ὑποδείγ-

130 1666 213 1692 ματι,
225 1658 303 1685 κενὺν
316 1659 427 1694 ἀπάσης
441 1659 541 1695 ἀρετῆς
555 1658 652 1686 σαυτὸν
677 1659 806 1692 ἐπιδεῖξαι
821 1661 912 1695 φιλον-

129 1703 212 1731 εικῶν
224 1705 270 1732 καὶ
288 1704 366 1732 κενὸν
377 1705 530 1741 ἀνθρώποις
542 1705 672 1741 διήγημα.

436 1803 547 1831 ΕΠΙΣΤ.
559 1805 618 1833 οΖ¹.

452 1849 495 1882 Τῷ
508 1849 598 1882 αὐτῷ.

961 1477 1028 1505 culis
1046 1484 1131 1512 purus
1147 1481 1176 1505 et
1200 1477 1337 1505 sordibus.
1352 1477 1449 1505 Nullus
1473 1476 1565 1509 homo,
1585 1484 1620 1504 ne
1647 1476 1756 1511 quidem

962 1524 1107 1558 pessimus,
1127 1523 1193 1559 quin
1216 1523 1329 1558 alicujus
1343 1522 1451 1550 virtutis
1469 1522 1605 1557 particeps
1618 1522 1671 1550 sit:
1685 1522 1758 1550 antii

961 1577 1045 1604 quum
1064 1569 1162 1605 dogma
1195 1572 1248 1602 est,
1269 1569 1419 1596 etiamnum
1449 1567 1619 1602 singulorum
1647 1567 1757 1595 calculis

962 1620 990 1643 et
1016 1615 1170 1643 actionibus
1190 1614 1365 1642 custoditum.
1393 1613 1454 1641 Noli
1483 1618 1513 1640 tu
1533 1613 1571 1645 id.
1595 1620 1649 1640 non
1664 1618 1757 1640 exem‘

962 1661 1008 1696 plo
1026 1665 1186 1688 evacuatum
1210 1659 1342 1687 reddere:
1372 1659 1437 1687 dum
1456 1663 1482 1686 te
1503 1658 1613 1693 penitus
1633 1657 1755 1685 inanem,

965 1710 992 1733 et
1005 1705 1173 1740 quantalibet
1201 1704 1309 1732 virtutis
1334 1704 1459 1740 portione
1480 1711 1596 1730 vacuum
1613 1702 1756 1730 contendis

969 1750 1109 1783 exhibere,
1126 1755 1154 1778 et
1163 1750 1254 1778 fabula
1267 1749 1339 1785 apud
1350 1753 1463 1777 cunctos
1485 1748 1574 1776 inanis
1584 1747 1642 1775 ﬁas.

1250 1803 1359 1833 EPIST.
1382 1802 1514 1831 LXXVII.

1322 1850 1413 1877 Eidem
1418 1869 1424 1876 .

748 1908 881 1934 Montacut.
899 1909 951 1942 (ep.
964 1911 1004 1941 66,
1021 1918 1046 1943 p.
1062 1910 1127 1942 118),

165 1956 266 1984 Ἕπεσε
287 1957 449 1992 Δαϐὶδ,άλλ¹
470 1959 589 1996 ἀνέστη’
615 1960 715 1997 ἀνέσει-η
730 1961 758 1988 δὲ
780 1964 915 1998 προσευχῇ

126 2004 286 2039 προφήτου,
312 2005 359 2031 καὶ
381 2005 497 2041 δάκρυσι
513 2013 541 2040 ι,

125 2049 321 2084 προσαχθεῖσιν
344 2049 398 2077 ὑπὸ
426 2051 545 2087 δράματι
562 2060 570 2068 ”
590 2052 634 2079 ναὶ
654 2052 685 2088 δὴ
700 2053 747 2080 καὶ
765 2054 856 2086 πόνοις
869 2055 916 2081 καὶ

127 2095 296 2131 μεταμελείᾳ
319 2096 367 2124 καὶ
389 2098 422 2133 τῇ
440 2097 507 2134 ἄλλῃ
527 2098 611 2134 ἀρετῇ
625 2099 707 2127 αὑτοῦ
725 2100 841 2131 ἐκείνου,
865 2101 912 2128 τοῦ

125 2141 338 2176 κατενεχθέντος
366 2142 416 2177 μὲν
428 2143 466 2178 τῷ
479 2144 618 2179 πτώματι,
633 2145 797 2177 διατιθέντος
814 2146 842 2173 δὲ
865 2155 908 2182 φι-

125 2186 248 2220 λοσόφως
262 2187 332 2223 πρὸς
347 2188 393 2215 τὸν
408 2188 527 2224 ἔλεγχον.
547 2190 664 2223 Ἔπεσες
688 2192 735 2218 καὶ
746 2192 826 2224 αὑτός
839 2200 845 2207 ·
862 2193 909 2220 καὶ

125 2231 269 2267 προφήτην
297 2233 346 2268 οὐχ
371 2233 427 2269 όρῶ
443 2242 451 2250 ”
472 2235 512 2262 ὅτι
530 2235 598 2271 μηδὲ
616 2236 664 2263 τοῦ
690 2237 772 2264 Δαόὶδ
798 2247 908 2266 ταπειν-

123 2277 277 2314 οφροσύνην
294 2279 341 2306 καὶ
368 2279 512 2315 μετάνοιαν
530 2289 537 2297 ι
562 2281 609 2308 σόν
631 2283 689 2309 ἐστι
713 2283 804 2310 λοιπὸν
828 2285 909 2312 καθο-

125 2324 176 2359 ρᾷν
189 2324 236 2351 καὶ
247 2325 399 2361 φροντίζειν
410 2326 484 2358 ὅπως
495 2327 635 2364 ἀναστήσῃ
650 2329 698 2355 τοῦ
713 2331 868 2365 πτώματος,
884 2332 909 2358 εἰ

126 2369 165 2405 μή
184 2377 225 2396 σοι
239 2370 269 2397 τὸ
284 2371 376 2398 δοῦναι
384 2371 462 2408 δίκην
471 2372 519 2401 καὶ
528 2373 600 2406 τότε,
615 2374 778 2409 τὴνὲκεῖθεν
791 2375 837 2402 τοῦ
849 2376 906 2403 δια-

126 2417 234 2450 φυγεῖν,
249 2416 323 2444 eam
338 2418 528 2453 αἱρετώτερον.

424 2519 536 2547 ΕΠΙΣΤ.
549 2521 612 2548 οΗ’.

242 2565 382 2600 Εὐθυμιφ
392 2565 551 2601 μονάζοντι
574 2568 790 2602 παραπεσόντι.

1006 1963 1111 1990 Cecidit
1131 1961 1225 1995 David,
1245 1961 1293 1989 sed
1308 1961 1425 1989 surrexit
1442 1971 1448 1989 :
1461 1961 1581 1989 surrexit
1595 1961 1691 1995 {autem
1707 1969 1755 1996 per

567 2007 614 2034 καὶ
640 2009 749 2043 πικροῖς
796 2008 914 2044 ἐλέγχοις

969 2009 1108 2044 prophetae
1131 2015 1240 2042 preces,
1261 2007 1368 2034 acerbis
1390 2007 1525 2042 Iacrymis,
1540 2011 1567 2034 et
1588 2007 1688 2035 amaris
1710 2015 1754 2034 rc-

966 2054 1204 2090 prehensionibus,
1234 2053 1297 2081 ﬁcta
1327 2052 1437 2088 quidem
1457 2060 1585 2087 persona,
1601 2053 1705 2080 occulte
1714 2052 1755 2079 in-

967 2097 1089 2125 tentatis.
1108 2096 1162 2124 Sed
1175 2101 1203 2125 et
1215 2104 1263 2132 per
1281 2096 1389 2125 labores
1407 2095 1529 2131 insuper,
1553 2097 1755 2132 paenitentiam,

963 2147 991 2170 et
1012 2143 1126 2171 virtutes
1139 2143 1205 2171 alias
1217 2142 1302 2178 ipsius
1321 2142 1368 2177 qui
1382 2150 1431 2177 per
1439 2142 1544 2177 lapsum
1562 2143 1754 2170 sternebatur.

961 2189 1175 2224 Comparabatur
1202 2193 1294 2216 autem
1308 2188 1497 2223 philosophice
1507 2188 1540 2214 ad
1571 2188 1752 2215 taxationem.

967 2235 1095 2263 Cecidisti
1119 2240 1147 2263 et
1159 2239 1187 2263 tu
1201 2243 1208 2263 :
1226 2234 1385 2271 prophetam
1399 2234 1504 2262 nullum
1521 2234 1617 2268 video;
1634 2242 1690 2262 non
1700 2234 1752 2261 Da-

961 2282 1030 2309 vidis
1041 2281 1219 2310 humilitatem
1237 2281 1331 2313 animi.
1347 2288 1401 2308 non
1425 2281 1645 2316 resipiscentiam.
1671 2281 1711 2308 Ad
1727 2286 1754 2309 te

961 2327 1090 2362 deinceps
1122 2331 1228 2362 spectat
1253 2326 1346 2354 videre
1376 2331 1403 2353 ct
1432 2334 1538 2359 curare,
1562 2332 1592 2354 ut
1625 2335 1640 2354 a
1675 2327 1751 2361 lapsu

958 2373 1149 2405 resusciteris,
1175 2373 1227 2400 nisi
1262 2372 1309 2400 tibi
1336 2372 1400 2400 dare
1428 2380 1524 2407 pmnas
1550 2373 1614 2400 olim
1644 2373 1672 2400 in
1705 2381 1752 2401 vo-

959 2420 993 2447 tis
1021 2419 1105 2455 magis
1123 2419 1225 2446 hiereat
1248 2418 1397 2454 proposito,
1413 2426 1494 2454 quam
1516 2426 1531 2445 a
1555 2419 1687 2454 supplicio
1701 2429 1748 2448 ex—

959 2465 1057 2501 pediri.

1217 2521 1327 2550 EPIST.
1345 2521 1487 2550 LXXVIII.

1141 2568 1281 2603 Euthymio
1298 2568 1427 2595 monacho
1445 2568 1572 2603 collapsa.

736 2624 869 2650 Montacut.
886 2626 938 2657 (ep.
951 2625 991 2653 68.
1008 2633 1032 2657 p.
1051 2625 1114 2655 H9).

159 2674 191 2701 Ei
207 2674 278 2710 μήτε
292 2675 342 2711 τῆς
354 2677 458 2704 ὲκεῖθεν
473 2677 611 2713 βασιλείας
628 2679 642 2706 ό
660 2679 752 2712 πόθος,
774 2680 844 2715 μήτε
859 2680 908 2715 τῆς

119 2719 310 2756 ἀπαραιτήτου
318 2721 454 2756 τιμωρίας
461 2722 476 2748 ὁ
482 2722 574 2757 φόϐος,
589 2723 658 2750 ἀλλὰ
668 2723 735 2759 μηδὲ
742 2723 797 2751 τῶν
807 2724 908 2759 ὁμοίως

121 2772 166 2792 σοι
177 2766 223 2793 τὸν
252 2766 309 2802 βίον
326 2768 355 2794 ὲν
381 2768 498 2804 τοσαύτῃ
523 2770 641 2806 πονηρίᾳ
662 2771 905 2806 καταδαπανησάν-

999 2679 1028 2707 Si
1045 2687 1132 2714 neque
1144 2679 1263 2707 ctelestis
1274 2679 1348 2716 regni
1361 2680 1538 2712 desiderium,
1550 2687 1601 2707 nec
1614 2679 1748 2708 inelucta-

962 2726 1022 2753 bilis
1039 2726 1163 2760 supplicii
1189 2730 1287 2759 metus,
1308 2733 1358 2754 nec
1380 2734 1486 2759 eorum,
1506 2726 1553 2761 qui
1572 2726 1612 2753 tui
1631 2726 1747 2759 similes.

961 2771 1043 2798 vitam
1064 2776 1117 2798 tam
1130 2771 1229 2806 insigni
1246 2771 1420 2807 improbitate
1436 2771 1535 2800 {tedam
1552 2772 1746 2808 transigcrunt,

748 2837 865 2866 νΑιιιιΕ
883 2837 1086 2866 LECTIONES.

159 2903 172 2920 ν
185 2909 230 2935 πρ.
248 2901 443 2939 ἀπαλλαγείης.
481 2908 495 2923 ι
515 2904 557 2932 ίσ,
573 2905 637 2933 add.
654 2905 775 2940 οἰκείοις,
787 2914 841 2934 non
858 2907 929 2934 cuitu
943 2907 1082 2942 propheta:
1097 2906 1241 2935 Nathanis.
