1928 3097
163 173 229 205 881⁴

726 173 856 204 PHOTII
874 174 1123 206 PATRIARCH/E
1141 175 1196 206 CP.

1725 174 1777 206 888

160 229 364 263 dura,diiiicilia
373 234 400 258 et
414 229 581 258 intoleranda
595 237 656 266 qua:
669 231 760 258 statim
776 230 850 266 passi
860 234 937 264 sunt,

1003 240 1057 266 των,
1080 232 1116 259 τὰ
1139 231 1211 259 κατᾶ
1235 231 1322 264 πόδας
1347 231 1455 268 χαλεπὰ
1479 233 1527 261 καὶ
1546 232 1675 261 δύσοιστα
1690 231 1774 267 πάθη,

160 278 208 305 sed
223 284 274 305 uec
287 277 322 305 ab
336 276 464 304 omnibus
477 276 582 312 ingesta
596 277 752 312 opprobria,
774 277 807 305 ad
827 284 943 305 conver-

160 324 266 351 sionem
289 327 317 351 et
343 322 516 350 sobrietatem
540 322 574 350 ab
605 323 753 351 audacibus
778 322 945 351 facinoribus

160 369 250 396 adhuc
266 368 419 396 excitarunt
432 377 439 395 :
458 374 556 396 vereor
571 376 621 404 ego
636 373 722 401 certe,
740 376 775 396 ne
789 369 944 397 daemonum

160 418 258 441 natura
272 413 386 441 formam
401 413 429 440 in
440 418 466 441 te
481 413 650 442 simulaverit
663 414 821 441 humanam.
834 413 944 442 Utinam

162 466 300 494 nunquam
321 466 366 486 me
387 459 421 486 ad
444 458 495 486 ista
519 458 682 494 proferenda
702 459 849 494 adegisscs.
863 459 944 487 Certe

161 505 292 540 prooemia
319 505 399 532 nobis
422 504 532 532 venturi
555 504 715 533 Antichristi
747 505 775 532 in
801 505 944 541 temetipso

161 552 285 581 exhibes.

423 608 533 636 EPIST.
555 608 675 637 LXXIX.

372 653 464 682 Marco
487 654 576 682 Sicula
598 655 734 682 monacho.

994 279 1063 314 μήτε
1075 278 1110 306 τὰ
1121 278 1198 305 κοινὰ
1205 277 1284 314 παρὰ
1294 278 1404 306 πάντων
1414 278 1513 315 ὀνείδη,
1525 279 1594 315 πρὸς
1608 278 1776 314 ἐπιστροφήν

993 333 1024 352 σε
1034 325 1082 352 καὶ
1107 324 1188 360 νῆψιν
1216 324 1272 352 τῶν
1295 324 1478 360 τολμωμένων
1511 324 1589 352 οὔπω
1621 324 1752 360 διεγείρει
1765 331 1774 340 ³

992 371 1098 399 δέδοικα
1110 371 1148 406 μὴ
1163 371 1299 407 δαιμόνων
1320 370 1402 405 φύσις
1423 370 1567 408 ἀνθρώπου
1584 370 1692 406 μορφὴν
1710 370 1776 397 ὑπο-

996 417 1130 452 κρίνεται.
1163 417 1233 445 ’Λλλ¹
1259 417 1316 445 εῐθε
1345 417 1383 453 μὴ
1412 417 1564 454 συνήλασας
1593 418 1669 453 ἡμᾶς
1690 415 1776 444 ταῦτα

993 463 1090 497 εἰπεῖν,
1110 463 1157 490 καὶ
1177 463 1225 490 τοῦ
1257 463 1440 500 ’Δντιχρίστου
1461 463 1506 492 διὰ
1525 463 1573 491 σοῦ
1598 463 1616 499 ὴ
1643 461 1776 498 παρουσία

995 509 1212 544 προοιμιάζεται.

1288 609 1402 637 ΕΗΙΣΤ.
1421 609 1483 637 ΟΘ’.

1180 654 1288 690 Μάρκῳ
1298 653 1411 687 Σικελῷ
1422 652 1588 689 pomifer-tt.

772 710 904 736 Montacut.
922 710 973 742 (ep.
988 711 1027 741 8L
1039 718 1063 742 p.
1079 711 1144 743 150).

197 760 272 789 Multi
295 761 416 790 historici
437 761 547 795 docent,
566 762 639 798 quod
660 770 721 790 cum
746 770 795 798 per
814 767 946 790 terrarum

1034 763 1103 794 Τοὺς
1114 763 1182 798 πρὸς
1189 761 1325 798 Ἑσπέραν
1340 760 1510 797 ἀνθρώπους,
1525 760 1571 788 ὅτι
1578 759 1716 795 πανταχοῦ
1727 760 1778 795 γῆς

162 806 256 834 orbem
279 811 366 835 totum
391 807 518 842 impietas
547 807 758 840 diﬂ‘undebatur,
788 808 946 841 Saturnum,

162 851 312 885 Venerem,
326 857 354 880 et
367 852 558 888 Proserpinam
570 873 579 886 ,
603 852 792 881 Occidentales
811 854 883 881 solos
899 861 948 888 pro

162 897 215 926 diis
230 898 357 926 habuisse
371 906 380 926 :
396 902 424 926 et
437 899 508 933 quod
523 906 613 934 neque
633 898 768 926 malorum
789 898 949 926 toleratissi-

162 949 237 969 mum
246 941 401 975 Herculem,
409 942 618 971 necVulcanum
629 943 796 970 laudandum
805 943 947 976 artiﬁcem,

162 994 214 1015 nec
228 988 442 1016 rhetoricantem
456 989 640 1022 Mercurium,
659 996 711 1016 nec
730 988 812 1016 alium
831 989 948 1023 quemli—

163 1033 210 1061 bet
224 1041 330 1066 eorum,
349 1041 417 1069 quos
432 1034 531 1062 labulre
552 1042 667 1070 operum
688 1034 852 1070 optimorum
868 1040 895 1062 et
909 1035 950 1062 in-

164 1086 315 1113 genuorum
344 1079 474 1115 praesides
497 1084 525 1108 et
553 1085 693 1108 curatores
726 1085 892 1116 suggerunt,
920 1081 949 1108 in

163 1124 277 1154 deorum
296 1125 388 1153 album
409 1125 543 1160 retulisse,
564 1130 611 1153 aut
634 1126 778 1154 admittere
806 1126 948 1154 voluisse:

163 1171 211 1199 sed
224 1178 277 1199 nec
294 1179 369 1199 aram
379 1171 502 1206 iustitiae,
515 1172 711 1208 temperantiae,
721 1177 769 1200 aut
779 1172 860 1200 alicui
872 1172 950 1200 alteri

163 1217 258 1245 virtuti
274 1217 431 1251 adiﬁcasse,
449 1226 517 1253 quas
532 1218 632 1246 multas
649 1219 780 1246 mortales
799 1223 858 1247 tum
875 1218 950 1246 deiﬁ-

164 1264 273 1296 cabant,
289 1268 317 1292 et
332 1264 526 1300 superstitione
545 1265 710 1301 praevalente
725 1265 861 1293 colebant.
880 1264 951 1298 Quid

164 1314 223 1336 erat
237 1314 329 1337 autem
346 1318 396 1338 cur
407 1310 479 1346 apud
499 1311 566 1338 istos
588 1310 740 1343 Saturnus,
753 1309 858 1343 Venus,
883 1310 952 1338 Pro—

164 1355 272 1390 serpina
285 1355 456 1389 colebantur,
480 1357 570 1384 solum
591 1364 626 1384 eo
640 1356 712 1390 quod
737 1356 862 1384 homines
886 1356 952 1384 solis

164 1400 266 1428 addicti
286 1406 363 1428 erant
385 1402 571 1437 voluptatibus
590 1403 705 1434 ventris,
718 1407 746 1430 et
758 1409 851 1429 rerum
866 1409 952 1429 vene-

997 808 1139 844 ὲξήπλωτο
1153 808 1305 844 ἡάσέϐεια,
1323 808 1439 843 Κρόνον,
1459 807 1507 834 καὶ
1533 806 1704 842 Ἀφροδίτην,
1731 805 1780 833 καὶ

998 852 1172 888 Περσεφόνην
1189 852 1286 888 μόνους
1302 851 1424 888 νομίζειν
1440 851 1519 883 θεοὺς
1549 852 1600 885 τῆς
1628 850 1748 886 ἱστορίας
1761 851 1779 885 ἠ

998 900 1081 934 πεῖρα
1104 898 1260 935 παρέδωκεν
1272 917 1281 931 ,
1301 898 1349 925 καὶ
1367 897 1429 925 οὔτε
1441 896 1568 932 τληπαθῆ
1582 897 1630 923 καὶ
1653 904 1781 932 καρτερι-

998 944 1046 972 κὸν
1073 944 1230 980 Ἡρακλέα,
1259 942 1322 970 οὔτε
1343 942 1496 977 Ἥφαιστον
1510 940 1700 976 κλυτοτέχνην,
1723 939 1782 967 ἀλλ’

999 990 1060 1017 οὐδὲ
1084 990 1175 1024 λόγιον
1195 989 1299 1024 Ἑρμῆν
1311 1007 1320 1021 ,
1338 988 1395 1016 οὐδ’
1420 987 1501 1015 ἄλλον
1529 987 1590 1013 τινὰ
1603 983 1642 1014 ὧν
1670 986 1685 1012 ό
1697 985 1781 1022 μῦθος

999 1036 1125 1072 χρηστῶν
1140 1035 1188 1064 καὶ
1207 1035 1361 1063 σπουδαίων
1376 1034 1465 1071 ῐργων
1485 1033 1642 1069 προστάτας
1663 1032 1710 1059 καὶ
1731 1033 1781 1066 ἑφ-

999 1083 1078 1119 όρους
1091 1081 1259 1114 ὑποτίθεται,
1276 1080 1370 1108 οὐδένα
1387 1080 1489 1107 τούτων
1513 1078 1575 1106 οὒτε
1589 1078 1707 1110 Ostiam,
1720 1077 1782 1105 οὔτε

999 1127 1216 1164 παραδέξασθαι.
1229 1126 1291 1154 οὐδὲ
1303 1126 1394 1162 βωμὸν
1409 1125 1515 1162 ἱδρῦσαι
1537 1123 1722 1159 δικαιοσύνης,
1751 1123 1783 1150 οὑ

1001 1174 1056 1210 μὴν
1068 1173 1129 1201 οὐδὲ
1147 1172 1337 1209 σωφροσύνης,
1357 1172 1411 1199 οὐδ’
1424 1171 1508 1207 ἄλλης
1536 1171 1609 1202 τινος
1621 1170 1736 1206 ἀρετῆς,
1749 1170 1784 1206 ἢν

1000 1219 1151 1256 τηνικαῦτα
1175 1219 1207 1246 τὸ
1231 1217 1405 1255 ἀνθρώπινον
1426 1218 1506 1252 γένος
1525 1217 1658 1245 ὲθεοποιει
1683 1225 1715 1243 τε
1737 1217 1786 1243 καὶ

1001 1266 1078 1293 ἐσεὸε
1090 1265 1290 1301 δεισιδαιμονίᾳ
1304 1264 1486 1300 κατεχόμενον
1497 1271 1504 1279 ·
1516 1263 1560 1290 διὰ
1578 1263 1605 1290 τί
1615 1260 1662 1290 οὖν
1684 1262 1785 1297 ’Δφρο-

1001 1311 1072 1346 δίτη,
1088 1310 1134 1337 καὶ
1147 1309 1264 1345 Κρόνος,
1276 1309 1324 1336 καὶ
1342 1307 1500 1344 Περσεφόνη
1520 1307 1626 1339 τούτοις
1652 1305 1785 1341 ἐτιμήθη-

1003 1364 1068 1389 σαν;
1081 1356 1122 1383 ότι
1137 1355 1221 1391 μόνης
1235 1354 1333 1390 ἡδονῆς
1347 1353 1395 1380 καὶ
1413 1353 1532 1389 γαστρὸς
1555 1352 1604 1380 καὶ
1622 1351 1786 1388 ἀφροδισίων

1002 1402 1047 1430 ἀεὶ
1057 1401 1202 1437 γεγόνασιν
1218 1400 1365 1436 ἅνθρωποι.
1390 1399 1444 1426 Καὶ
1464 1399 1519 1435 γὰρ
1533 1398 1579 1426 καὶ
1593 1398 1704 1430 τούτους
1737 1396 1784 1429 οὓς

164 1453 283 1474 rearum.
302 1446 384 1474 Certe
407 1436 479 1475 enim
498 1447 559 1475 illos
585 1455 653 1482 quos
668 1447 794 1476 colebant
811 1447 878 1475 deos
900 1448 952 1475 mi-

1004 1448 1107 1481 ἔσεϐον,
1118 1446 1261 1483 μιγνύντες
1273 1446 1397 1482 ἀλλήλοις
1412 1445 1461 1472 καὶ
1481 1444 1674 1476 διαπλέκοντες
1685 1464 1693 1476 ,
1721 1451 1787 1480 τρο-

166 1494 275 1519 Iceutes
283 1490 410 1525 invicem,
419 1495 447 1519 et
455 1492 617 1527 promiscuis
627 1492 813 1527 complexibus
821 1492 955 1520 inhaeren-

167 1540 218 1568 tes,
232 1535 370 1570 alimenta,
387 1536 491 1570 luxum,
509 1544 591 1565 omne
616 1546 701 1574 genus
723 1539 904 1574 voluptatum,
919 1538 954 1566 ab

166 1580 220 1608 illis
231 1581 295 1614 diis,
318 1585 351 1609 ut
370 1581 462 1610 verbis
488 1582 623 1616 ferebant,
645 1583 776 1617 ﬂuentes,
800 1583 953 1611 actionibus

166 1627 224 1655 suis
237 1628 446 1655 coacervabant.
463 1628 522 1655 Non
540 1634 582 1656 est
602 1636 667 1664 ergo
683 1628 795 1660 mirum.
810 1629 834 1656 si
850 1633 890 1662 tu,
906 1629 954 1664 qui

167 1681 254 1709 genus
267 1673 302 1701 ab
317 1673 541 1702 Occidentalibus
555 1675 674 1707 derivas,
689 1674 759 1702 nihil
772 1675 894 1710 prudens
907 1679 955 1704 aut

167 1723 347 1755 temperatum
369 1719 461 1748 dicere
483 1721 525 1748 vel
543 1719 633 1749 facere
654 1721 742 1756 possis
765 1730 772 1748 :
809 1724 885 1748 certe
907 1728 955 1755 pa-

167 1769 252 1793 ternae
261 1766 472 1794 consuetudines
484 1765 529 1793 vix
543 1770 590 1794 aut
601 1774 636 1794 ne
651 1767 695 1794 vix
706 1766 814 1802 quidem
841 1766 956 1801 corrigis

168 1812 237 1840 etin
253 1812 377 1840 ordinem
392 1812 477 1848 redigi
497 1817 613 1848 possunt
636 1813 752 1841 maxima
766 1812 886 1840 adhibita
896 1812 958 1840 dili-

168 1857 269 1893 gentia,
284 1865 362 1891 cura,
379 1862 408 1886 et
424 1857 573 1886 laboribus.

445 1914 553 1943 EPIST.
573 1914 680 1943 LXXX.

222 1960 302 1988 Saba!
319 1962 501 1995 anachoreta,
524 1971 584 1989 cum
603 1963 731 1998 apostatis
748 1962 900 1989 immorata.

1006 1494 1061 1530 φάς
1075 1502 1105 1520 τε
1124 1492 1174 1519 καὶ
1203 1490 1309 1527 τρυφὰς
1336 1489 1383 1517 καὶ
1406 1488 1504 1524 ἡδονὰς
1530 1487 1660 1519 παντοίας
1682 1486 1789 1513 ἐκεῖθεν

1005 1539 1098 1570 αὐτοῖς
1110 1538 1152 1574 τῷ
1164 1538 1237 1572 λόγῳ
1252 1536 1366 1572 ῥεούσας
1391 1536 1437 1563 διὰ
1453 1534 1508 1562 τῶν
1528 1533 1654 1569 πράξεων
1675 1532 1787 1559 συνελέ-

1007 1592 1097 1620 γοντο.
1120 1584 1204 1611 Οὐδὲν
1225 1581 1272 1610 οὖν
1295 1581 1451 1618 θαυμαστὸν
1479 1580 1505 1607 ει
1524 1580 1571 1607 καὶ
1593 1579 1626 1606 σὺ
1651 1578 1683 1605 τδ
1709 1578 1790 1613 γένος

1004 1632 1091 1659 ἕλκων
1105 1630 1135 1663 ἐξ
1146 1629 1292 1666 Ἑσπέρας,
1308 1627 1396 1659 οὒδὲν,
1407 1626 1470 1654 οὔτε
1484 1627 1593 1666 σῶφρον
1606 1624 1696 1660 λέγειν
1704 1623 1789 1659 ἔχεις,

1005 1675 1066 1704 οὔτε
1078 1664 1301 1712 διαπράττεσθαι.
1315 1673 1443 1709 Μεγίστη
1456 1671 1511 1707 γὰρ
1526 1664 1627 1706 σπουδῇ
1641 1670 1690 1698 καὶ
1699 1670 1790 1701 πόνοις

1007 1723 1054 1750 καὶ
1069 1721 1195 1758 μελέταις
1210 1722 1246 1748 τὰ
1263 1720 1293 1755 ἐξ
1314 1720 1391 1752 ἔθους
1409 1719 1457 1747 καὶ
1473 1717 1602 1754 πατρίδος
1619 1717 1697 1752 μόλις
1723 1715 1791 1743 ποτὶ

1005 1770 1078 1805 φιλεῖ
1092 1766 1370 1805 μεταρρυθμίζεσθαι.

1322 1909 1432 1936 ΕΠΙΣΤ.
1450 1908 1492 1935 l'l'.

1009 1959 1092 1992 Σὰϐα
1105 1955 1280 1994 ἠσυχαστῇ,
1291 1956 1367 1991 μετὰ
1377 1954 1436 1982 τῶν
1449 1952 1627 1982 ἀποστατῶν
1643 1951 1791 1987 γεγονότι.

784 2016 918 2042 Montacut.
931 2017 983 2049 (ep.
1000 2016 1040 2047 90,
1057 2023 1082 2047 p.
1100 2015 1166 2047 155).

206 2065 285 2094 Unde
298 2066 412 2101 factum,
429 2071 460 2095 ut
477 2076 539 2096 cum
554 2068 587 2096 ad
598 2069 688 2096 omnia
711 2068 787 2096 tarde
801 2073 828 2096 et
842 2076 957 2096 onerose

169 2113 316 2146 movearis,
328 2113 362 2141 ad
375 2114 592 2143 machinationes
601 2120 694 2143 contra
709 2123 754 2143 me
770 2116 845 2143 celer
871 2120 899 2143 et
910 2122 957 2142 ve-

170 2158 284 2190 hemens
307 2159 470 2188 exstiteris!
493 2159 591 2195 Liquet
614 2160 688 2193 hinc,
712 2160 818 2196 opinor,
835 2161 907 2196 quod
929 2161 957 2188 in

169 2204 270 2239 quibus
292 2205 443 2233 secundum
459 2205 593 2233 rationem
618 2205 744 2241 procedit
760 2206 840 2240 ratio,
859 2210 958 2234 utcun-

169 2256 224 2285 que
240 2249 360 2286 lngenita
374 2251 426 2287 ipsi
440 2251 566 2279 celeritas
581 2260 635 2279 non
654 2252 690 2280 sit
701 2251 736 2280 ad
750 2256 814 2280 ante
827 2252 958 2280 vertenda

170 2295 253 2329 tnula,
264 2300 356 2325 tamen
381 2297 522 2326 incitatius
536 2303 564 2326 et
581 2299 723 2332 continuo,
750 2307 801 2327 nec
825 2307 958 2335 suspenso

171 2345 261 2376 motu,
274 2341 309 2370 ad
339 2343 409 2372 mala
426 2343 490 2372 ferri
513 2352 568 2372 non
590 2345 658 2373 vult.
677 2346 712 2373 At
728 2353 790 2373 cum
812 2345 875 2373 inde
885 2345 960 2373 exci—

170 2386 243 2416 derit
257 2387 330 2422 quod
340 2389 492 2418 secundum
518 2396 643 2419 naturam
657 2396 709 2425 est,
724 2399 779 2419 una
796 2392 879 2419 etiam
891 2391 958 2419 eﬂ‘e-

170 2438 278 2467 rtlttur,
292 2439 321 2462 et
336 2439 426 2463 motus
439 2443 535 2464 omnes
548 2441 576 2465 et
589 2437 711 2465 actiones
720 2438 835 2474 singula:
851 2438 879 2464 in
897 2442 959 2465 sta-

171 2483 229 2506 tum
254 2480 440 2509 turbulentum
465 2487 492 2510 et
520 2483 663 2511 furiosum.
700 2484 770 2512 scito
798 2488 888 2512 autem
915 2490 958 2510 me

169 2524 248 2552 valde
263 2525 369 2560 pudore
382 2527 528 2563 sudusum,
554 2534 583 2557 et
605 2536 723 2557 [INEIOI'C
745 2531 816 2557 ultra
845 2530 956 2557 modum

169 2575 321 2606 arreptum,
337 2580 392 2600 non
400 2574 474 2609 quod
487 2583 583 2603 omnes
597 2576 624 2603 in
639 2576 783 2611 praesentia
797 2576 862 2604 aleae
875 2576 956 2611 jacta:

170 2615 225 2643 sint
242 2616 271 2644 in
284 2625 340 2651 me,
357 2618 405 2647 sed
420 2621 493 2655 quod
505 2621 570 2649 olim
587 2625 616 2649 tu
634 2629 669 2650 ex
684 2622 719 2650 iis
734 2622 868 2651 videbaris
882 2628 956 2649 esse.

169 2662 216 2700 qui
231 2670 277 2693 me
289 2664 428 2695 amabant.

1045 2067 1130 2095 Πόθεν
1156 2067 1174 2102 ἡ
1195 2065 1264 2101 πρὸς
1290 2063 1379 2091 πάντα
1405 2070 1453 2089 σου
1479 2061 1587 2097 κίνησις
1611 2059 1722 2096 βραδεῖα
1744 2060 1793 2086 καὶ

1010 2113 1108 2149 νωθὴς,
1129 2113 1170 2144 είς
1183 2111 1233 2148 τὴν
1244 2110 1306 2138 καθ’
1319 2109 1400 2146 ήμῶν
1418 2107 1537 2143 κατέστη
1563 2105 1697 2141 συσκευὴν
1715 2105 1793 2138 ὀξεῖα

1010 2161 1058 2188 καὶ
1076 2156 1224 2194 σφοδράςῆ
1246 2156 1336 2192 δῆλον,
1364 2155 1403 2187 ὡς
1431 2155 1459 2181 ὲν
1484 2151 1525 2185 οἷς
1553 2153 1602 2188 μὲν
1616 2151 1759 2188 ἐἔπραττεν
1776 2153 1792 2178 ὁ

1009 2205 1137 2241 λογισμὸς
1147 2203 1218 2231 κατὰ
1232 2202 1324 2238 φύσιν,
1341 2201 1393 2229 κᾶν
1406 2201 1457 2228 οὐχ
1469 2198 1504 2236 ἧν
1517 2198 1592 2234 αὖτῷ
1604 2198 1687 2234 τάχος
1703 2197 1795 2232 ἐμφυς

1008 2260 1054 2279 τον
1067 2252 1108 2283 εἰς
1128 2249 1273 2285 ἀντίληψιν
1297 2249 1353 2277 τῶν
1368 2247 1474 2280 κακῶν,
1492 2246 1565 2282 ὅμως
1583 2245 1643 2272 om
1662 2244 1794 2280 ἀκρατῶς

1009 2299 1075 2326 star
1089 2297 1158 2333 πρὸς
1172 2295 1208 2326 τὰ
1221 2295 1311 2331 φαῦλα
1334 2293 1475 2330 φέρεσθαι,
1500 2293 1548 2320 καὶ
1572 2291 1719 2322 ἁνενδότως
1741 2289 1795 2325 τὴν

1008 2346 1106 2381 ὁρμήν.
1125 2344 1202 2371 Ἐπεὶ
1213 2343 1242 2370 δὲ
1256 2343 1304 2370 καὶ
1319 2342 1409 2369 αὐτῶν
1423 2340 1534 2374 litasse
1547 2339 1601 2366 τῶν
1615 2338 1685 2366 κατὰ
1699 2337 1794 2372 φύσιν,

1009 2390 1243 2427 συνεξηνέχθησαν
1253 2388 1329 2424 αὐτῷ
1346 2388 1395 2415 καὶ
1407 2388 1435 2414 αἱ
1449 2386 1573 2422 κινήσεις
1585 2385 1682 2416 πᾶσαι,
1701 2383 1749 2411 καὶ
1763 2383 1795 2410 αι

1008 2438 1123 2473 πράξεις
1131 2438 1173 2469 είς
1190 2436 1222 2463 τὸ
1235 2434 1382 2466 στασιῶδες
1405 2431 1471 2470 ἦθος
1494 2433 1541 2459 καὶ
1563 2430 1700 2467 ἐμμανὲς”
1717 2430 1795 2465 ἡμᾶς

1008 2483 1036 2511 δὲ
1050 2483 1168 2518 γίνωσκε
1180 2482 1241 2509 λίαν
1265 2479 1442 2516 αἰσχύνεσθαι
1469 2478 1517 2506 καὶ
1539 2476 1714 2512 ὑπεραλγεϋ,
1735 2476 1790 2510 οὐχ

1007 2529 1049 2556 ὅτι
1060 2528 1107 2556 νῦν
1121 2528 1226 2559 πάντας
1243 2526 1341 2558 κύὸους
1352 2524 1413 2552 καθ’
1429 2524 1508 2559 ἡμῶν
1523 2522 1713 2559 ἀναῤῥίπτεις,
1733 2519 1797 2547 ἀλλ’

1009 2575 1050 2602 ὅτι
1070 2575 1117 2602 καὶ
1127 2573 1208 2606 αὐτὸς
1217 2571 1258 2606 εἷς
1271 2572 1375 2605 ἐδόκεις
1387 2571 1471 2599 πάλαι
1480 2569 1535 2597 τῶν
1548 2567 1699 2605 φιλούντων
1718 2566 1798 2601 ἡμᾶς

1007 2618 1091 2649 εἶναι.

827 2743 943 2773 VABLE
963 2740 1163 2773 LECTIONES.

214 2829 230 2852 1
242 2827 285 2856 ισ.
297 2828 352 2864 εἴη.
