1928 3097
128 172 194 205 889'

421 228 532 259 ΕΠΙΣΤ.
543 230 610 261 ΠΝ.

219 273 384 310 Ἀθαγασιφ
394 276 554 312 perditam
573 278 624 306 xui
646 279 822 314 ἠσυχαστῇ.

700 178 966 209 EPISTOLARUM
985 178 1101 209 LIBER
1120 179 1163 210 II:

1692 181 1747 214 890

1223 235 1336 264 EPIST.
1357 235 1477 265 LXXXI.

1089 281 1235 310 Athanasio
1256 284 1382 311 monacho
1401 288 1426 312 et
1444 284 1610 312 anachoreta

751 335 884 361 Montacut.
905 337 957 368 (ep.
970 336 1010 366 9‘2,
1027 343 1052 368 p.
1069 337 1136 369 154).

163 383 217 410 Τδν
230 383 340 419 φοίνικα
354 383 422 418 φασὶ
433 384 464 411 τὺ
479 385 562 420 φυτὸν
577 386 611 422 τῇ
623 386 734 424 ἀλμυρᾷ
747 387 854 416 θάλλειν
865 391 912 425 γῇ,

129 430 176 456 καὶ
190 431 240 465 τὴν
255 430 344 466 κόμην
355 432 395 463 είς
413 430 481 466 ὕψος
494 432 654 468 ἐκτρέφειν,
678 434 726 461 καὶ
752 435 862 469 καρπὸν
874 437 914 467 είς

129 476 230 511 πλῆθος
249 476 297 503 καὶ
322 476 424 511 πολλὴν
445 477 601 513 γλυκύτητα
631 479 750 514 φέρειν·
771 481 819 506 καὶ
846 480 915 512 ὅλως

129 523 230 558 φοίνικι
245 523 293 551 καὶ
302 523 453 559 ἐπιτήδειον
464 524 573 561 ἁλμυρά
587 525 637 562 γῆ·
649 526 738 553 καίτοι
758 527 814 554 τῶν
826 527 915 555 ἄλλων

130 569 306 606 σπερμάτων,
317 569 369 596 ὅσα
382 569 413 596 τὸ
427 569 512 604 γλυκὺ
524 571 612 605 φιλεῖν
626 571 713 599 ἐθέλει
725 573 774 599 καὶ
788 572 913 609 λιπαρὸν,

130 615 289 652 ὑπάρχουσα
304 616 450 652 φθαρτικὴ.
471 617 570 649 Καλῶς
586 615 633 645 οὖν
645 618 693 645 καὶ
703 619 796 651 αὐτὸς,
818 620 843 646 εί
867 619 915 646 καὶ

132 660 170 696 μὴ
186 661 299 693 πολλοὺς
312 661 384 697 ἔχεις
394 661 456 695 τοὺς
476 664 655 699 ωνεραπάς,
676 665 737 692 ἀντὶ
765 665 820 692 τῶν
838 665 914 692 πολι-

131 706 215 734 τικῶν
223 706 357 743 θορύϐων,
371 708 421 743 τὴν
436 708 540 744 ἔρημον
553 710 639 737 οἰκεῖν
655 711 782 746 ᾑρετὴσω
792 716 817 739 τ.
834 712 915 747 Ῥᾷον

132 753 187 787 γὰρ
201 752 234 780 ἐκ
248 752 350 789 ταύτης
359 753 427 786 ἐστὶ,
442 754 484 781 σοί
499 763 530 781 τε
545 755 592 782 καὶ
611 756 668 787 τοῖς
685 756 841 792 ὑψικόμοις,
859 757 916 789 τοῖς

132 797 202 824 κατά
216 797 257 832 σὲ,
272 798 341 834 πρδς
351 799 465 827 οὐρανὸν
477 801 539 833 ταῖς
553 801 664 837 ἀρεταῖς
678 801 876 837 ἀναφέρεσθαι.

426 902 539 930 ΕΠΙΣΤ.
555 901 617 930 IIB'.

199 946 390 981 Mntpogsdrst
409 946 567 983 μονάζοντι
584 949 843 985 ἀποστατήσαντι.

997 390 1081 418 Aiunt
1093 391 1210 426 palmam
1225 391 1350 419 arborem
1364 391 1434 418 salsa
1449 390 1566 427 gaudere
1589 390 1696 423 tellure,
1721 396 1749 418 et

963 436 1073 464 frondes
1086 437 1113 464 in
1128 437 1212 464 altum
1228 437 1364 469 attollere,
1379 441 1407 464 et
1429 436 1546 464 l‘ructnm
1572 436 1749 471 multiplicem

963 481 1096 517 proferre,
1107 487 1134 510 et
1152 490 1257 510 summa
1280 482 1423 518 praeditam
1446 482 1612 510 dulcedine:
1637 482 1673 509 ita
1691 489 1748 509 om-

963 528 1030 555 nino
1043 528 1093 556 soli
1106 528 1175 556 salsa
1200 529 1281 556 tellus
1304 528 1401 563 palma:
1424 535 1554 563 congrua,
1570 535 1630 562 quae
1652 530 1750 554 caatera

965 574 1056 601 omnia
1069 574 1170 601 semina
1183 578 1211 602 et
1225 573 1331 609 plantas
1352 581 1414 608 quas
1437 573 1581 600 dulcedine
1603 573 1750 607 capiuntur

964 624 993 648 et
1010 620 1174 656 pinguedine
1201 620 1338 655 salsugine
1365 623 1475 648 enecat.
1503 619 1593 652 Quare
1621 623 1695 646 recte
1720 622 1751 646 tu

965 665 1086 700 quidem,
1103 665 1166 693 licet
1180 666 1280 693 multos
1294 673 1349 692 non
1361 665 1463 692 habeas
1482 664 1591 696 rivales,
1608 671 1658 698 pro
1669 663 1752 690 civili-
1803 656 1807 659 ’

965 711 1017 739 bus
1033 711 1129 738 turmis
1144 716 1172 739 et
1181 711 1343 738 tumultibus
1353 718 1475 738 eremum
1490 709 1611 737 incolere
1625 709 1729 744 elegisti
1743 717 1751 736 :

966 764 999 784 ex
1017 756 1060 784 illa
1073 757 1145 784 enim
1159 757 1304 785 solitudine
1315 756 1394 784 facile
1411 756 1459 784 tibi
1480 755 1562 783 fuerit
1576 758 1604 782 et
1618 755 1753 782 similibus

928 794 952 825 Β
966 802 1073 830 excelsa
1097 810 1175 831 coma
1199 802 1330 839 praeditis,
1354 802 1388 830 ad
1412 801 1512 830 caelum
1536 800 1683 829 ascendere
1705 808 1754 835 per

967 848 1092 876 virtutes.

1226 903 1338 932 EPIST.
1357 902 1489 932 LXXXII.

1115 949 1285 986 Hetrophani
1303 950 1431 977 monacho
1450 952 1589 984 apostataa.

739 1003 874 1029 Montacut.
885 1003 938 1035 (ep.
949 1003 1006 1035 103,
1015 1010 1040 1036 p.
1052 1003 1120 1035 H9).

163 1050 221 1086 Τῆς
233 1051 366 1087 πονηρίας
379 1051 503 1084 τὸπάθος
515 1052 612 1088 (πάθος
625 1054 680 1090 γὰρ
693 1055 781 1090 ιγωγε
793 1055 910 1091 μάλιστα

129 1096 203 1123 καλῶ
221 1098 276 1124 πᾶν
290 1098 358 1133 ὅπερ
377 1099 539 1134 λυμαίνεται
550 1101 608 1132 τοῖς
628 1101 700 1128 κατά
715 1101 814 1137 φύσιν)
831 1101 911 1129 τοῦτο

128 1141 161 1177 δὴ
174 1141 285 1169 ἐπειδὰν
298 1143 421 1178 κρεῖττον
431 1144 545 1181 γένηται
560 1145 611 1180 τῆς
621 1145 676 1172 ἀπὸ
684 1145 739 1173 τῶν
747 1147 911 1181 παραινούν-

127 1195 182 1214 των
195 1187 314 1224 ἰατρείας
326 1196 334 1204 ο
345 1187 362 1224 ἢ
374 1189 535 1226 σφοδρότητι
545 1190 693 1227 τιμωρίας,
712 1191 729 1226 ἢ
742 1191 781 1227 τῷ
791 1191 910 1227 θανάτῳ,

126 1233 177 1269 τὴν
193 1234 239 1261 int
252 1233 287 1262 τὰ
302 1234 386 1271 χείρω
397 1236 482 1272 νομὴν
501 1237 700 1264 ἀνακόπτεταισ
719 1237 914 1274 παρῃνέσαμιν

126 1279 178 1315 οὐχ
191 1280 275 1314 ἅπαξ.
287 1280 355 1308 ἀλλὰ
365 1281 412 1309 καὶ
425 1282 565 1315 πολλάκις·
580 1283 692 1318 κωφῶν
701 1283 736 1311 δὲ
744 1284 802 1319 ἆρα
812 1284 916 1319 θύρας,

126 1323 176 1359 τὴν
188 1324 348 1360 παροιμίαν,
361 1325 522 1360 ἀπέδειξας
529 1326 708 1361 κόπτοντας.
728 1328 798 1356 Ἀλλ’
811 1329 917 1363 ἔδειξας

128 1369 179 1404 μὲν
190 1370 273 1406 νόσονλ
282 1371 456 1410 ἀνθρωπίνης
469 1373 579 1409 μείζονα
590 1373 751 1410 θεραπείας,
764 1374 795 1402 οὺ
817 1374 917 1408 δείξεις

127 1415 168 1449 δὲ,
182 1412 269 1452 οἶμαι,
281 1418 329 1445 καὶ
342 1418 393 1454 τῆς
402 1419 516 1446 ἀπὺτῶν
524 1420 614 1456 νόμων
623 1422 768 1456 τιμωρίας.
785 1421 817 1449 Ei
828 1421 857 1449 δὲ
869 1421 917 1449 καὶ

999 1056 1182 1091 lmprobitatis
1215 1056 1309 1092 passio
1336 1056 1503 1092 (passionem
1542 1064 1593 1092 ego
1633 1056 1754 1092 intelligo

963 1102 1096 1138 quidquid
1109 1102 1175 1131 illud
1187 1103 1260 1138 quod
1283 1103 1436 1130 secundum
1461 1107 1586 1130 naturam
1601 1106 1644 1129 est
1661 1102 1755 1129 demo-

963 1146 1040 1181 litur)
1054 1147 1113 1174 haec
1124 1154 1186 1174 cum
1201 1147 1325 1182 superior
1335 1147 1453 1175 evaserit
1462 1147 1536 1174 omni
1554 1147 1754 1174 admonitorum

966 1191 1125 1222 medecina.
1149 1191 1192 1218 vel
1217 1198 1267 1226 per
1291 1190 1418 1226 supplicii
1438 1190 1598 1226 gravitatem
1612 1211 1620 1222 ,
1636 1191 1678 1218 vel
1705 1198 1755 1226 per

965 1239 1082 1263 mortem
1096 1235 1270 1271 intercipitur
1289 1243 1324 1263 ne
1337 1235 1365 1262 in
1385 1235 1507 1263 deterius
1521 1235 1652 1270 procedat
1673 1245 1679 1262 :
1706 1235 1754 1262 ad-

963 1280 1058 1308 monui
1072 1288 1128 1308 non
1141 1280 1236 1314 semel,
1263 1280 1311 1308 sed
1325 1281 1443 1316 saepius;
1468 1285 1496 1308 at
1519 1285 1559 1312 tu.
1574 1281 1646 1316 quod
1672 1281 1755 1308 habet

964 1332 1043 1354 vetus
1050 1327 1174 1358 verbum.
1208 1326 1349 1354 Pulsatae:
1359 1329 1430 1362 [oras
1445 1328 1540 1354 surdus
1555 1335 1606 1354 non
1619 1327 1753 1355 audivisti.

964 1370 1066 1399 Verum
1080 1372 1176 1400 morbo
1207 1376 1235 1400 te
1257 1372 1381 1400 laborare
1403 1372 1450 1408 qui
1478 1372 1626 1400 humanam
1641 1372 1756 1400 excedat

965 1420 1144 1452 curationem,
1162 1419 1259 1452 doces;
1275 1419 1333 1452 sed,
1343 1418 1513 1454 opinor,non
1528 1418 1671 1454 przestabis
1685 1418 1755 1446 ultra

126 1462 244 1506 ταύτην,
267 1463 406 1501 ὑπερϐολῇ
436 1465 553 1506 θρᾲσους
569 1466 680 1501 ἐλέγξαι
704 1467 914 1503 φιλονεικήσεις,

968 1464 1072 1501 legibus
1083 1471 1192 1500 poenam
1208 1463 1390 1500 irrogandam.
1413 1462 1491 1496 Quod
1519 1463 1553 1496 si,
1569 1471 1631 1498 quae
1651 1468 1696 1490 tua
1713 1467 1756 1491 est

127 1507 186 1534 ἀλλ’
201 1505 249 1535 οὖν
264 1508 398 1537 ἁλώσεταί
410 1518 443 1544 γε
457 1505 566 1544 πάντως
578 1511 618 1548 τῷ
633 1511 741 1548 θανάτῳ
760 1513 791 1540 τὸ
806 1513 852 1542 σὸν
865 1514 913 1541 ἐπὶ

968 1510 1083 1546 ιιιρτοιιιι
1103 1510 1215 1538 audacia
1227 1530 1235 1544 ,
1255 1514 1283 1537 et
1304 1510 1378 1537 illam
1406 1509 1525 1537 volueris
1545 1509 1623 1537 ﬂocci
1653 1509 1754 1542 facere,

127 1553 162 1588 τῇ
180 1553 279 1581 σαυτοῦ
296 1558 473 1594 καταστροφῇ
484 1557 554 1594 πρὸς
572 1557 663 1586 πάντα
685 1559 849 1594 φιλόνεικον.

425 1655 539 1684 ΕΠΙΣΤ.
557 1656 619 1686 III”.

236 1700 385 1735 Θεοδοσίῳ
393 1703 552 1738 portitor-tt
564 1703 614 1731 καὶ
635 1704 812 1740 ῆσυχαστῇ.

961 1556 1075 1585 omnino
1089 1556 1192 1584 evitare
1208 1555 1344 1591 nequibis,
1354 1563 1409 1591 quo
1421 1554 1511 1583 minus
1524 1559 1571 1583 tua
1586 1555 1631 1584 illa
1647 1555 1751 1591 impor-

965 1606 1033 1630 tuna
1048 1601 1189 1629 contentio
1201 1600 1229 1628 in
1246 1600 1307 1636 ipso
1324 1600 1378 1628 ﬁne
1392 1600 1463 1628 male
1479 1601 1649 1629 succumbat.

1219 1655 1329 1684 EPIST.
1348 1655 1493 1684 LXXXIII.

1095 1701 1237 1730 Theodosio
1255 1702 1383 1730 monacho
1401 1705 1427 1729 et
1445 1701 1625 1730 anachoreta.

741 1759 876 1786 Iontacnt.
887 1761 940 1793 (ep.
949 1759 1006 1790 117,
1016 1766 1041 1791 p.
1054 1758 1121 1790 158).

165 1807 199 1834 Τί
213 1806 362 1844 θαυμάζεις
374 1810 398 1836 sl
412 1810 570 1846 προκάθητο
588 1810 638 1847 μὲν
656 1811 863 1848 δξοφρυωμένον
881 1813 913 1840 τὸ

129 1855 249 1892 ἀνίερον,
261 1857 413 1892 παρίστατο
433 1858 463 1885 δὲ
477 1859 532 1886 τῶν
546 1859 697 1895 ἀρχιερέων
713 1859 782 1887 Θεοῦ
800 1860 832 1887 τὺ
851 1860 914 1887 ἐκί-

131 1908 237 1936 σημον;
274 1901 322 1928 καὶ
351 1903 455 1937 κρίνειν
482 1903 532 1938 μὲν
547 1904 656 1938 ἐλέγετο
676 1904 707 1931 τὸ
733 1904 912 1941 κατάκριτον,

131 1946 321 1979 κατεδικάζετο
333 1947 362 1974 δὲ
374 1947 461 1982 ξίφεσι
477 1949 754 1986 περιεστοιχισμένον,
774 1950 845 1987 ὑπὲρ
866 1950 915 1978 τοῦ

133 1992 201 2028 μηδὲ
216 1993 308 2028 φωνὴν
319 1994 438 2028 ἀφεῖναι,
454 1994 486 2021 τὸ
493 1994 659 2029 ἀνεύθυνον;
673 1995 746 2031 ἔχεις
761 1997 817 2032 γὰρ
828 1996 914 2024 πολλὰ

131 2038 179 2066 καὶ
204 2038 252 2066 νέα
278 2039 325 2066 καὶ
354 2040 458 2067 παλαιὰ
483 2041 709 2077 παραδείγματαθ
733 2043 836 2074 ’Ἅννας
868 2043 915 2069 καὶ

998 1811 1134 1845 Quorsum
1151 1809 1260 1837 miraris
1275 1809 1297 1838 si
1317 1809 1425 1845 profani
1445 1817 1508 1837 cum
1529 1807 1675 1844 supercilio
1686 1816 1758 1844 pne-

964 1857 1066 1889 sident,
1091 1856 1199 1892 gloriosi
1216 1859 1308 1883 autem
1326 1855 1462 1883 antistites
1481 1855 1529 1882 Dei
1545 1855 1655 1882 astent?
1679 1855 1755 1890 quid,

965 1903 1038 1939 quod
1047 1902 1179 1938 judicium
1191 1905 1321 1930 exercent
1330 1901 1432 1936 judicio
1441 1902 1572 1934 damnati,
1584 1901 1663 1936 culpa
1675 1901 1755 1928 vacui

966 1949 1071 1986 judicio
1094 1949 1236 1980 sistantur,
1259 1947 1356 1983 gladiis
1375 1947 1584 1981 circumvallati,
1606 1947 1643 1975 ita
1669 1951 1699 1974 ut
1722 1955 1758 1975 ne

967 2003 1063 2024 vocem
1078 1995 1205 2022 emittere
1217 1994 1351 2021 audeant?
1368 1994 1416 2021 sed
1444 1993 1634 2029 hujuscemodi
1656 2002 1759 2029 suppe-

969 2045 1029 2068 tunt
1042 2041 1138 2072 multa,
1158 2044 1186 2068 et
1215 2044 1308 2067 vetera
1323 2043 1351 2067 et
1370 2039 1475 2067 novitia
1493 2039 1626 2074 exempla.
1649 2040 1756 2072 Aunas,

131 2085 258 2119 Καϊάφας
277 2085 326 2113 καλΙ
339 2086 456 2119 mum;
472 2086 606 2120 ἐδίκαζον,
620 2087 667 2114 καὶ
687 2088 802 2123 Ἰησοῦς,
814 2088 828 2114 ὁ
849 2088 914 2124 itm;

968 2087 1096 2122 Gaipbas,
1119 2089 1147 2113 et
1169 2085 1271 2113 Pilatus
1287 2085 1415 2113 sedentes
1433 2092 1483 2120 pro
1506 2085 1636 2112 tribunali
1653 2085 1760 2120 judica-

131 2131 269 2166 Δεσπότης
291 2131 339 2158 καὶ
352 2131 429 2164 Θεὸς,
453 2133 500 2160 καὶ
524 2133 612 2165 κοινὸς
636 2133 771 2161 ἁπάντων
804 2134 913 2170 κριτὴς.

133 2176 284 2211 παρίστατο
300 2176 473 2213 ἑταζόμενος.
498 2179 635 2214 Στέφανος
656 2180 672 2206 ὁ
688 2180 853 2214 καλλίνικος,
869 2181 917 2208 καὶ

133 2221 243 2258 πρῶτος
254 2222 310 2249 τῶν
325 2223 442 2258 Χριστοῦ
469 2225 616 2260 μαρτύρων
638 2226 803 2260 παρίστατο,
819 2227 868 2255 καὶ
885 2227 917 2254 τὺ

131 2268 182 2303 τῆς
208 2269 362 2304 μιαιφονίας
386 2270 534 2306 συνέδριον,
565 2270 651 2303 λίθοις
667 2270 845 2307 θεολογοῦντα
867 2273 917 2301 τὸν

133 2313 253 2350 ἀθλητὴν
268 2315 466 2351 κατεχώννυον.
494 2315 623 2348 Ἰἁκωὸος
648 2317 663 2343 ὁ
692 2317 801 2352 πρῶτος
822 2319 918 2354 ἀρχιε-

134 2359 216 2395 ρέων,
234 2360 282 2388 καὶ
302 2362 452 2398 Δεσποτικῇ
467 2363 539 2398 χειρὶ
557 2363 588 2390 τὸ
605 2362 678 2397 ῐερὸν
687 2362 792 2398 χρίσμα
809 2365 855 2391 καὶ
869 2365 918 2401 τὴν

133 2406 247 2441 ἐφορίαν
281 2406 475 2443 Ἱεροσολύμων
502 2407 611 2444 λαχὼν,
635 2409 830 2444 παρειστήκει·
869 2410 918 2437 καὶ

134 2452 250 2485 ’Δνανος
274 2453 290 2480 6
306 2454 339 2480 ἑκ
358 2454 556 2488 Σαδδουκαίων,
566 2455 674 2491 ἐκρότει
697 2456 845 2491 συνέδριον,
871 2456 918 2483 καὶ

133 2497 249 2530 θάνατος
267 2496 302 2535 ἦν
312 2499 392 2532 tceo;
402 2501 441 2537 τῷ
458 2501 553 2538 δικαίῳ
567 2503 623 2530 τῶν
638 2503 867 2540 παρανομούντων
888 2501 919 2529 τὸ

134 2544 273 2580 ψήφισμα.
289 2546 395 2579 Παῦλος
415 2547 508 2581 πάλιν,
520 2549 534 2575 ὸ
549 2549 635 2584 μέγας
654 2550 702 2577 καὶ
719 2548 844 2584 λαμπρὸς
869 2548 919 2583 τῆς

132 2591 297 2628 οἰκουμένης
308 2593 406 2629 κῆρυξ,
419 2595 579 2630 παρίστατο,
595 2597 643 2623 καὶ
657 2597 791 2628 Ἀνανίας.
805 2597 820 2623 ὀ
836 2595 920 2623 καθά-

136 2644 190 2672 περ
199 2638 256 2670 τοῖς
272 2639 378 2674 χρόνοις
403 2640 513 2668 Ἀνάνου
536 2642 681 2678 πρότερος,
704 2642 776 2669 οὓτω
797 2641 845 2668 καὶ
864 2642 920 2673 τοῖς

135 2683 249 2717 τρόποις
264 2684 296 2711 οὐ
307 2684 443 2722 δεύτερος,
457 2687 488 2714 τὸ
513 2687 563 2723 τῆς
575 2688 704 2724 ἀληθείας
727 2688 814 2724 στόμα
833 2695 918 2722 προσ-

138 2728 234 2757 έταττε
248 2729 414 2760 τύπτεσθαι·
436 2732 504 2761 ἀλλὰ
527 2734 635 2762 Παύλου
652 2734 793 2772 μνησθεὶς,
813 2732 920 2760 πολλῶν

967 2133 1044 2166 bant,
1066 2131 1174 2160 astabat
1203 2137 1283 2159 meus
1303 2130 1437 2158 Dominus
1453 2131 1533 2163 Deus,
1556 2135 1584 2158 et
1606 2131 1762 2158 communis

966 2180 1030 2207 olim
1057 2178 1180 2206 omnium
1203 2177 1311 2206 iuturus
1340 2176 1574 2213 judex,'examini
1606 2176 1759 2211 subjectus.

966 2225 1122 2260 Stephanus
1131 2223 1176 2251 ille
1189 2223 1311 2259 martyrii
1322 2222 1462 2250 lemniseis
1469 2221 1601 2249 etadorea
1613 2221 1759 2257 gloriosus.

967 2278 1018 2307 pro
1040 2269 1170 2298 tribunali
1194 2269 1293 2300 stetit,
1318 2272 1347 2295 et
1371 2267 1517 2295 concilium
1545 2267 1756 2301 homicidarum,

967 2317 1095 2345 athletam
1109 2315 1186 2343 illum
1209 2315 1243 2343 de
1253 2313 1354 2342 Christi
1368 2312 1512 2340 divinitate
1527 2313 1755 2345 concionantem,

968 2363 1104 2399 lapidibus
1123 2362 1286 2390 obruerunt.
1301 2360 1420 2389 Iacobus
1434 2359 1480 2387 ille
1503 2359 1631 2395 princeps
1652 2359 1759 2395 episco-

967 2417 1076 2445 porum,
1087 2409 1187 2444 quique
1201 2408 1236 2435 de
1251 2414 1334 2434 manu
1345 2405 1453 2433 Domini
1470 2406 1627 2433 unctionem
1641 2412 1761 2438 sacram,

968 2460 996 2483 et
1017 2454 1293 2490 Hierosolymitanum
1307 2452 1486 2488 praesulatum
1502 2452 1618 2487 accepit,
1640 2459 1689 2487 pro
1709 2451 1759 2478 tri-

968 2501 1061 2530 bunali
1089 2501 1178 2533 stetit;
1202 2504 1231 2527 et
1263 2499 1383 2527 Ananias
1407 2498 1572 2526 Sadducaaus
1593 2505 1758 2525 consessum

968 2546 1153 2583 congregavit,
1179 2552 1196 2572 a
1223 2552 1278 2580 quo
1300 2551 1377 2572 mors
1404 2543 1604 2571 decernebatur
1627 2543 1759 2570 continuo

969 2596 1064 2620 contra
1082 2592 1171 2619 virum
1192 2591 1295 2627 justum
1320 2589 1397 2625 quasi
1425 2589 1492 2624 legis
1515 2593 1756 2624 transgressorem.

968 2638 1070 2666 Paulus
1085 2638 1130 2666 ille
1143 2645 1258 2674 magnus
1272 2640 1300 2664 et
1326 2635 1441 2664 illustris
1462 2635 1546 2663 totius
1569 2634 1644 2662 orbis
1667 2642 1758 2670 praeco

969 2685 1065 2717 astitit,
1081 2688 1110 2712 et
1119 2683 1249 2717 Ananias,
1263 2683 1310 2719 qui
1321 2687 1443 2718 tempore
1451 2686 1481 2710 ut
1498 2680 1636 2717 praecessit
1651 2680 1758 2713 Anano,

970 2732 1006 2760 ita
1026 2729 1150 2758 moribus
1162 2730 1199 2758 illi
1219 2729 1357 2759 secundus
1375 2727 1450 2757 baud
1462 2727 1578 2761 exstitit,
1592 2724 1715 2755 veritatis
1725 2732 1760 2752 os

782 2818 899 2847 νΑιιιΔξ
919 2815 1122 2847 LECTIONES.

179 2899 190 2914 ι
204 2895 330 2930 aperiam,
345 2895 455 2926 Hmsch.
