1928 3097
144 181 201 215 895

713 179 842 209 ΡΗΟΤΠ
858 178 1111 209 PATRIARCH/E
1129 178 1185 208 CP.

1719 173 1772 206 896

147 244 175 267 et
183 238 236 266 illis
244 238 352 274 quidem
363 243 473 273 propter
486 244 519 264 ea
526 243 586 272 quae
602 236 685 271 impie
694 242 893 272 perpetrarunt,
905 237 939 265 ab

999 238 1036 264 ιαὶ
1048 236 1142 272 ὥσπερ
1157 235 1305 272 ἀρραὃῶνά
1319 243 1378 261 τινα
1395 231 1596 267 κατατιθεμένη
1618 230 1673 259 τῶν
1697 231 1772 257 ἐκεῖ-

147 285 207 313 istis
224 284 356 319 primitias
373 283 503 319 quasdam
519 287 631 318 apparat
650 283 773 318 supplicii
791 283 936 315 inl‘erendi,

147 335 175 358 et
198 330 313 358 miseria:
326 329 471 364 aliquando
490 328 722 356 inconsolabiliter
742 329 892 356 subeundae
903 329 932 357 in

147 376 240 403 fu‘turo
255 375 366 408 saculo,
382 375 459 410 quasi
483 375 595 409 praemia
617 375 743 409 quaedam
770 375 861 402 struit.
876 375 938 404 Istis

148 426 240 448 autem
262 420 416 448 certaminis
443 424 522 455 parat
537 420 658 455 praemia,
677 425 706 448 et
729 420 825 456 pignus
849 420 937 455 quod-

151 467 213 494 da'm
231 466 442 502 depositumque
463 466 583 501 disponit
596 466 807 493 retributionum
821 465 848 492 in
862 465 938 492 ctelis

151 511 369 544 indicendarum,
382 516 410 539 et
423 511 558 539 felicitatis
577 515 685 539 aeterna:
696 518 729 538 ac
740 510 854 538 multum
868 510 937 538 desi-

151 557 260 584 deratas.
279 556 369 585 Habes
391 557 439 589 ita,
453 557 561 592 opinor,
581 556 734 591 perspicue,
758 556 794 583 ita
816 560 847 583 ut
868 556 937 583 nihil

152 603 244 630 varius
260 603 373 630 omnino
385 603 506 635 dubites,
522 601 686 629 admirandae
707 605 734 629 et
750 607 875 629 naturam
889 609 938 629 ex-

152 647 275 675 cedentis
302 647 479 682 providentia:
500 647 692 675 inobliviosum
712 651 740 674 et
758 647 938 681 omniscium;

152 700 213 727 quae
229 692 297 727 ipsa,
313 693 393 720 etiam
409 693 437 720 in
451 693 543 725 rebus,
555 693 589 720 ab
611 692 684 720 omni
701 693 806 720 ratione
818 701 878 728 quae
894 694 936 721 vi-

154 738 254 765 dentur
269 738 451 771 alienissimae,
466 738 625 766 abscondita
643 739 758 774 quadam
774 739 812 772 vi,
836 744 865 767 et
890 747 939 775 po-

156 788 252 812 testate
274 784 456 817 ineluctabili,
476 785 614 819 sapienter
630 785 763 820 justitiam
784 790 812 812 et
835 785 941 812 incom-

989 283 1035 310 θεν
1048 283 1177 319 ἀρρήτων
1197 281 1335 314 ἐπάθλων,
1364 280 1411 306 καὶ
1434 279 1485 314 τῆς
1511 277 1698 312 πολυεράστου
1724 278 1773 304 καὶ

988 329 1075 356 ἀῖδίου
1108 327 1321 363 μακαριότητος.
1349 326 1453 360 Ἔχεις,
1477 322 1567 360 οἶμαι,
1596 322 1702 359 τρανῶς
1726 323 1774 349 καὶ

987 375 1064 402 οὐδὲν
1082 372 1264 405 ἐπιδιστάζων
1289 372 1340 407 τῆς
1367 370 1520 406 θαυμασίας
1544 369 1593 396 καὶ
1618 367 1774 405 ὑπερφυοῦς

988 420 1115 457 προνοίας
1141 418 1171 446 τὺ
1195 417 1330 452 ἀλάθητόν
1357 425 1388 443 τε
1414 416 1462 443 καὶ
1485 415 1706 442 πανεπίσκοπον·
1728 414 1776 440 καὶ

987 467 1028 493 ὅτι
1050 466 1101 492 κάν
1130 465 1187 497 τοῖς
1211 463 1320 490 δοκοῦσι
1344 460 1595 498 παραλογωτάτοις,
1621 460 1772 495 ἀπορρήτῳ

989 512 1042 540 τινὶ
1056 513 1104 538 καὶ
1119 509 1329 546 ἀπειροδυνάμῳ
1346 507 1443 543 κράτει
1457 507 1505 534 καὶ
1520 506 1603 541 σοφίᾳ
1616 506 1651 532 τὰ
1677 505 1774 531 δίκαια

989 557 1074 594 αὐτῆς
1097 557 1144 584 καὶ
1159 556 1268 592 ἀρρεπῆ
1294 552 1527 587 συνεπιζευγνῦσα
1538 552 1668 586 φυλάττει
1685 550 1756 585 ζυγὰ
1767 570 1776 582 ,

990 604 1085 639 είρμόν
1099 612 1161 630 τινα
1180 604 1252 630 θεῖον
1265 603 1294 629 ὲν
1308 602 1412 633 αὐτοῖς,
1428 601 1476 628 καὶ
1499 599 1574 632 τάξιν
1588 598 1704 635 ἀρίστην
1729 597 1778 624 καὶ

990 648 1136 683 καλλίστην
1164 648 1280 680 ένιεῖσα,
1315 646 1340 674 εί
1358 646 1404 673 κα)⁴
1425 646 1482 676 τοῖς
1502 643 1682 679 ἀνθρωπίνοις
1702 642 1777 676 λογι-

991 695 1070 728 σμοῖς
1085 693 1129 721 διὰ
1141 693 1222 729 βάθος
1231 693 1373 729 κριμάτων
1398 690 1610 726 ἀνεξιχνίαστον,
1624 689 1671 729 καὶ
1683 688 1779 722 σοφίας

990 738 1157 775 ἀδιεξίτητον
1195 739 1329 772 πέλαγος,
1357 737 1407 764 οὐκ
1437 737 1481 764 ἀεὶ
1513 735 1620 770 πέφυκε
1655 733 1779 769 γίνεσθαι

995 786 1106 821 ἐφικτὰ.

156 831 364 860 mutabilitatem
376 840 452 860 suam
468 833 585 867 copulat,
602 837 630 860 et
640 832 715 860 librae
732 833 851 868 pondera
869 833 941 867 justa
961 833 1129 865 statuminat,
1146 837 1175 860 et
1202 831 1322 859 divinam
1332 830 1477 866 quamdam
1492 828 1591 856 seriem
1604 848 1611 860 ,
1644 831 1672 855 et
1683 833 1782 854 conca-

157 878 316 907 tinationem
330 879 357 906 in
373 880 455 907 rebus
466 880 606 915 optimam,
637 881 758 908 ordinem
775 885 803 907 et
823 880 1034 915 pulcherrimum
1046 880 1205 913 immittens,
1220 879 1282 906 licet
1314 878 1455 906 hominum
1486 875 1639 904 ratiociniis
1671 878 1783 910 propter

154 925 319 960 iudiciorum
331 927 543 962 profunditatem
558 927 842 964 impervestigabilem,
877 933 902 955 et
918 928 954 955 ob
991 928 1102 963 pelagus
1127 935 1181 962 non
1210 926 1387 957 adeundum.
1417 932 1473 952 non
1503 930 1611 958 semper
1641 926 1671 949 ut
1704 920 1783 949 obvia

156 972 323 1008 arripienda.

420 1029 531 1058 EPIST.
551 1029 683 1057 LXXXV.

335 1076 431 1102 Acacio
451 1076 576 1103 monacho
602 1081 627 1104 et
646 1077 756 1105 medico.

1303 1027 1415 1055 ΕΙΙΙΣΤ.
1427 1026 1490 1053 HE’.

1148 1076 1277 1108 Ἀκακίῳ
1296 1074 1421 1110 parum}:
1450 1073 1500 1101 καὶ
1528 1072 1625 1108 ὶατρῷ.

770 1132 904 1158 Montacut.
917 1133 970 1166 (ep.
980 1133 1036 1164 119,
1045 1140 1071 1165 p.
1082 1132 1150 1165 162).

194 1181 224 1209 Si
235 1182 393 1217 neutiquam
404 1182 550 1217 aliquando
561 1182 595 1210 ab
606 1182 721 1219 impuris
740 1183 945 1219 togitationibus

157 1235 244 1262 purus
263 1228 400 1260 exstitisti,
419 1235 531 1263 prorsus
545 1235 644 1256 novum
664 1233 706 1256 est
721 1229 793 1263 quod
814 1229 870 1260 ais.
894 1238 946 1258 nec

158 1273 284 1309 lacrymw
302 1273 483 1309 exprimendae
493 1280 553 1308 qua:
569 1273 722 1309 adaequant.
734 1274 812 1308 Quod
825 1275 847 1303 si
861 1275 946 1304 fueris

159 1317 303 1353 aliquando
329 1318 445 1347 mundus
467 1318 505 1354 (et
527 1323 599 1346 certe
625 1318 729 1354 fuisti);
755 1327 844 1355 neque
870 1320 944 1348 enim

160 1363 319 1391 coelestibus
330 1363 458 1392 convenit
469 1372 607 1399 nunquam
622 1364 770 1401 mundari),
788 1366 835 1393 sed
848 1373 900 1393 nec
916 1366 944 1393 in

159 1409 288 1443 praesenti
303 1408 358 1437 ullo
374 1409 500 1444 puritatis
515 1417 606 1437 amore
631 1414 766 1444 tenerere,
791 1411 814 1438 si
836 1418 891 1439 non
912 1411 946 1438 il-

161 1455 214 1483 lius
241 1455 384 1490 aliquando
408 1456 602 1490 experientiam
628 1456 758 1490 haberes;
782 1462 810 1484 et
834 1462 909 1485 certe
923 1458 948 1486 si

163 1508 218 1527 non
235 1500 378 1535 expeditus
394 1499 502 1533 fuisses,
528 1501 624 1528 saltem
649 1501 740 1537 aliqua
765 1510 798 1530 ex
811 1507 898 1538 parte,
914 1503 948 1532 ab

164 1545 217 1573 illis
240 1546 382 1580 sordibus,
406 1546 478 1574 haud
504 1546 744 1582 circumspexisses
764 1549 900 1583 quomodo
920 1556 950 1576 se

1032 1184 1065 1211 Εί
1096 1183 1146 1219 μὲν
1169 1181 1305 1219 μηδέποτε
1340 1179 1455 1214 γέγονας
1492 1178 1612 1213 καθαρὸς
1642 1178 1781 1213 λογισμῶν

997 1229 1170 1264 ἀκαθάρτων,
1182 1227 1276 1255 καινόν
1289 1235 1314 1254 τι
1330 1226 1430 1260 λέγεις,
1446 1225 1493 1252 καὶ
1507 1225 1538 1251 οὺ
1555 1223 1594 1260 μὴ
1605 1223 1680 1251 ἔστιν
1692 1224 1783 1259 εὑρεῖν

996 1275 1113 1310 δάκρυον
1125 1273 1264 1306 ἐξισῶσαι.
1277 1272 1309 1299 Ei
1320 1271 1348 1299 δὲ
1356 1271 1470 1306 γέγονας
1479 1270 1604 1306 (γέγονας
1618 1270 1647 1297 δὲ
1661 1270 1782 1301 πάντως·

996 1321 1026 1348 οὐ
1040 1320 1095 1356 γὰρ
1118 1319 1242 1355 οὐράνιον
1257 1318 1288 1345 τδ
1302 1317 1436 1354 μηδέποτε
1445 1315 1646 1352 καθαρεῦσαι),
1663 1316 1715 1348 καὶξ
1730 1316 1782 1342 οὐκ

997 1367 1030 1394 ἂν
1045 1365 1100 1393 οὐδ’
1113 1365 1153 1397 είς
1164 1364 1253 1400 ἔρωτα
1265 1364 1312 1391 νῦν
1324 1364 1374 1399 τῆς
1384 1362 1582 1398 καθαρότητος.
1598 1363 1623 1389 εί
1651 1361 1688 1397 μὴ
1712 1361 1781 1389 ταύ-

994 1421 1044 1448 της
1057 1413 1153 1447 πεῖραν
1164 1410 1270 1443 ἔλαϐες,
1283 1407 1365 1446 ἦλθες
1376 1418 1383 1426 ο
1401 1409 1456 1436 οὐδ’
1471 1409 1504 1436 ἂν
1517 1409 1541 1436 εί
1554 1409 1592 1445 μὴ
1609 1408 1780 1443 ἀπηλλάγης,

996 1459 1049 1487 κᾶν
1062 1459 1108 1486 ἐπὶ
1137 1457 1230 1489 ποσὸν,
1254 1457 1359 1484 ἐκείνου
1385 1456 1432 1483 τοῦ
1455 1456 1552 1491 ῥύπου,
1579 1454 1722 1491 διέὸλεψας
1748 1455 1783 1481 ἂν

997 1505 1161 1541 ἑπιζητῆσαι
1175 1504 1190 1524 Ιι
1202 1503 1237 1530 δι’
1250 1502 1314 1530 ὅτου
1331 1503 1364 1530 ἄν
1380 1511 1422 1535 τις
1433 1501 1553 1538 καθαρὸν
1573 1500 1668 1528 έαυτδν
1683 1508 1783 1535 συντη-

1000 1554 1080 1589 ρήσῃ.
1101 1551 1179 1578 Ἐπεὶ
1197 1550 1226 1577 δέ
1242 1558 1309 1577 ποτε
1329 1549 1456 1584 γέγονας,
1472 1545 1500 1582 ίῷ
1517 1547 1612 1584 τρόπῳ
1624 1546 1782 1581 γεγένησαι,

166 1599 265 1627 purum
289 1591 351 1626 quis
376 1595 566 1625 conservaret;
585 1596 614 1620 at
634 1600 697 1619 cum
720 1593 838 1621 mundus
861 1593 947 1623 factus

999 1595 1038 1630 τῷ
1053 1593 1127 1630 αὐτῷ
1140 1594 1228 1629 τούτῳ
1237 1594 1284 1620 καὶ
1298 1593 1436 1628 διατηρεῖν
1447 1592 1558 1618 σεαυτὸν
1583 1591 1613 1618 ἐν
1636 1592 1669 1626 τῇ
1699 1590 1785 1617 καθα-

165 1636 261 1669 fueris,
284 1644 318 1663 eo
334 1637 415 1664 modo
433 1644 489 1671 quo
509 1637 546 1664 ita
575 1636 663 1664 factus
678 1637 797 1670 exsistis,
817 1646 851 1666 eo
874 1644 901 1667 te
920 1644 950 1668 ut

165 1689 311 1710 conserves
334 1683 464 1710 mundum
489 1690 599 1718 operam
617 1683 690 1710 dato.
706 1683 798 1711 Oratio
824 1685 875 1712 hoc
902 1685 950 1713 tibi

166 1728 393 1761 subministrabit,
411 1729 492 1756 modo
512 1729 584 1756 illam
604 1729 637 1757 ad
657 1734 765 1764 tempus
779 1730 888 1766 aliquod
901 1739 950 1759 ex-

167 1773 297 1802 tenderis.
313 1773 413 1802 Paulus
426 1774 470 1802 ille
486 1775 612 1807 divinus,
627 1783 671 1803 me
688 1776 772 1811 prior,
789 1776 837 1804 tibi
853 1777 952 1805 exhor-

167 1820 296 1848 tationem
306 1825 442 1856 suggerat,
457 1821 503 1848 ubi
517 1821 556 1848 ait
568 1830 575 1848 :
585 1821 765 1850 Indesinenter
775 1825 879 1851 orale’.
898 1823 952 1852 Sed

167 1871 195 1894 et
207 1867 379 1895 abstinentiae
392 1867 493 1895 donum
508 1875 570 1895 cutn
592 1875 698 1896 summa
711 1869 848 1898 custodito
863 1877 929 1898 enra
944 1880 951 1898 :

166 1911 326 1939 naturaliter
339 1911 412 1938 enim
427 1911 531 1939 accedit
541 1913 583 1940 vis
596 1917 624 1940 et
637 1913 758 1948 potentia
773 1914 952 1943 irresistibilis

166 1957 201 1984 ad
213 1956 345 1991 ejusmodi
356 1957 496 1991 passiones
511 1957 704 1986 retundendas.
724 1958 778 1987 Sed
788 1965 815 1987 ct
825 1960 857 1987 ad
871 1960 953 1989 mise-

167 2002 311 2030 ricordiam
326 2010 388 2037 erga
401 2003 553 2039 indigentes
570 2004 701 2038 accedito,
717 2013 768 2033 nec
782 2006 817 2033 ab
831 2006 875 2034 illa
887 2007 954 2035 velis

167 2048 297 2075 resilire:
323 2055 430 2075 sacrum
456 2049 557 2084 quippe
579 2049 669 2077 oleum
696 2051 768 2078 istud
797 2051 884 2080 facem
909 2060 954 2080 ac-

167 2093 262 2122 cendit
296 2094 482 2126 luculentam,
508 2095 678 2127 operationes
701 2104 764 2124 suas
789 2097 954 2132 dividendo;

167 2147 232 2167 nam
245 2147 293 2174 per
305 2140 435 2175 quasdam
446 2140 572 2168 incensas
586 2142 723 2168 consumit
737 2143 894 2177 passiones;
905 2151 954 2180 per

167 2185 236 2213 alias
251 2185 386 2213 illuminat
400 2190 428 2213 et
440 2185 531 2221 dirigit
551 2185 579 2213 in
596 2186 703 2215 virtutis
723 2195 820 2216 currus
835 2196 954 2225 gressus.

169 2231 240 2266 Erga
254 2231 325 2263 illos,
342 2231 389 2266 qui
402 2231 527 2259 videntur
549 2232 576 2259 in
599 2236 626 2260 te
647 2233 803 2268 deliquisse,
823 2234 846 2262 si
867 2239 956 2270 potes,

170 2277 226 2306 noli
242 2277 427 2305 commoveri:
445 2277 487 2306 sin
500 2279 528 2305 in
543 2278 610 2306 iram
631 2279 789 2314 prolabaris.
815 2281 956 2309 nihilomi-

170 2331 223 2351 nus
233 2328 296 2351 ante
305 2323 370 2351 solls
383 2331 509 2351 occasum
523 2324 549 2351 in
564 2329 592 2351 te
607 2332 743 2359 reversus,
754 2326 877 2354 absolute
892 2335 956 2355 con-

169 2369 237 2397 cede
249 2369 355 2396 veniam
370 2374 401 2396 ut
412 2370 572 2405 simpliciter
580 2370 679 2404 dicam,
694 2372 768 2400 unde
784 2372 831 2400 tibi
845 2373 955 2407 accidit,

170 2420 202 2443 ut
226 2423 307 2450 quam
334 2416 460 2451 expedite
494 2416 640 2445 mundatus
669 2418 763 2451 fueris,
792 2419 856 2447 inde
881 2420 957 2447 omni

171 2461 252 2489 modo
268 2461 345 2489 decet
365 2462 503 2497 indagare.
533 2470 584 2490 nec
605 2463 737 2491 absistere
757 2472 771 2491 a
798 2465 860 2492 vita:
880 2465 957 2499 puri-

171 2511 250 2535 tate:
280 2507 401 2542 alioquin
428 2515 483 2535 non
515 2509 655 2545 continget
684 2510 763 2537 facile
790 2511 909 2546 quietem
944 2520 959 2539 a

171 2553 303 2581 molestiis
321 2553 445 2588 adipisci,
469 2554 517 2582 sed
531 2559 579 2582 aut
594 2563 642 2590 per
665 2555 774 2590 aliquid
791 2564 806 2584 e
835 2558 960 2592 supradi-

171 2600 233 2632 ctis,
255 2604 304 2627 aut
328 2601 411 2627 etiam
435 2601 534 2636 aliqua,
567 2601 663 2630 sinon
690 2611 739 2638 per
761 2604 852 2632 omnia
877 2606 960 2634 simul

172 2645 331 2681 conjuncta.

212 2729 224 2745 ‘
239 2729 248 2757 Ι
265 2729 364 2759 Thess.
377 2738 421 2764 tn,
441 2731 484 2758 l7.

1001 1641 1103 1677 ρότητι,
1120 1639 1289 1675 διανάστηθι.
1309 1638 1451 1674 Προσευχή
1473 1646 1514 1664 σοι
1532 1637 1628 1664 τούτου
1644 1635 1786 1672 πρόξενος,

1001 1686 1053 1713 κᾶν
1064 1687 1107 1713 ἐπ’
1118 1685 1208 1720 ὀλίγον
1217 1685 1335 1721 κατέστη
1344 1683 1517 1720 παρατείνων
1527 1683 1639 1719 ταύτην*
1653 1682 1759 1714 Παῦλος
1770 1684 1786 1709 ὁ

1002 1732 1073 1765 θεῖος
1099 1732 1152 1767 πρὸ
1172 1731 1251 1768 ήμῶν
1280 1740 1323 1758 σοι
1354 1730 1405 1765 τὴν
1431 1730 1597 1766 παραίνεσιν
1622 1730 1788 1765 εἰσηγεῖται,

1007 1778 1228 1811 Ἀδιαλειπτως,
1242 1777 1341 1812 λέγων,
1368 1776 1584 1811 προσεύχεσθε.
1599 1775 1671 1802 Ἀλλ’
1685 1776 1789 1810 ἐγκρα-

1001 1825 1077 1857 τείας
1087 1824 1117 1851 τδ
1125 1824 1210 1859 δῶρον
1217 1823 1277 1859 ἔχου
1286 1822 1408 1860 [ταύτης]
1419 1821 1639 1857 ἐπιμελέστερον·
1647 1820 1728 1855 φύσει
1734 1819 1791 1854 γὰρ

1003 1871 1072 1907 αὐτῇ
1088 1871 1135 1897 καὶ¹
1147 1869 1247 1905 κράτος
1258 1869 1364 1905 ἄμαχον
1383 1867 1512 1903 πρόσεστι
1537 1867 1606 1901 πρὸς
1622 1867 1656 1893 τὰ
1676 1866 1792 1893 τοιαῦτα

1003 1916 1057 1943 τῶν
1086 1915 1266 1950 παθημάτων.
1300 1913 1370 1940 Ἀλλ’
1392 1912 1436 1939 ἐπ’
1462 1912 1531 1948 ἐλέῳ
1564 1912 1720 1947 πενομένων
1741 1911 1792 1946 ἀφ-

1006 1962 1089 1994 ίκετο,
1105 1961 1143 1996 μὴ
1159 1961 1293 1995 ἀφίστατο
1310 1959 1360 1994 τῆς
1375 1958 1560 1993 ἑλεημοσύνης
1572 1966 1580 1973 ·
1596 1957 1717 1992 μεγάλην
1734 1957 1791 1992 γὰρ

1005 2007 1120 2033 ἀνάπτει
1131 2005 1261 2040 λαμπάδα
1274 2003 1305 2031 τὺ
1321 2003 1392 2039 ἱερὸν
1409 2002 1484 2029 ἔλεον
1498 2003 1506 2023 ί
1519 2001 1608 2035 τοῦτο,
1619 2002 1667 2028 καὶ
1683 2000 1793 2037 μερίζει

1005 2052 1054 2084 τὰς
1067 2051 1217 2088 ἐνεργείας,
1230 2050 1278 2077 καὶ
1290 2050 1352 2081 ταῖς
1372 2049 1422 2084 μὲν
1441 2048 1537 2083 φλέγει
1557 2047 1592 2075 τὰ
1612 2046 1698 2083 πάθη,
1729 2048 1794 2078 ταῖς

1005 2098 1035 2125 δὲ
1049 2097 1161 2133 φωτίζει
1170 2096 1219 2124 καὶ
1229 2095 1390 2123 κατευθύνει
1404 2094 1475 2130 πρὸς
1483 2094 1530 2121 τὸν
1547 2092 1598 2129 τῆς
1613 2093 1714 2129 ἀρετῆς
1736 2092 1795 2128 δρό-

1007 2152 1059 2179 μον
1082 2142 1116 2170 τὰ
1138 2141 1304 2177 διαδήματα.
1328 2139 1398 2167 Ἀλλ’
1420 2140 1462 2166 ὅτι
1483 2138 1594 2174 ἀφῆκας
1608 2139 1665 2170 τοῖς
1684 2137 1795 2170 δόξασιν

1007 2190 1048 2222 εις
1076 2189 1106 2216 σὲ
1137 2186 1410 2223 πεπλημμεληκέναι,
1442 2186 1466 2212 εί
1498 2185 1549 2221 μὲν
1577 2183 1705 2215 δυνατὸν,
1728 2182 1793 2218 μηδ’

1006 2235 1127 2271 ὀργίζου.
1143 2234 1175 2262 El.
1185 2233 1208 2261 δ’
1231 2233 1381 2267 ὲξέπεσας,
1407 2228 1522 2259 ὰλλόῦν
1543 2230 1587 2258 ἀεὶ
1606 2229 1662 2265 πρὸ
1682 2228 1795 2264 δυσμῶν

1007 2281 1082 2317 ἡλίου
1092 2281 1131 2312 εἰς
1142 2279 1254 2307 σεαυτὸν
1265 2278 1347 2306 ἀνιὼν
1356 2277 1363 2302 i
1373 2297 1381 2310 ,
1395 2277 1463 2309 ὅλως
1473 2277 1548 2311 γίνου
1558 2276 1606 2311 τῆς
1617 2274 1794 2309 συγγνώμης,

1006 2327 1054 2355 καὶ
1070 2326 1164 2358 ἁπλῶς
1180 2326 1280 2358 εἰπεῖν,
1295 2324 1329 2352 δι’
1343 2321 1374 2351 οὗ
1388 2332 1429 2351 σοι
1446 2324 1476 2350 ὲν
1499 2322 1598 2359 βραχεῖ
1621 2320 1797 2356 καθαρεῦσαι

1006 2373 1186 2410 προσεγένετο
1198 2392 1206 2405 ,
1221 2371 1265 2410 διὰ
1280 2370 1377 2398 τούτου
1399 2369 1527 2406 θηρεύειν
1546 2369 1590 2396 ἀεὶ
1613 2367 1650 2404 μὴ
1672 2367 1795 2401 ἀποστῇς

1007 2408 1054 2447 καὶ
1067 2419 1116 2455 τὴν
1124 2418 1169 2445 διὰ
1185 2408 1437 2453 βίουῖιαθαρὸτητα.
1448 2415 1553 2446 Ἀλλως
1564 2415 1630 2450 γὰρ,
1642 2413 1730 2443 ἄλλως
1743 2412 1796 2438 οὐκ

1007 2466 1080 2493 ἔστιν
1089 2465 1158 2495 ὅλως
1179 2464 1271 2491 ἄνεσιν
1294 2463 1384 2497 εὑρεῖν
1405 2462 1460 2489 τῶν
1482 2459 1675 2496 ἐνοχλούντων,
1697 2458 1757 2484 ἀλλ’
1778 2457 1797 2492 ἢ

1011 2513 1054 2540 διά
1070 2520 1142 2544 τινος
1155 2511 1210 2539 τῶν
1221 2510 1385 2547 εἰρημένων,
1399 2509 1417 2545 ἦ
1429 2508 1550 2544 τινων,ῆ
1564 2507 1612 2535 καὶ
1625 2506 1670 2534 διὰ
1685 2505 1798 2532 πάντων

1011 2559 1078 2594 ἅμα.

804 2809 920 2838 VARle
939 2809 1143 2839 LECTIONES.

217 2880 308 2911 thd.
330 2885 435 2919 μαθεῖν.
476 2887 484 2907 i
506 2887 605 2915 ἔλαιον.
644 2887 651 2912 i
676 2887 803 2916 ἐπανιών.
