1928 3097
140 131 186 164 897

426 185 537 212 sum.
557 185 629 220 nq'.

318 231 444 265 Ἀκακιφ
452 231 576 268 μοναχῷ
590 231 639 260 καὶ
651 231 749 267 ιατρῷ.

711 129 981 161 EPISTOLARUM
1001 129 1116 160 LIBER
1135 129 1178 159 lI.

1700 132 1755 164 898

1228 184 1338 212 EPIST.
1354 184 1495 213 LXXXVI.

1168 232 1264 260 Acacio
1277 232 1403 259 monacho
1414 237 1437 259 ct
1453 232 1561 260 medico.

742 282 877 308 Montacut.
889 282 941 314 (ep.
952 280 1006 311 122,
1016 288 1041 312 p.
1053 281 1118 312 165).

168 330 248 365 Μέγα
269 330 356 358 κακὸν
380 332 398 367 ἡ
423 330 543 365 δόκησις·
570 331 677 367 ἄφρονα
698 331 742 359 τὸν
772 332 916 368 ἄνθρωπον

138 377 221 408 ποιεῖ,
237 376 292 403 οὐδ’
306 376 497 412 ἀπαλλαγῆναι
519 376 565 404 τοῦ
581 376 683 409 πάθους
696 378 736 414 ἐᾷ,
753 378 814 405 οὐδὲ
835 386 918 414 μετα-

138 422 230 458 μαθεῖν
250 423 281 449 τδ
301 424 433 450 συνοῖσον.
460 421 590 458 Ἐχθροὺς
608 423 674 458 δρᾷν
696 423 840 450 ἀναπείθει
855 423 920 455 τοὺς

138 467 274 503 μεθέλκειν
295 467 345 503 τῆς
367 467 472 503 πλάνης
498 469 546 495 καὶ
568 467 675 504 βοηθεῖν
700 468 917 505 ἐπιχειροῦντας·

137 515 195 545 τοὺς
204 514 234 541 δὲ
245 514 462 549 φλεγμαίνοντας
472 514 522 550 τὴν
531 514 609 541 νόσον
621 514 777 546 κολακείαις
788 515 835 541 καὶ
844 515 920 542 ἀνία-

136 567 178 586 τον
192 558 338 591 ποιοῦντας
353 559 437 586 πλέον
448 559 598 593 εζσοικίζει.
617 560 703 595 Φεῦγε
719 561 794 597 πάσῃ
807 561 920 596 δυνάμει

136 605 182 640 τὴν
209 604 309 640 οῑησιν,
334 605 456 640 κρημνός
477 606 537 632 ἐστι
561 605 630 641 βαθὺ
666 606 757 634 πᾶσαν
782 606 920 643 σωτηρίας

136 650 224 678 ἄνοδον
236 651 449 688 περιῃρημένος.

427 750 539 778 ΕΠΙΣΤ.
559 751 620 779 ΗΖ’.

395 797 515 831 *Ισιικίφ
527 796 661 833 μον-σχῶ.

1004 330 1128 366 Magnum
1146 328 1246 356 malum
1261 333 1303 356 est
1313 328 1404 363 opinio
1420 328 1473 361 sui,
1488 328 1600 356 stultum
1615 329 1687 358 enim
1705 331 1760 358 ho-

968 384 1071 404 minem
1083 375 1182 407 reddit,
1197 382 1248 402 nec
1265 375 1361 402 morbo
1372 375 1476 410 patitur
1487 375 1607 408 liberari,
1630 380 1677 403 aut
1693 384 1755 403 sero

968 423 1110 450 addiscere
1127 421 1199 457 quod
1230 421 1258 448 in
1275 427 1332 447 rem
1343 421 1414 453 erit;
1429 420 1484 447 imo
1496 420 1557 448 loco
1581 421 1755 449 inimicorum

969 468 1110 495 habendos
1147 466 1278 502 suggerit,
1295 466 1340 500 qui
1359 474 1468 500 operam
1487 466 1648 502 impendunt
1677 471 1708 495 ut
1721 467 1757 494 ab

969 521 1062 541 errore
1079 513 1220 540 retrahant
1235 515 1263 538 et
1276 511 1460 538 auxilientur:
1477 519 1525 539 eos
1540 516 1631 539 autem
1642 512 1687 546 qui
1704 520 1755 547 per

969 558 1153 586 adulationem
1177 557 1304 585 morbum
1329 555 1488 584 exulcerant
1521 561 1549 584 et
1576 557 1755 585 insanabilem

969 604 1097 637 reddunt,
1116 604 1263 632 familiares
1278 604 1366 640 magis
1389 603 1487 631 reddit.
1508 602 1588 631 Omni
1613 611 1663 639 ope
1674 604 1755 639 igitur

966 658 1102 686 operaque
1117 650 1272 685 opinionem
1291 650 1356 682 vita,
1372 649 1453 676 inane
1463 649 1642 684 praecipitium
1655 649 1756 685 quippe

969 700 1021 730 est,
1036 703 1202 731 omnemque
1213 696 1331 723 obstruit
1342 695 1437 723 salutis
1452 702 1606 723 ascensum.

1216 751 1328 780 EPIST.
1347 750 1504 780 LXXXVII.

1245 797 1332 826 Isacio
1345 799 1482 826 monacho.

743 857 876 883 Montacot.
889 857 941 889 (ep.
952 857 1006 887 123,
1016 865 1041 889 p.
1055 857 1120 889 169).

166 907 199 934 EI
213 907 260 934 καὶ
273 906 342 943 πρὸς
356 906 496 943 θερισμὸν,
513 908 556 942 ἐφ’
578 908 607 934 ὸν
617 908 632 935 ὁ
653 908 793 944 Δεσπότης
817 909 920 943 σπλαγ-

1010 907 1153 942 Utcunque
1170 907 1203 934 ad
1228 914 1345 934 messem
1364 906 1437 934 illam
1457 906 1610 934 obeundam
1631 906 1665 934 ad
1674 914 1757 942 quam

133 951 290 988 κνιζόμενος
313 953 478 989 ἐργάζεσθαι
492 953 597 989 πέμπει
618 953 682 986 τοὺς
706 954 847 990 μαθητὰς,
865 955 920 981 ἀω-

135 998 244 1034 ρότατος
260 996 296 1024 εἶ·
310 997 368 1025 ἀλλ’
383 996 429 1026 οὖν
444 999 486 1034 ἐφ’
505 999 535 1026 ὃν
545 1000 569 1026 oi
584 999 708 1034 θερισταὶ
724 1001 921 1036 παραγίνονται

134 1043 244 1078 ἄγγελοι
254 1063 262 1075 ,
281 1044 328 1070 καὶ
340 1043 401 1071 λίαν
413 1045 564 1080 ἐπιτήδειόν
577 1053 607 1072 σε
619 1045 756 1072 δείκνυσιν
771 1047 785 1072 ὁ
798 1046 848 1080 τῆς
863 1046 921 1081 ἠλι-

135 1089 196 1121 κίας
219 1090 324 1125 καιρός.
338 1089 401 1122 Πῶς
412 1088 469 1123 οὖν,
491 1091 551 1118 ἀντὶ
565 1092 614 1126 μέν
631 1091 678 1118 τοῦ
693 1091 798 1127 καρπὸν
817 1092 919 1127 φέρειν,

135 1134 254 1166 ἀκάνθας
268 1135 408 1170 ἐκφέρεις;
420 1135 527 1168 ζιζάνια
540 1136 569 1163 δὲ
582 1136 643 1164 ἀντὶ
664 1137 738 1163 σίτου
752 1145 760 1170 ;
777 1137 832 1163 Καὶ
844 1137 921 1164 οὐδὲν

135 1180 253 1216 ἐργῶδες
272 1181 302 1208 ὃν
315 1181 396 1208 καλὸν
411 1183 458 1208 καὶ
472 1181 587 1216 ἀγαθὸν,
601 1182 652 1210 κᾶν
666 1183 715 1218 ὀψὲ
735 1183 782 1210 τοῦ
806 1184 902 1220 καιροῦ
912 1203 919 1216 ,

126 1226 177 1253 Δδιόι
194 1227 337 1262 μετανοίας
351 1228 489 1262 γενέσθαι.
504 1228 540 1255 Σὺ
555 1228 583 1255 δὲ
599 1229 696 1256 σαυτὸν
715 1229 770 1256 εἴθε
783 1229 921 1266 ἄχρηστον

133 1273 200 1300 ἀλλὰ
213 1273 320 1301 δέδοικα
346 1274 383 1310 μὴ
409 1275 456 1301 καὶ
473 1275 658 1310 αὑτοσαπρίας
672 1276 782 1310 ἀγγεῖον
806 1276 920 1313 ἐργάζῃ.

140 1319 210 1345 Ἀλλ’
225 1319 368 1354 ἐπίγνωθι,
380 1319 433 1347 κᾶν
447 1319 494 1346 νῦν
510 1320 572 1357 ἤδη,
589 1321 635 1348 τὸν
649 1321 820 1357 ἀνθρώπινον
834 1331 919 1349 κατα-

133 1364 261 1400 δυόμενος
277 1365 344 1400 βίον,
362 1365 404 1393 ὅτι
425 1366 460 1393 τὰ
478 1367 526 1402 μὲν
542 1367 685 1401 συνάγεται
703 1368 751 1394 καὶ
765 1367 921 1404 ἀποθησαυ-

134 1410 236 1446 ρίζεται
248 1411 289 1442 εἰς
304 1411 490 1443 ἀκαταλύτους
506 1412 649 1448 ἀποθήκας
660 1413 707 1440 καὶ
719 1412 771 1448 τῆς
784 1412 919 1449 οὐρανῶν.

133 1455 256 1488 ἀξιοῦται
278 1456 435 1491 βασιλείας·
459 1457 494 1484 τὰ
514 1457 544 1485 δὲ
563 1458 739 1491 ἐκκόπτεται,
752 1459 780 1486 ot
800 1467 857 1494 μοι,
873 1460 921 1486 καὶ

134 1501 312 1535 ἐκϐάλλεται,
327 1503 374 1529 καὶ
396 1503 577 1531 κατακαίεται
591 1504 632 1541 τῷ
653 1505 780 1542 ἐξωτέρῳ
793 1505 841 1533 καὶ
858 1506 920 1533 ἀτε-

134 1547 255 1584 λευτήτῳ
268 1548 338 1584 πυρὶ
348 1549 496 1582 διαπαντὸς
507 1549 700 1586 δαπανώμενα.

440 1693 552 1721 ΕΠΙΣΤ.
568 1694 635 1723 ΠΗ’.

124 1735 321 1770 -Μητροφάνοι
354 1738 476 1774 μοναχῷ
498 1739 548 1777 καὶ
574 1740 734 1777 ήσυχαστῇ
755 1742 796 1774 τῷ
815 1743 849 1770 ἐκ
871 1744 920 1770 Σι-

531 1774 537 1782 ρ

470 1776 583 1808 κολίας.

972 953 1163 980 misericordia:
1177 953 1326 981 visceribus
1344 952 1475 980 Dominus
1489 957 1578 980 tactus
1592 953 1684 980 emisit
1704 954 1758 981 dis-

972 999 1076 1034 cipulos
1109 1007 1185 1031 suos,
1204 999 1242 1026 sis
1257 999 1373 1026 maxime
1395 998 1572 1032 immaturus;
1587 999 1620 1026 ad
1631 999 1702 1026 illam
1718 1003 1758 1026 ta-

971 1053 1046 1077 men,
1059 1045 1092 1072 ad
1108 1053 1188 1080 quam
1204 1052 1339 1072 messores
1350 1045 1510 1080 delegantur
1523 1045 1621 1079 angeli,
1640 1049 1705 1073 a'las
1731 1050 1758 1073 te

971 1096 1016 1118 tua
1030 1091 1107 1118 valde
1119 1095 1304 1126 comparatum
1318 1091 1407 1118 docet.
1416 1090 1494 1118 Unde
1505 1098 1580 1126 ergo,
1595 1091 1759 1126 proferendo

971 1137 1089 1165 fructum
1112 1144 1174 1163 cum
1188 1137 1237 1168 sis,
1261 1136 1354 1171 spinas
1378 1136 1527 1171 producis?
1541 1136 1645 1163 zizania
1665 1141 1758 1164 autem

971 1190 1020 1218 pro
1038 1181 1199 1209 frumento?
1212 1181 1271 1208 Nec
1295 1185 1337 1208 est
1363 1188 1520 1216 operosum,
1540 1181 1627 1208 virum
1656 1181 1757 1209 bonum

970 1229 1085 1264 probum
1101 1228 1170 1258 ﬁeri.
1186 1228 1249 1255 licet
1264 1228 1363 1260 serius,
1382 1235 1431 1262 per
1445 1227 1645 1262 paenitentiam.
1678 1227 1718 1255 Tu
1731 1232 1758 1255 te

971 1279 1075 1307 autem,
1089 1275 1192 1301 utinam
1223 1273 1312 1300 solum
1340 1273 1475 1305 inutilem,
1500 1280 1532 1300 ac
1541 1280 1607 1304 non,
1623 1273 1694 1308 quod
1710 1281 1758 1301 ve-

971 1328 1043 1352 reor,
1066 1328 1114 1348 vas
1124 1320 1276 1354 depravatae
1290 1319 1471 1354 corruptionis
1495 1324 1521 1346 te
1541 1320 1664 1354 prabeas
1679 1322 1685 1346 1
1701 1319 1757 1348 Sed

971 1369 1000 1392 tu
1013 1372 1188 1400 recognosce,
1198 1364 1240 1392 vel
1249 1371 1324 1391 nunc
1338 1363 1460 1396 tandem,
1474 1364 1521 1399 qui
1530 1364 1639 1398 penitus
1648 1364 1675 1391 in
1685 1371 1759 1391 mor-

971 1410 1017 1437 tali
1034 1410 1088 1437 vita
1102 1411 1254 1444 immerges.
1270 1409 1342 1445 quod
1354 1414 1489 1444 suntquae
1508 1413 1708 1444 congregantur
1730 1413 1759 1437 et

971 1457 1174 1490 reponunturin
1184 1456 1331 1492 apothecas
1343 1456 1415 1484 haud
1428 1463 1547 1491 unquam
1559 1455 1757 1488 dissolvendas,

970 1506 1000 1529 et
1030 1509 1114 1538 regno
1135 1502 1268 1530 caelorum
1293 1502 1373 1537 digna
1388 1502 1545 1529 habentur:
1568 1505 1642 1534 sunt,
1658 1501 1704 1536 qui
1716 1508 1761 1528 ex-

974 1547 1145 1579 scinduntur,
1160 1547 1243 1580 eheu,
1258 1552 1287 1575 et
1297 1547 1456 1583 ejiciuntur,
1482 1551 1510 1574 et
1537 1546 1598 1582 igne
1618 1546 1758 1578 exteriori.

974 1593 1020 1628 qui
1035 1601 1175 1629 nunquam
1187 1593 1385 1629 exstinguetur,
1401 1599 1429 1620 et
1443 1592 1551 1620 ﬂamma
1573 1592 1760 1620 consumenda

972 1643 1001 1666 et
1016 1638 1200 1679 comburenda
1215 1638 1396 1666 destinantur.

1213 1693 1326 1721 EPIST.
1344 1693 1512 1722 LXXXVIII.

1025 1739 1190 1774 Μαινορήαηὶ
1216 1739 1343 1766 ηιωιασίιο
1357 1745 1381 1766 et
1401 1739 1559 1774 hesychastw
1571 1747 1585 1766 ε
1601 1738 1704 1766 Sicilia.

749 1833 882 1860 Montacut.
894 1837 945 1868 (ep.
956 1836 1010 1868 H9,
1020 1845 1044 1870 p.
1055 1838 1122 1869 205).

169 1879 250 1914 Μέγα
264 1880 312 1916 μὲν
318 1880 349 1908 τὸ
357 1881 439 1916 ἄλγος
452 1883 522 1919 ὑπὲρ
533 1884 588 1911 τῶν
601 1885 770 1921 Ἐκκλησιῶν
782 1888 829 1914 τοῦ
844 1889 924 1917 Θεοῦ·

134 1924 175 1956 εἰς
187 1924 241 1960 γὰρ
251 1926 302 1960 τὴν
316 1927 480 1963 οἰκουμένην
492 1927 576 1964 ἐχύθη
589 1929 620 1956 τὺ
640 1931 734 1957 κακόν·
753 1932 853 1967 μείζων
863 1933 891 1960 δέ
906 1935 924 1970 ἡ

133 1971 217 2006 χαρά.
239 1971 283 1998 Ἐν
294 1972 348 2007 γὰρ
360 1973 393 2008 τῇ
405 1973 512 2010 ὑφηλίῳ
525 1975 693 2011 θαυμάζεται
707 1977 784 2013 ὑμῶν
797 1979 832 2005 τὰ
842 1977 922 2013 ἆθλα,

133 2017 182 2043 καὶ
210 2017 226 2052 ἡ
250 2018 346 2053 ἀρετή·
379 2019 427 2045 καὶ
454 2020 554 2052 παντὸς
587 2021 720 2058 στόματός
744 2024 828 2057 ἐστιν,
863 2025 923 2052 ἀντὶ

131 2063 234 2095 παντὸς
248 2063 328 2091 ἄλλον
343 2064 357 2084 ι
370 2066 394 2092 οί
406 2065 528 2102 λαμπροὶ
539 2067 616 2103 ὑμῶν
630 2069 745 2103 ἀγῶνες,
755 2069 846 2097 καὶτὰ
856 2070 921 2106 τρό-

131 2116 213 2153 παια,
228 2109 275 2135 καὶ
287 2110 302 2136 ὀ
321 2111 405 2143 πολὺς
418 2112 522 2145 ἐκεῖνος
540 2114 588 2140 καὶ
601 2114 676 2147 ἄξιος
689 2115 744 2143 τῶν
764 2117 835 2152 ὑπὲρ
847 2117 916 2153 Χρι-

133 2152 199 2179 στοῦ
219 2153 398 2190 παθημάτων,
414 2159 599 2193 μακαρισμός.

430 2256 540 2286 ΕΠΙΣΤ.
559 2259 624 2288 ΠΘ¹.

120 2293 285 2333 ’Ἂίσενίῳ
305 2300 437 2336 μοναχῷ,
450 2304 639 2339 πρεσϐυτέρῳ
669 2307 719 2334 καὶ
744 2308 919 2345 ἡσυχαστῇ.
936 2309 961 2337 D

1013 1891 1126 1927 Magnus
1138 1896 1213 1919 certe
1227 1891 1303 1919 dolor
1313 1896 1364 1924 est,
1382 1891 1428 1927 qui
1439 1899 1488 1927 pro
1502 1890 1551 1919 Dei
1569 1891 1687 1919 Ecclesia
1701 1896 1759 1925 est;

963 1930 1039 1964 'nam
1066 1938 1093 1964 in
1104 1937 1198 1964 orbem
1223 1937 1380 1965 universum
1406 1937 1556 1965 eﬂ‘unditur
1580 1937 1680 1964 malum
1701 1945 1708 1964 :
1733 1942 1762 1965 at

962 1982 1066 2021 rmajus
1086 1987 1178 2010 tamen
1207 1983 1321 2010 resultat
1343 1983 1484 2019 gaudium.
1504 1982 1561 2010 Sub
1585 1983 1643 2010 sole
1661 1982 1761 2018 quippe

975 2028 1148 2056 admirationi
1160 2029 1392 2062 suntcertamina,
1409 2032 1437 2055 et
1453 2029 1566 2057 virtutes
1586 2034 1648 2062 tum,
1676 2030 1762 2056 omni-

963 2066 1027 2100 bus
1039 2073 1138 2109 linguis
1152 2079 1309 2106 narrantur,
1336 2082 1387 2101 nec
1401 2074 1474 2101 aliud
1495 2075 1643 2110 quidquam
1660 2082 1761 2110 agones

970 2119 1021 2151 tui.
1038 2117 1152 2154 Tropaea
1182 2124 1239 2152 tua,
1256 2120 1398 2153 multiplex
1415 2120 1460 2147 illa
1475 2119 1591 2148 felicitas
1602 2121 1761 2157 praedicant,

968 2172 1048 2199 quam
1064 2164 1175 2200 dignum
1189 2169 1215 2193 te
1231 2165 1364 2198 habitum,
1379 2166 1425 2201 qui
1436 2174 1485 2201 pro
1496 2165 1597 2194 Christi
1608 2173 1689 2194 causa
1701 2174 1750 2201 pa—

971 2211 1058 2239 tiaris.

1218 2267 1329 2295 EPIST.
1367 2266 1511 2295 LXXXIX.

1036 2312 1147 2340 Arsem‘o
1160 2313 1297 2346 monacho,
1315 2318 1338 2340 et
1355 2313 1504 2348 presbytero
1519 2315 1694 2343 anachoreta.

752 2361 885 2389 Montacut.
897 2365 949 2396 (ep.
960 2365 1014 2395 182,
1026 2372 1050 2396 p.
1061 2365 1128 2397 271).

172 2402 226 2431 Ἦν
251 2407 347 2443 καιρὸς
359 2407 408 2434 τοῦ
421 2409 536 2443 γράφειν
545 2410 570 2444 ι,
590 2410 684 2448 ὥσπερ
706 2413 754 2440 νῦν
765 2414 812 2441 τοῦ
830 2417 919 2451 σιγᾷν,

133 2448 182 2475 ὅτε
196 2450 270 2476 πᾶσα
284 2451 333 2485 μέν
353 2451 458 2488 γαλήνη
475 2454 520 2480 διὰ
533 2454 623 2490 πάσης
637 2456 750 2492 ἐκέχυτο
772 2448 919 2491 πολιτείας·

133 2495 239 2529 ἀρετῆς
264 2495 313 2529 δὲ,
335 2497 386 2532 τῆς
413 2497 460 2525 νῦν
493 2499 664 2536 γελωμένης,
695 2503 867 2539 ἐθαυμάζετο
892 2506 923 2533 τὸ

133 2540 250 2575 χρῆμα·
262 2542 310 2568 καὶ
324 2542 451 2573 εὐσέϐεια
478 2545 528 2580 μὲν
541 2546 572 2571 τὸ
588 2547 690 2582 κράτος
711 2546 794 2584 εἶχεν·
809 2550 923 2585 ἀλήθεια

132 2586 166 2611 δὲ
183 2585 246 2632 (ποῦ
257 2586 305 2613 νῦν
320 2588 427 2623 ἀπῆρες
439 2589 460 2621 ;)
483 2591 531 2617 καὶ
543 2591 652 2628 γλώσσῃ
664 2593 711 2620 καὶ
726 2595 821 2627 ἀκοαῖς
835 2596 922 2632 ἐπαρ-

134 2631 297 2678 ρησιάζετο,
315 2633 360 2660 ὅτε
376 2634 406 2661 τὸ
428 2635 566 2664 πολιτικὸν
581 2638 610 2664 ἐν
627 2638 772 2674 εὐθυμίαις
787 2631 923 2678 ἐπανηγῦ-

134 2676 198 2724 ριςε
214 2679 427 2713 σωφρονούσαις·
446 2683 494 2708 καὶ
504 2683 518 2708 ὁ
532 2683 676 2720 φιλόσοφος
688 2685 759 2721 βίος,
783 2687 851 2723 πρὸς
866 2676 923 2724 ’τὴν

131 2722 192 2750 τῶν
206 2724 292 2758 ἁγίων
313 2725 418 2762 ἀνδρῶν
437 2728 644 2765 ἀνατεινόμενος
666 2732 793 2768 μίμησιν,
811 2722 923 2770 ἀξιοζῆ-

1010 2417 1075 2444 Erat
1089 2422 1195 2452 tempus
1208 2417 1357 2451 scribendi,
1381 2422 1411 2445 ut
1421 2426 1496 2446 nunc
1505 2422 1547 2446 est
1557 2419 1675 2452 tacendi,
1698 2427 1760 2448 cum

974 2470 1026 2498 pax
1040 2467 1068 2490 et
1085 2463 1265 2497 tranquillitas
1275 2470 1323 2498 per
1350 2467 1432 2490 totam
1452 2463 1645 2498 rempublicam
1659 2464 1762 2492 diﬂun-

976 2507 1087 2535 deretur
1103 2517 1110 2535 :
1132 2507 1229 2539 virtus,
1250 2515 1309 2542 quae
1323 2515 1396 2534 nunc
1410 2507 1526 2534 ludibrio
1545 2507 1670 2540 habetur,
1698 2516 1760 2536 cum

976 2557 1050 2581 esset
1063 2553 1235 2580 admirationi
1253 2561 1260 2579 :
1285 2557 1313 2580 et
1328 2553 1413 2588 pietas
1429 2553 1484 2580 vim
1508 2561 1585 2580 suam
1613 2554 1759 2582 obtineret.

976 2598 1082 2636 Veritas
1112 2598 1174 2633 (ohl
1200 2606 1255 2634 quo
1277 2607 1351 2627 nunc
1365 2599 1505 2636 aufugisti)
1517 2608 1579 2628 cum
1594 2604 1622 2628 et
1639 2601 1725 2628 oculis
1734 2606 1761 2628 et

975 2643 1073 2681 linguis
1092 2644 1230 2672 liberrima
1248 2645 1379 2673 insideret
1399 2655 1407 2673 :
1431 2651 1519 2674 status
1540 2647 1626 2674 civilis
1641 2647 1760 2674 oblecta-

978 2689 1098 2716 tionibus
1107 2689 1238 2718 modestis
1250 2697 1280 2718 se
1291 2690 1449 2719 reﬁciebat:
1467 2697 1495 2719 et
1509 2692 1563 2720 vita
1575 2691 1759 2727 philosophica

970 2735 1010 2768 ad
1036 2734 1214 2763 imitationem
1238 2741 1394 2765 sanctorum
1425 2737 1546 2766 virorum
1580 2737 1760 2770 conformata,

785 2800 901 2828 VARI/IS
921 2802 1122 2832 LECTIONES.

179 2836 192 2856 λ
207 2836 336 2873 διήγημα.
