1928 3097
179 80 232 112 899

745 81 876 112 PHOTII
896 80 1150 127 PATRIARCHRE
1171 80 1226 110 CP.

1753 83 1800 116 900

179 138 261 173 digna
280 142 308 165 et
322 137 380 173 ipsa
393 139 573 173 reputabatur
599 138 774 171 imitatione:
793 138 963 167 sacerdotalis

1018 137 1102 168 λωτος
1129 136 1286 171 ἐνομίζετο,
1307 135 1339 163 τὸ
1366 136 1503 171 ἱερατικὸν
1534 137 1582 163 καὶ
1606 137 1800 173 ἀρχιερατικὸν,

180 184 248 212 ordo
266 189 294 212 et
309 185 483 220 episcopalis,
499 194 554 213 non
564 190 620 213 tam
629 193 678 221 per
690 193 765 213 sacra
779 193 828 213 sua
841 184 968 220 insignia,

180 238 261 265 quam
276 238 326 266 per
338 231 446 258 virtutis
471 232 594 259 actiones
610 232 722 259 illustris
739 237 822 262 esset.
837 236 865 258 et
881 235 969 258 secta—

182 281 256 304 tores
269 277 457 313 aguoscendos
471 278 625 306 exhiberet.
640 278 674 306 At
697 285 770 305 nunc
784 277 857 312 quod
879 276 969 304 scribo

181 323 270 349 threni
301 327 376 355 sunt,
401 322 428 349 in
453 323 550 359 quibus
582 323 714 351 Jeremias
744 331 794 351 nos
826 321 968 357 pmvenit.

182 367 252 395 Sunt
275 368 347 395 enim
376 374 469 396 nostra
495 369 523 396 in
550 370 688 404 praesenti,
709 377 789 404 quam
809 368 853 396 illa
879 372 967 400 erant,

182 413 388 448 haudquaquam
412 414 591 442 tolerabiliora
611 424 618 441 :
653 415 768 450 suspiria
790 413 899 441 set-ibo?
921 413 968 440 sed

181 466 241 493 quae
253 459 296 485 illa
311 463 338 485 et
351 459 440 494 qualia
455 464 530 487 tanto
548 460 679 487 malorum
697 460 812 487 torrenti
828 463 894 486 sunt
909 458 968 485 suf-

185 505 306 531 fectura?
331 505 510 541 lacrymarum
539 506 621 539 rivos,
644 514 728 533 unum
751 511 813 541 post
832 505 902 532 aliud
915 513 969 532 ma-

184 551 241 577 lum
254 551 424 583 incumbens,
443 552 479 578 ita
494 552 620 579 exhausit
635 557 665 579 ut
682 552 731 587 ipsi
745 552 834 579 fontes
853 558 969 578 exarue-

181 596 237 623 rint
251 606 259 630 ;
276 602 369 624 sancta
387 597 574 631 profanantur,
592 606 668 625 sacra
683 598 888 630 conculcantur,
904 604 968 623 san-

181 647 242 670 ctus
255 643 372 678 Spiritus
387 644 413 679 (ο
430 643 499 671 labia
512 644 642 678 impia,et
658 645 762 671 animas
775 644 860 678 magis
873 644 969 679 impro-

181 689 251 724 bas),
267 690 368 724 utquid
384 697 398 717 e
411 691 501 722 trivio,
527 691 705 726 blasphemiis
720 690 864 717 incessitur
877 694 905 717 et
927 690 968 716 lu-

181 734 285 762 dibriis.
307 736 429 768 Deserta,
448 740 564 769 montes,
583 737 732 771 speluncae,
746 741 867 764 extrema
881 741 969 763 terra-

1019 185 1068 219 οὐχ
1084 182 1156 209 οὕτω
1167 183 1210 209 διὰ
1223 182 1278 209 τῶν
1293 181 1457 209 τελεστικῶν
1474 183 1629 217 συμϐόλων,
1646 183 1740 220 ὥσπερ
1754 184 1801 211 ἀπὸ

1018 229 1072 256 τῶν
1094 228 1326 263 κατορθωμάτων,
1347 226 1388 260 οἷς
1408 229 1596 264 περιέλαμπον
1618 230 1682 259 τοὺς
1707 230 1802 265 μυομέ-

1019 283 1095 307 νους,
1114 273 1298 309 ὲγνωρίζοντο.
1312 273 1368 301 Νῦν
1380 274 1409 300 δὲ
1426 274 1454 301 τί
1473 275 1571 310 γράφω
1582 283 1590 308 ;
1603 274 1737 310 θρήνους;
1752 275 1801 303 ἀλλ’

1018 320 1033 346 ό
1055 319 1279 354 συμπαθέστατος
1310 319 1445 354 Ἱερεμίας
1467 320 1610 354 προλαϐὼν
1628 321 1720 356 ἡμᾶς,
1745 321 1802 354 τοὺς

1020 364 1134 400 θρήνους
1154 365 1304 391 ἀπέδωκεν·
1319 365 1350 391 οὐ
1372 365 1428 400 γὰρ
1443 365 1556 393 ἐκείνων
1579 365 1613 393 τά
1628 366 1676 393 νῦν
1698 367 1801 394 ἀνεκτό-

1018 419 1095 446 τερα.
1119 410 1199 437 Ἀλλὰ
1213 409 1398 445 στεναγμούς;
1413 411 1459 437 καὶ
1473 410 1567 446 τίνεςῆ
1581 412 1652 438 ποῖοι
1659 411 1802 447 τηλικαύτῃ

1019 458 1090 493 φορᾷ
1103 457 1241 493 δυσχερῶν
1256 458 1439 493 ἐπαρκέσουσι
1452 467 1459 491 ;
1475 457 1529 485 τῶν
1547 458 1673 494 δακρύων
1689 458 1751 485 ἄλλο
1762 458 1801 485 ἐπ’

1019 503 1091 537 ἄλλῳ
1105 503 1191 535 πάθος
1207 503 1430 539 προκαλούμενον
1451 503 1482 531 τὸ
1504 504 1622 540 ῥεῖθρον,
1644 504 1694 537 τὰς
1716 504 1801 540 πηγὰς

1018 549 1179 584 ἀνεξήρανε,
1192 550 1224 576 τὰ
1240 549 1305 583 ἀγια
1319 549 1490 585 βεϐηλοῦται,
1507 549 1539 577 τὰ
1554 550 1616 585 ἱερά
1629 550 1802 586 συμπεπάτη-

1018 604 1063 621 ται
1075 603 1082 610 ·
1104 595 1134 621 τὸ
1149 596 1283 629 πανάγιον
1298 595 1410 630 Πνεῦμα
1426 595 1463 631 (ὢ
1473 595 1585 631 χειλέων
1600 595 1746 629 δυσσεϐὥν,
1758 596 1802 622 καὶ

1017 640 1136 672 διανοίας
1147 641 1362 676 δυσσεϐεστέρας
1374 642 1380 668 l
1392 641 1402 677 )
1417 641 1511 678 ὥσπερ
1528 651 1553 669 τι
1565 642 1620 669 τῶν
1635 643 1668 669 ἐκ
1681 642 1782 677 τριόδου
1791 661 1800 675 ,

1018 686 1201 722 δυσφημεῖται
1216 688 1263 714 καὶ
1282 688 1455 724 διασύρεται·
1477 688 1591 724 ἐρημία,
1612 688 1660 714 καὶ
1674 687 1740 723 ὅρη,
1757 686 1801 714 καὶ

1019 731 1158 767 σπήλαια,
1178 733 1225 759 καὶ¹
1246 732 1295 767 τῆς
1319 733 1370 768 γῆς
1391 733 1528 768 ἐσχατιαὶ,
1554 733 1618 764 τοὺς
1643 733 1726 768 ἱερεῖς
1737 731 1800 760 Θεοῦ

181 787 241 807 rum
255 779 301 807 Dei
317 781 472 808 sacerdotes
483 785 510 808 et
523 781 675 816 episcopos,
705 782 751 816 qui
765 781 840 816 prius
855 781 963 807 vinculis

1019 779 1066 805 καὶ
1087 779 1224 814 ἀρχιερεῖς
1237 798 1245 812 ,
1268 779 1354 812 ὅσους,
1375 779 1413 814 μὴ
1447 779 1682 814 προκατελάϐοντο
1709 778 1802 814 πικραὶ

180 825 374 858 acerbioribus,
396 831 424 853 et
436 826 538 853 exsiliis
553 827 729 859 tenebantur,
746 827 790 853 vix
801 827 890 853 salvos
898 834 968 860 pra:-

181 876 258 898 stant
281 880 288 898 :
312 879 363 899 nec
391 872 506 900 ulterius
522 872 573 900 ista
590 880 751 908 persequor.
766 872 832 899 Nam
848 872 970 906 profecto

180 916 340 951 impendens
363 917 608 944 comminationum
633 922 725 945 metus
752 917 825 944 haud
852 918 970 952 patietur

180 963 225 990 illa
242 963 332 989 omnia
357 962 499 998 deplorare
515 963 614 998 quibus
632 963 773 991 constricti
792 967 916 990 tenemur
931 963 969 998 (et

181 1014 270 1035 tamen
286 1013 316 1035 ut
328 1009 355 1035 in
369 1009 502 1042 ejusmodi
521 1009 599 1037 malis
625 1009 750 1036 solatium
766 1009 967 1044 quaerebatur).

179 1056 243 1082 Haec
254 1063 304 1090 ego
317 1055 416 1087 scribo,
432 1063 491 1090 quae
508 1060 537 1082 tu
551 1055 623 1083 nosti
634 1055 746 1090 optime,
758 1063 819 1082 cum
835 1055 893 1082 visu
907 1063 968 1088 per-
982 1051 985 1054 ”

180 1106 270 1135 cepta,
284 1105 342 1128 tum
357 1101 450 1128 auditu
468 1110 474 1127 :
492 1101 541 1129 sed
565 1109 615 1137 ego
629 1101 728 1129 doctus
747 1101 781 1129 ab
802 1101 968 1135 experientia

178 1152 206 1173 et
222 1146 332 1173 Christo
349 1147 528 1182 compatiens,
543 1147 594 1175 ista
608 1147 699 1175 scribo
714 1156 721 1174 ε
736 1147 855 1175 consiste
874 1152 966 1174 autem

179 1201 227 1228 per
242 1193 326 1220 Deum
342 1193 476 1228 placatum
491 1194 626 1221 redditum
637 1193 767 1229 ﬁgmento
783 1201 833 1221 suo
849 1202 856 1220 :
874 1194 967 1222 attolle

178 1243 288 1266 sanctas
304 1243 364 1266 tuas
378 1239 413 1266 ad
434 1239 509 1266 illum
528 1247 636 1271 manus,
663 1239 709 1274 qui
735 1247 800 1266 suas
823 1238 967 1273 aliquando

178 1283 204 1310 in
214 1290 305 1317 cruce,
318 1287 446 1318 tanquam
455 1284 658 1319 deprecatorias
670 1284 832 1312 extendebat
843 1293 850 1311 :
863 1285 966 1318 clavos,

178 1327 313 1360 lanceam,
329 1329 499 1364 sanguinem,
521 1329 824 1364 mortem,sepulturam
836 1337 884 1365 per
906 1338 967 1365 qu:e

177 1374 324 1402 salvamur.
339 1374 429 1402 Habes
443 1376 515 1403 unde
529 1376 659 1411 impetres
670 1383 684 1403 a
703 1376 880 1404 misericorde
904 1384 967 1411 per-

176 1421 347 1448 secutionum
361 1421 582 1454 allevamentum,
596 1427 756 1449 vexatorum
781 1429 830 1457 pro
858 1422 960 1457 pietate

1020 825 1149 858 φυλακαὶ,
1161 826 1208 852 καὶ
1218 825 1359 861 ὑπερόριοι
1371 826 1525 860 φυγαδείαι,
1540 825 1615 861 μόλις
1632 824 1800 857 διασώζουσι·

1020 871 1066 897 καὶ
1078 870 1154 897 οὔπω
1170 871 1241 905 λέγω
1252 872 1286 898 τὰ
1300 871 1368 898 ἄλλα
1377 879 1383 886 '
1399 871 1459 898 οὐδὲ
1478 871 1542 906 γὰρ,
1555 871 1609 898 οὐδ’
1623 870 1802 906 ἀποδύρεσθαι

1018 917 1052 942 τὰ
1066 917 1210 951 συνέχοντα
1224 917 1313 944 πάντα
1329 916 1361 952 (ὃ
1376 917 1457 951 μόνον
1469 914 1514 952 ἦν,
1536 917 1573 948 ὡς
1594 917 1624 943 ἐν
1636 916 1802 951 τηλικούτοις

1019 964 1123 994 κακοῖς,
1149 963 1203 989 τῶν
1219 963 1366 999 συμφορῶν
1382 962 1566 999 παραμύθιον)
1584 963 1598 989 ό
1615 963 1802 998 ἐπηρτημένος

1018 1007 1071 1034 τῶν
1094 1008 1213 1034 ἀπειλῶν
1240 1009 1323 1043 φόϐος
1346 1009 1479 1036 ἐνδίδωσι·
1496 1009 1582 1036 ταῦτα
1605 1009 1725 1045 γράφω·
1746 1008 1802 1036 ἀλλ’

1018 1053 1088 1088 ἔχεις
1100 1053 1149 1089 τὴν
1160 1054 1262 1082 τούτων
1274 1054 1386 1089 γνῶσιν,
1396 1055 1491 1091 ὥσπερ
1504 1055 1565 1090 όψει
1580 1055 1628 1082 καὶ
1643 1056 1724 1090 ἀκοῇ,
1734 1055 1804 1082 οὕτω

1016 1099 1045 1126 δέ
1066 1100 1235 1136 συμπάσχων
1256 1100 1367 1136 Χριστῷ
1378 1120 1386 1133 ,
1404 1101 1452 1128 καὶ
1464 1102 1531 1137 αὐτῇ
1548 1103 1581 1137 τῇ
1596 1101 1696 1137 πείρᾳ,
1711 1101 1764 1136 ἔχω
1776 1100 1803 1128 τι

1016 1143 1124 1179 γράψω·
1142 1145 1220 1179 στῆθι
1236 1145 1304 1180 πρὸς
1322 1146 1401 1179 Θεὺν,
1424 1145 1608 1181 ἐξευμενίζων
1620 1146 1666 1173 τὸν
1679 1147 1803 1182 Πλάστην

1016 1190 1055 1225 τῷ
1069 1190 1218 1225 πλάσματι·
1236 1191 1355 1219 ἔκτεινον
1375 1193 1466 1224 ὁσίους
1479 1201 1526 1219 σου
1542 1194 1648 1228 χεῖρας,
1660 1193 1710 1225 τὰς
1723 1193 1803 1220 ἐκτα-

1017 1236 1109 1268 οείσας
1128 1237 1211 1264 αὑτοῦ
1227 1238 1355 1274 παλάμας
1367 1239 1396 1265 ἐν
1415 1238 1454 1274 τῷ
1470 1239 1578 1274 σταυρῷ
1589 1258 1597 1270 ,
1609 1239 1647 1271 ὡς
1664 1239 1803 1274 ἱκετηρίαν

1016 1284 1176 1318 προτείνων·
1201 1284 1264 1316 τοὺς
1287 1284 1384 1316 ἥλους,
1409 1284 1460 1320 τὴν
1472 1284 1585 1320 λόγχην,
1609 1284 1640 1311 τὸ
1662 1282 1742 1320 αἷμα,
1757 1284 1804 1311 τδν

1016 1328 1142 1361 θάνατον,
1154 1330 1199 1356 τὸν
1216 1330 1311 1365 τάφον,
1331 1330 1365 1356 δι’
1384 1326 1422 1357 ὧν
1442 1329 1614 1365 σεσῶσμεθα·
1627 1330 1701 1366 ἔχεις
1719 1329 1753 1357 δι’
1765 1326 1803 1358 ὧν

1015 1375 1187 1410 δυσωπήσεις
1207 1375 1253 1402 τὸν
1282 1375 1419 1409 εῡῖλατον,
1441 1375 1490 1411 τὴν
1515 1375 1658 1411 βαρύτητα
1672 1375 1726 1402 τῶν
1742 1375 1803 1402 διω-

1015 1421 1104 1456 γμῶν·
1117 1421 1172 1448 τῶν
1186 1421 1360 1457 διωκομένων
1372 1422 1402 1449 τὸ
1415 1422 1485 1457 ὑπὲρ
1497 1421 1640 1453 εὐσεϐείας
1652 1421 1802 1449 ἀνένδοτον·

177 1466 369 1501 constantiam,
396 1467 559 1495 dilaceratos
581 1476 688 1503 greges,
721 1473 844 1504 pastores
866 1469 962 1503 partim

1016 1467 1049 1493 τὰ
1075 1467 1188 1502 ποίμνια
1211 1468 1437 1504 σπαρασσόμενα·
1464 1468 1528 1500 τοὺς
1552 1467 1703 1503 ποιμένας,
1728 1468 1804 1494 ἐστιν

175 1511 222 1539 ubi
240 1516 372 1539 terrarum
382 1513 543 1541 delitescant
557 1513 711 1549 incognitas
729 1522 736 1541 ί
750 1514 898 1542 Ecclesium
914 1513 962 1541 Dei

177 1557 206 1584 in
231 1562 323 1592 partes
351 1559 465 1585 scissam
484 1563 512 1586 et
535 1559 689 1587 divulsam:
706 1559 802 1587 dividit
811 1559 883 1586 enim
903 1566 963 1586 eam

175 1601 223 1629 Dei
242 1602 332 1636 timor,
355 1609 383 1630 et
405 1604 540 1631 humanus
560 1609 661 1632 metus.
677 1604 804 1632 Divinum
823 1605 962 1632 oraculum

174 1648 284 1675 mentiri
298 1649 402 1683 nequit,
417 1649 456 1677 ait
467 1654 557 1677 autem
577 1658 585 1677 :
604 1650 718 1685 Spiritus
730 1651 834 1686 quidem
851 1655 963 1685 paratus

175 1698 223 1728 eu,
237 1694 389 1728 infirmatur
399 1700 488 1722 autem
506 1705 567 1723 caro
577 1697 608 1724 η.
622 1696 685 1724 Haec
700 1704 756 1732 prae
768 1701 794 1724 te
809 1697 888 1730 ferto,
901 1705 962 1732 qua:

173 1742 274 1770 melius
287 1742 344 1778 ipse
356 1744 429 1771 nosti
441 1751 490 1779 per
509 1753 570 1780 quae
587 1745 631 1773 illa
647 1745 815 1781 impetrabis.
829 1745 895 1773 Nam
913 1753 962 1781 per

174 1796 234 1824 quae
244 1796 291 1817 cor
305 1798 403 1825 purum
418 1791 509 1826 (modo
521 1792 567 1827 qui
581 1792 737 1820 hominibus
752 1792 890 1828 possibilis
904 1793 960 1827 est)

173 1842 228 1869 quo
253 1835 349 1869 Deum,
366 1835 459 1864 vident
473 1836 509 1863 illi
525 1837 636 1872 propius
646 1837 792 1870 intuentes,
811 1838 847 1865 ita
862 1838 962 1865 rectius

173 1881 329 1917 intelligunt
344 1882 476 1917 placatior
488 1882 532 1910 ille
545 1883 678 1910 redditur.
689 1883 869 1911 Mediatricem
885 1891 961 1911 com-

172 1927 242 1962 pella
271 1928 470 1962 deprecationis
491 1928 571 1956 Verbi
601 1929 712 1956 Matrem
731 1928 960 1964 Virginem,illam

173 1971 298 2003 inclama,
310 1976 414 1999 naturae
424 1972 461 1999 illi
483 1978 664 2008 repraesentes
678 1973 888 2001 imbecillitatem
901 1981 961 2000 ma-

171 2024 252 2052 gnam
268 2021 295 2044 et
310 2017 523 2052 inexplicabilem
538 2027 545 2045 :
559 2019 717 2054 tragoediam
729 2023 851 2047 nostram
861 2019 962 2046 intelli-

171 2061 229 2097 git;
253 2062 330 2089 novit
345 2066 467 2097 cognatae
481 2068 586 2091 naturae
597 2064 738 2092 misereri:
752 2072 875 2092 assumas
899 2064 962 2091 licet

170 2112 319 2143 martyrum
328 2108 436 2142 choros,
446 2109 599 2138 libertatem
607 2111 713 2146 plenam
725 2111 840 2139 adeundi
849 2111 959 2141 habent.

1014 1513 1070 1546 οὓς,
1083 1514 1138 1540 οὐδ’
1150 1514 1212 1541 ὅποι
1223 1515 1275 1550 γῆς
1289 1515 1343 1541 είσι
1351 1515 1569 1550 γινωσκομένους
1582 1515 1631 1551 τὴν
1641 1514 1803 1550 Ἐκκλησίαν

1013 1559 1080 1586 Θεοῦ
1094 1560 1345 1596 κατατεμνομένην,
1360 1561 1452 1596 οῐμοι,
1472 1561 1520 1588 καὶ
1539 1561 1736 1597 μεριζομένην·
1754 1570 1804 1598 με-

1014 1605 1118 1640 ρίζεται
1133 1607 1187 1642 γὰρ
1200 1606 1286 1642 αὐτὴν
1302 1607 1384 1641 φόϐος
1398 1607 1467 1634 Θεοῦ
1477 1627 1486 1640 ,
1508 1608 1555 1635 καὶ
1567 1608 1650 1643 φόϐος
1665 1608 1806 1644 ἀνθρώπι-

1012 1661 1067 1685 νος·
1082 1653 1143 1680 οὺδὲ
1164 1653 1230 1690 γὰρ,
1243 1654 1299 1681 οὐδ’
1314 1654 1372 1681 ἐστι
1386 1654 1434 1682 τὸν
1447 1654 1519 1682 θεῖον
1532 1655 1723 1690 διαψεύδεσθαι
1735 1664 1805 1692 χρη.

1013 1701 1090 1735 σμόν·
1100 1700 1135 1728 Τὸ
1145 1701 1204 1735 μὲν
1211 1701 1330 1736 πνεῦμα
1335 1702 1499 1737 πρόθυμον,
1506 1703 1525 1736 ἡ
1531 1702 1566 1729 δὲ
1573 1702 1651 1737 σὰρξ
1657 1702 1802 1737 ἀσθενής.

1013 1744 1106 1772 Ταῦτα
1123 1745 1261 1780 προϐαλοῦ
1273 1765 1281 1778 ,
1298 1745 1398 1781 μᾶλλον
1420 1746 1448 1773 δέ
1461 1746 1558 1780 αὐτὸς,
1572 1747 1606 1774 δι’
1620 1744 1658 1775 ὧν
1676 1747 1807 1783 δυσωπή-

1012 1799 1084 1824 σεις,
1099 1789 1183 1824 οἶδας·
1199 1789 1240 1823 οἷς
1253 1792 1307 1827 γὰρ
1324 1793 1341 1828 ἡ
1353 1791 1451 1828 καρδία
1467 1793 1594 1828 καθαρὰ,
1606 1793 1654 1820 ἀτε
1666 1793 1699 1829 δὴ
1721 1793 1804 1825 Θεὸν,

1011 1838 1050 1869 ὡς
1074 1837 1148 1864 ἔστιν
1170 1837 1308 1873 ἀνθρώπῳ
1330 1837 1443 1866 δυνατὸν
1469 1839 1546 1871 ἰδεῖν,
1566 1838 1714 1874 ἐνορῶσιν·
1727 1836 1806 1866 οὗτος

1013 1884 1114 1920 μᾶλλον
1127 1883 1180 1910 τῶν
1199 1884 1288 1911 ἄλλων
1301 1884 1440 1917 συνίσασι,
1463 1885 1511 1913 καὶ
1525 1882 1565 1917 οἷς
1578 1884 1803 1920 ἐκμειλίσσεται·

1012 1931 1122 1966 κίνησον
1138 1932 1251 1967 μεσίτην
1268 1931 1320 1967 τῆς
1336 1932 1502 1967 πρεσϐείας,
1513 1933 1563 1968 τὴν
1576 1932 1624 1959 τοῦ
1637 1932 1725 1966 Λόγου
1741 1933 1807 1968 Μη-

1011 1976 1078 2012 τέρα
1094 1977 1143 2004 καὶ
1163 1977 1310 2013 Παρθένον·
1329 1977 1425 2013 βόησον
1440 1979 1508 2014 πρὸς
1522 1978 1609 2013 αὐτὴν
1628 1978 1676 2013 τῆς
1691 1978 1806 2013 φύσεως

1011 2021 1061 2057 τὴν
1081 2022 1225 2050 ἀσθένειαν
1247 2023 1298 2059 τὴν
1317 2023 1426 2060 μακρὰν
1449 2024 1530 2060 ἡμῶν
1551 2025 1597 2051 καὶ
1622 2023 1806 2059 ἀνιστόρητον

1011 2067 1095 2095 πᾶσιν
1116 2069 1285 2104 τραγῳδίαν·
1310 2066 1381 2096 οἶδεν
1406 2069 1584 2106 συμπαθῆσαι
1610 2069 1649 2105 τῷ
1672 2070 1809 2105 ὁμοφυεῖι

1011 2112 1065 2139 τῶν
1099 2113 1247 2149 μαρτύρων
1274 2113 1320 2141 τὸν
1341 2115 1421 2150 χορδν
1442 2115 1660 2150 συμπαράλαϐε·
1690 2116 1807 2151 ἔχουσιν

169 2161 203 2181 ex
217 2154 317 2181 intuitu
331 2154 438 2182 illorum
455 2163 516 2190 quae
528 2163 578 2191 pro
589 2145 698 2184 Christo
711 2157 841 2190 tulerunt,
855 2157 957 2185 subve-

1016 2145 1176 2194 παρρησίαν,
1192 2145 1233 2191 οἷς
1247 2145 1430 2197 ἔπαθον-ὑπὲρ
1443 2145 1562 2197 Χριστοῦ
1582 2145 1722 2197 ἐπαμῦναῖ
1744 2163 1807 2194 τοῖς

170 2199 230 2226 nire
254 2199 350 2227 volunt
379 2205 406 2228 et
432 2200 494 2228 aliis
520 2201 567 2236 qui
597 2209 647 2237 pro
669 2202 715 2230 illo
737 2202 886 2238 patiuntur.
903 2202 958 2232 Sed

168 2245 325 2272 communio
342 2247 500 2280 passionum
526 2248 599 2275 cedit
616 2256 665 2283 per
681 2255 710 2276 se
736 2249 763 2276 in
793 2249 958 2277 consolatio-

168 2299 242 2324 nem,
254 2296 282 2319 et
294 2295 337 2319 est
349 2292 475 2321 invitatio
488 2294 523 2321 ad
544 2294 596 2322 illis
607 2295 834 2329 subveniendum,
849 2296 896 2332 qui
909 2304 957 2331 pa-

167 2336 209 2364 ria
234 2337 373 2372 patiuntur
391 2347 398 2365 :
428 2339 519 2366 omnia
540 2340 684 2375 expedient
705 2341 927 2369 intercessionem
947 2350 955 2369 :

167 2381 323 2416 deprecatio
341 2383 516 2420 coniungitur
529 2392 591 2412 cum
607 2393 655 2420 spe
674 2386 756 2420 bona,
785 2387 955 2415 solummodo

167 2427 244 2455 deest
270 2433 398 2456 constans
422 2434 451 2456 et
477 2431 638 2458 continuata
650 2437 696 2459 tua
715 2432 817 2466 oratio,
828 2436 913 2468 atque
925 2433 953 2461 in

166 2473 338 2508 deprecando
355 2473 457 2502 fervor.

467 2531 575 2559 EPIST.
596 2532 650 2561 XC.

254 2576 400 2612 Nicephoro
423 2578 575 2613 philosopho
592 2580 749 2608 monachum
764 2582 864 2618 agenti.

1008 2204 1043 2231 δι’
1057 2205 1138 2232 αὑτὸν
1151 2206 1304 2242 πάσχουσι·
1327 2208 1374 2234 καὶ
1390 2207 1445 2234 τῶν
1458 2207 1553 2235 παθῶν
1567 2209 1583 2244 ἡ
1595 2208 1725 2236 κοινωνία
1748 2217 1808 2236 πα-

1009 2251 1142 2286 ράκλησίς
1153 2253 1226 2279 ἐστιν
1239 2251 1308 2288 αὐτὴ
1327 2251 1389 2280 καθ’
1408 2254 1506 2289 αὐτὴν,
1525 2254 1594 2288 πρὸς
1611 2254 1660 2290 τὴν
1677 2254 1733 2281 τῶν
1747 2263 1809 2281 πα-

1009 2298 1127 2332 σχόντων
1140 2299 1312 2335 ἐπικουρίαν·
1336 2301 1508 2336 πανταχόθεν
1523 2301 1603 2337 ῥᾴδια
1616 2301 1651 2329 τά
1663 2301 1714 2336 τῆς
1728 2309 1808 2337 πρε-

1010 2344 1114 2376 σϐείας-
1127 2345 1240 2377 εὔελπις
1254 2347 1271 2381 ὴ
1284 2346 1384 2373 ίκεσία·
1396 2347 1456 2378 ἐνὸς
1472 2347 1554 2382 μόνου
1567 2347 1663 2380 δεῖται,
1682 2347 1734 2383 τῆς
1749 2347 1809 2382 σῆς

1010 2391 1137 2424 ἐκτενοῠς
1151 2394 1317 2428 προσευχῆς,
1328 2394 1378 2421 καὶ
1388 2393 1518 2430 ἐπιμόνου
1537 2394 1665 2430 δεήσεως.

1313 2535 1425 2563 ΕΠΙΣΤ.
1447 2537 1482 2563 L'.

1313 2537 1425 2563 ΕΠΙΣΤ.
1466 2538 1482 2562 ’.

1131 2583 1289 2617 Νικηφόρφ
1302 2537 1466 2617 ςινιλοσήςοιεξι
1480 2580 1647 2616 μονάζοντι,

775 2633 908 2660 Montacut.
922 2635 973 2668 (ep.
983 2636 1039 2666 οοι,
1049 2641 1074 2666 p.
1086 2634 1154 2667 301).

197 2670 296 2698 Omnia
313 2679 344 2699 se
354 2672 493 2701 habebant
505 2676 619 2711 optime,
633 2684 684 2705 nec
701 2678 822 2713 syntaxis
836 2678 949 2707 omnino

162 2714 263 2751 aliquid
277 2717 304 2744 in
318 2719 568 2754 grammaticalibus
593 2723 729 2753 accuratis
755 2723 947 2753 claudicabat:

204 2795 226 2810 "
241 2795 339 2824 Matth.
361 2805 434 2833 xxvi,
452 2799 495 2826 ιιι.

1037 2678 1165 2705 Ἀπαντα
1183 2677 1233 2712 μὲν
1248 2677 1339 2708 καλῶς
1352 2674 1422 2713 εἶχε⁷
1437 2676 1484 2703 καὶ
1498 2675 1574 2703 οὐδὲν
1592 2676 1653 2708 ταῖς
1665 2675 1810 2708 συντάξε-

1003 2733 1056 2759 σιν,
1069 2724 1086 2761 ῆ
1100 2726 1161 2757 ταῖς
1175 2725 1268 2757 ἄλλαις
1284 2725 1491 2761 γραμματικαῖς
1509 2722 1663 2759 ἀκριϐείαις
1685 2722 1700 2749 ὁ
1715 2722 1811 2755 λόγος
