1928 3097
117 119 161 153 901

690 112 960 142 EPISTOLARUM
982 112 1097 142 LIBER
1122 111 1163 143 ΙΙ.

1686 113 1742 145 902

117 175 258 211 ὲχώλευεν⁸
273 174 291 201 ἃ.
307 173 335 200 δὲ
344 172 398 199 τῶν
411 169 563 207 ῥητορικῶν
578 169 662 196 ἐνέδει
676 169 776 204 νόμων,
794 169 841 195 καὶ
854 169 903 203 τῆς

963 168 1046 196 iullus
1056 168 1146 203 legum
1156 167 1363 195 rhetoricalium
1380 167 1503 196 defectus
1517 172 1585 202 erat,
1600 168 1644 197 vel
1658 169 1743 197 soler-

118 219 218 247 ἐκεῖθεν
237 218 391 253 περινοίας,
414 217 469 243 οὐδ’
486 217 515 242 ὲν
538 215 643 245 τούτοις
666 214 706 245 εἰς
723 213 905 248 ἀναίσχυντον

118 264 306 300 ἐκφερομένων
314 263 368 289 τῶν
377 261 579 298 γεγραμμένων
587 259 749 295 ἁμάρτημα·
763 258 905 286 καὶταῦτα

118 310 144 337 δέ
163 319 216 342 σοι,
230 310 324 345 ὥσπερ
341 309 454 344 ’ᾔτησας
465 328 473 340 ,
489 306 659 342 διορθώσεως
681 305 798 340 τυχόντα
814 304 902 340 προσ-

119 355 356 391 αναπεπλήρωται.
372 354 437 389 Εῖης
451 353 480 380 δὲ
494 354 545 380 κάν
558 352 673 384 τούτοις,
682 351 777 386 ὥσπερ
786 351 837 377 κάν
849 351 905 381 τοῖς

118 401 216 433 ἄλλοις,
228 401 309 432 αὐτὸς
325 400 369 426 διὰ
382 399 495 426 σεαυτοῦ
510 397 635 434 λαμπρὸν
649 397 739 433 φέρων
753 395 784 423 τὸ
800 396 904 423 εὐδόκι-

120 457 176 482 μον.
196 447 330 483 Ἔρρωσο.

420 503 531 531 eum.
545 501 603 536 t,A'.

249 552 407 586 Νικηφόρῳ
425 549 583 585 φιλοσόφῳ
593 547 762 582 portitor“.

955 215 998 248 tia:
1010 215 1140 250 quiddam
1159 215 1246 242 solitae
1259 214 1382 242 adhiberi
1400 223 1408 241 :
1423 215 1470 242 sed
1484 222 1537 242 nec
1549 215 1588 242 ita
1619 214 1666 243 hic
1677 222 1743 250 pec-

953 260 1067 287 cabatur
1092 265 1123 287 ut
1152 260 1253 295 scripta
1280 268 1310 288 se
1341 261 1529 296 impudentius
1555 260 1740 288 venditarent.

953 305 1017 333 llam
1031 310 1114 340 prout
1126 306 1263 341 rogaveris
1276 310 1306 333 ut
1329 306 1542 342 corrigerentur,
1560 306 1594 333 ad
1608 310 1636 334 te
1659 306 1740 334 missa

953 351 1064 386 perfeci.
1077 351 1118 379 Tu
1129 357 1220 379 autern
1233 352 1261 380 in
1272 353 1344 385 istis,
1358 353 1584 388 quemadmodum
1598 357 1626 381 et
1640 353 1668 380 in
1680 351 1742 381 aliis

955 396 1068 424 illustris
1079 396 1128 424 ﬁas
1147 402 1175 425 et
1188 397 1388 434 pradicandus.
1410 398 1485 426 Vale.

1252 499 1361 527 EPIST.
1382 499 1450 528 XCI.

1117 546 1265 581 Nicepltoro
1279 546 1431 582 philosopho
1446 547 1582 574 monacho.

733 602 865 630 Moutacut.
877 600 929 632 (ep.
941 601 996 632 ΞΠ,
1007 608 1031 633 p.
1042 601 1108 633 525).

154 660 206 686 Τὸν
223 660 273 694 μὲν
286 658 334 685 τοῦ
346 656 585 696 σώματοςερωτα,
599 655 791 691 ἐπτερωμένον
809 655 833 681 οἱ
849 663 904 681 σω-

123 706 232 741 ματικοὶ
254 705 407 740 γράφουσι·
425 703 561 738 γράφουσι
575 701 603 728 δὲ
623 702 671 728 καὶ
687 701 733 728 τὸν
748 702 831 732 θεῖον,
849 701 906 727 ὅσοι

120 753 150 778 τὺ
162 751 254 786 νοερὸν
266 750 349 777 αὐτοῦ
362 749 460 780 κάλλος
472 748 571 783 ψυχαῖς
590 747 722 783 καθαραῖς
746 747 906 782 ὲνεμορφώ-

990 655 1117 682 Amorem
1133 654 1303 689 corporalem
1326 654 1482 690 corporales
1496 654 1547 690 ipsi
1562 654 1661 682 alatum
1679 655 1742 691 pin-

955 705 1021 736 gunt
1039 708 1047 728 :
1062 701 1178 736 pingunt
1191 701 1256 728 item
1270 700 1404 733 divinum,
1419 705 1551 735 quotquot
1562 701 1741 736 pulchritudi-

955 754 1017 774 nem
1046 747 1107 780 ejus
1133 746 1329 781 intelligibilem
1360 747 1459 773 animis
1489 746 1564 781 puris
1599 746 1741 783 eﬂigiatam

122 804 201 824 σαντο
213 803 221 811 ·
237 795 300 822 ἀλλ’
315 795 340 821 οἱ
352 794 402 830 μὲν
412 793 510 829 βαφαῖς
522 793 569 819 καὶ
575 792 728 828 χρωμάτων
744 791 851 819 ἄνθεσιν
863 799 871 807 '
882 792 906 818 οἱ

962 797 1081 829 gestant:
1093 793 1130 820 illi
1144 793 1264 820 colorum
1276 793 1401 820 tincturis
1411 796 1438 820 et
1447 792 1513 820 ﬂore
1525 802 1532 819 :
1544 793 1587 820 isti
1599 793 1744 820 virtutibus

120 841 143 867 δ’
158 839 192 868 αὖ
225 840 337 875 ἀρεταῖς
354 829 403 866 καὶ
421 838 620 874 λαμπροτέροις
632 839 688 869 τοῖς
704 837 905 872 κατορθώμασι.

962 843 986 867 et
1005 839 1154 866 illustribus
1169 838 1257 867 factis.
1272 838 1418 866 Teslantur
1434 839 1553 874 utrique,
1567 846 1600 866 eo
1619 839 1692 874 quod
1704 839 1743 866 sic

127 886 268 921 Ἐκάτεροι
280 885 303 912 δ’
312 883 359 912 οὗν
371 885 446 920 ὅμως
458 883 641 919 μαρτυροῦσι,
652 883 686 910 δι’
694 880 732 910 ὧν
743 885 905 919 γράφουσιν,

121 932 158 964 ὡς
173 932 277 966 ἄφατον
291 931 348 966 ἔχει
363 931 455 965 τάχος,
469 931 517 957 καὶ
540 929 709 965 προθεσμίας
726 930 843 964 ὑπάρχει
856 929 906 956 τύ-

124 987 228 1014 ραννος,
241 978 288 1005 καὶ
301 978 458 1014 ὑπερόπτης
471 977 572 1011 νόμων,
585 974 626 1008 οἷς
649 975 768 1011 άναὸολὴ
789 975 905 1002 διιθύνε-

123 1032 179 1051 ται.
196 1022 265 1050 Ἴσθι
283 1022 441 1057 τοιγαροῦν,
455 1019 478 1049 ὧ
493 1021 539 1048 τοῦ
551 1021 619 1048 Θεοῦ
633 1021 690 1056 ίερὲ
708 1020 845 1056 ἄνθρωπε,
866 1019 905 1052 ὡς

123 1069 171 1095 καὶ
182 1069 255 1104 ἡμᾶς
270 1069 287 1103 ἡ
302 1067 429 1103 τυραννὶς
453 1067 523 1102 αὕτη
549 1067 621 1093 κατὰ
635 1067 735 1102 κράτος
757 1063 843 1098 εἷλκε,
859 1065 907 1092 καὶ

123 1116 174 1150 τὴν
186 1114 356 1151 προθεσμίαν
370 1114 508 1146 ὲσιάσατο,
523 1113 572 1140 καὶ
599 1113 653 1148 πρὸ
672 1112 719 1139 τοῦ
737 1112 833 1148 χρόνου
855 1111 906 1147 τὴν

122 1161 174 1196 σὴν
192 1161 344 1195 παρουσίαν
366 1159 506 1195 ἐπιζητεῖν
532 1159 750 1195 κατηνάγκασεν.
768 1158 902 1195 Ἔρρωσα

424 1215 536 1242 ΕΠΙΣΤ.
555 1214 612 1247 ιιΒκ

218 1262 380 1294 Ἀθανασιῳ
398 1259 555 1296 μονάζοντι
576 1260 627 1287 καὶ
645 1258 819 1294 ἠσυχαστῇ.

954 884 1081 920 pingunt,
1097 884 1172 919 quod
1193 885 1332 912 celeritate
1355 884 1423 911 mira
1441 884 1571 919 praeditus
1593 888 1635 912 est
1654 892 1741 918 am0r,

955 930 1086 966 propositi
1099 935 1240 966 tyrannus,
1253 931 1342 966 legum
1357 935 1528 966 contemptor
1545 931 1644 966 quibus
1657 935 1744 958 retar-

954 976 1043 1004 datur.
1060 975 1214 1011 Cognosces
1232 976 1322 1011 igitur,
1333 975 1388 1003 Deo
1403 980 1507 1004 sacrate
1517 976 1566 1009 vir,
1585 984 1635 1004 nos
1646 976 1679 1004 ab
1693 976 1745 1005 hoc

956 1025 1071 1057 tyranno
1081 1022 1258 1049 vehementer
1267 1029 1423 1057 oppressos,
1432 1022 1477 1057 qui
1490 1021 1654 1050 voluntatem
1663 1024 1744 1058 cogit,

955 1072 983 1095 et
1005 1072 1069 1095 ante
1084 1071 1191 1102 tempus
1200 1072 1273 1095 tuam
1285 1067 1432 1103 efﬂagitare
1450 1068 1621 1103 praesentiam
1639 1069 1745 1096 incitat.

955 1113 1030 1140 Vale.

1060 1248 1063 1250 μ
1247 1213 1355 1241 EPlST.
1377 1213 1458 1242 xcu.

1103 1257 1250 1286 Athanasio
1261 1261 1388 1287 monacho
1401 1266 1425 1288 et
1440 1261 1614 1289 anachoretw.

735 1318 869 1344 Montacut.
882 1319 933 1351 (ep.
947 1317 1002 1349 212,
1011 1324 1036 1350 p.
1047 1318 1113 1348 515).

167 1371 285 1408 Ἐπειδὴ,
298 1370 371 1398 κατὰ
385 1370 500 1406 μίμησιν
508 1369 639 1405 Χριστοῦ,
653 1368 701 1396 τοῦ
712 1368 838 1404 ἀληθινοῦ
847 1367 914 1395 Θεοῦ

125 1421 142 1455 ὴ
147 1419 214 1454 μῶν,
221 1417 336 1445 σαυτὸν
343 1417 538 1450 ἐσταύρωσας
545 1415 585 1448 τῷ
591 1416 694 1450 κόσμῳ
701 1415 747 1441 καὶ
760 1414 799 1449 τῷ
813 1423 914 1450 κοσμο-

126 1466 250 1500 κράτορι,
265 1461 399 1497 πέπομφά
414 1469 454 1487 σοι
466 1460 512 1487 τὸν
536 1459 652 1495 σταυρὸν
668 1459 851 1494 φυλακτήριον
864 1459 914 1495 τῆς

127 1508 319 1544 σταυρώσεως.

432 1562 545 1590 eum.
564 1562 620 1597 μιν.

242 1610 380 1646 Ὰρσενίῳ
391 1609 550 1644 μονάζοντι
568 1609 618 1637 καὶ
630 1608 805 1644 ήσυχαστῇ.

996 1369 1238 1405 Quandoquidem,
1261 1370 1295 1398 ad
1316 1370 1470 1406 exemplum
1492 1370 1592 1399 Christi
1619 1371 1676 1399 veri
1699 1372 1746 1400 Dei

963 1416 1058 1449 nostri,
1075 1418 1172 1444 mundo
1196 1422 1221 1445 le
1243 1418 1395 1452 cruciﬁzisti
1421 1423 1449 1446 et
1471 1419 1570 1446 rectori
1598 1419 1746 1452 mundano,

963 1462 1024 1490 misi
1037 1462 1071 1490 ad
1086 1467 1112 1491 te
1127 1471 1236 1492 crucem
1252 1464 1403 1492 custodiam
1418 1464 1611 1493 cruciﬁxionis.

1246 1562 1354 1590 EPIST.
1375 1563 1465 1591 XCIII.

1139 1609 1248 1636 Arsem'o
1262 1610 1386 1636 monacho
1397 1609 1572 1638 anachoreta.

737 1665 873 1691 llontacut.
886 1665 939 1698 (ep.
950 1666 1005 1697 251,
1015 1673 1040 1699 p.
1050 1666 1107 1698 545)

163 1720 196 1746 τι
211 1719 325 1754 γράφως
338 1718 442 1753 οἴχεται
458 1717 509 1752 μὲν
517 1717 594 1754 εὐχὴ,
608 1717 711 1753 οἴχεται
722 1717 746 1743 δ’
761 1715 912 1752 ἀνθρώπων

126 1766 211 1802 ἀρετή
230 1772 238 1780 ·
261 1764 428 1791 ἐκκέκοπται
452 1763 481 1789 δὲ
506 1762 649 1798 παρρησία
671 1761 739 1797 πρὸς
761 1760 838 1794 Θεὸν,
865 1761 913 1788 καὶ

127 1812 233 1845 ἀνδρῶν
257 1811 359 1846 ἔρημος
374 1810 389 1836 ὸ
407 1809 464 1844 βίος
490 1808 622 1835 ἑλκόντων
646 1808 703 1839 τοῖς
723 1806 770 1833 ἐπὶ
798 1806 849 1841 γῆς
863 1805 912 1841 τὴν

127 1857 231 1886 ἄνωθεν
246 1857 390 1892 πρόνοιαν
401 1857 418 1890 ἡ
434 1855 495 1890 δίκη
510 1854 581 1890 (πῶς
597 1853 687 1886 είπω;
712 1853 743 1880 οὐ
763 1853 818 1888 γὰρ
832 1852 912 1879 s60»-

126 1903 215 1939 λὸμην
229 1902 326 1937 εἰπεῖν)
339 1903 380 1929 ὅτι
396 1901 521 1928 καθεύδει
537 1901 609 1936 μέγα
631 1900 751 1934 φυσᾶται
772 1900 803 1926 τὺ
822 1899 912 1934 παρά-

126 1958 210 1985 νομον
222 1956 230 1964 ⁶
243 1949 292 1975 καὶ
319 1947 427 1983 θεσμῶν
442 1943 514 1974 ῦοῦτε
535 1946 625 1979 θείων,
651 1946 714 1973 οὔτε
734 1945 912 1981 ἀνθρωπίνων

125 1995 210 2027 αἰδὼς
229 1995 359 2030 οὐδεμία·
380 1995 405 2021 οἱ
423 1994 452 2021 δὲ
467 1993 516 2029 τῆς
532 1993 654 2024 παλαιᾶς
680 1992 788 2027 ἐκείνης
811 1991 913 2027 ἀρετῆς

125 2041 276 2077 ἄνθρωποι,
289 2041 367 2072 ὅσους
379 2040 416 2076 μὴ
431 2039 668 2076 προκατελάϐοντο
685 2039 773 2074 δεσμὰ
789 2038 837 2065 καὶ
862 2046 912 2072 φυ-

126 2087 210 2114 λακαὶ
220 2087 267 2113 καὶ
283 2086 423 2121 ὖπερόριοι
443 2084 600 2117 καταδίκαι,
622 2086 677 2116 τοῖς
687 2084 763 2119 δρεσι
785 2083 834 2110 καὶ
852 2084 912 2114 ταῖς

126 2133 243 2168 πέτραις
274 2131 535 2166 ὲγκατακλείσαντες
571 2131 701 2162 ἑαυτοὺς,
730 2130 795 2162 καὶ,
818 2129 912 2164 ὥσπερ

128 2175 249 2210 ἑρμαίῳ,
263 2176 296 2210 τῇ
310 2175 385 2210 κοινῇ
399 2175 527 2210 συμφορᾷ
543 2174 748 2209 περιτυχόντες,
764 2173 843 2201 αὐτοῖ¹
861 2173 912 2208 μὲν

127 2222 167 2252 ὡς
186 2221 354 2256 πορρωτάτω
369 2220 419 2255 τῆς
430 2221 460 2247 ὲν
469 2220 565 2255 κόσμῳ
578 2220 662 2255 ζάλης
682 2220 816 2251 ἵστανται,
835 2219 911 2246 οὐδε-

129 2267 196 2302 μίαν
206 2265 234 2292 δὲ
249 2264 303 2291 τῶν
315 2265 344 2291 ὲν
354 2264 429 2300 αὐτῷ
439 2264 676 2300 κλυδωνιζομένων
687 2265 735 2291 καὶ
748 2264 913 2300 βαπτιζομέ-

127 2320 183 2339 νων
206 2310 283 2337 ἐστιν
299 2307 337 2337 ὧν
350 2310 478 2346 φροντίδα
504 2309 656 2345 βάλλονται.
681 2310 748 2337 οὐδὲ
772 2310 827 2346 γὰρ
854 2310 912 2337 ἱλα-

129 2356 258 2392 στηριους
268 2357 362 2392 χεῖρας
373 2355 490 2382 ἅπλοῦσι
499 2355 567 2391 πρὸς
579 2355 657 2389 Θεὸν,
672 2355 734 2382 οὐδὲ
745 2356 778 2383 τὰ
792 2356 913 2387 Μωσέως
929 2349 951 2377 Ῑ)

129 2403 304 2439 φθέγγονται,
320 2403 375 2430 Ἂν
379 2403 438 2438 μὲν
452 2403 543 2438 ἀφῇς,
553 2403 637 2438 ἄφες·
653 2402 756 2438 καὶτὴν
771 2402 916 2430 ὑπόλοιπον

128 2449 238 2484 εκείνην
252 2449 363 2484 φίλτρου
378 2449 516 2485 γέμουσαν
528 2449 575 2476 καὶ
586 2448 747 2484 θαυμαστῆς
759 2449 916 2485 παρρησίας

127 2497 239 2530 φωνήνσ
255 2495 315 2522 οὐδὲ
325 2495 401 2522 λύσιν
414 2495 467 2521 τῶν
479 2495 627 2530 ἀμηχάνων
641 2495 735 2522 κακῶν
748 2493 790 2527 οἷς
803 2494 834 2522 τὸ
850 2503 916 2529 συγ⁸

126 2541 207 2575 γενὲς
224 2540 362 2576 συνέχεται
377 2540 581 2576 δαπανώμενον.
595 2541 666 2568 Είδὲ
680 2541 825 2576 ψεύδομαι,
842 2541 911 2576 ὐμέ-

125 2593 209 2620 τερον
226 2585 277 2620 μέν
290 2585 348 2612 ἐστι
358 2585 452 2612 λοιπὸν
469 2585 600 2620 ἐλέγχειν,
622 2585 689 2620 ἐμὸν
714 2585 743 2612 δὲ
768 2584 913 2619 πεισθῆναι

126 2631 178 2660 καὶ
207 2631 370 2667 προσοφλεῖν
393 2631 534 2667 αἰσχύνην,
557 2631 698 2667 ὁμολογεῖν
723 2632 812 2667 χαρᾶς
826 2630 913 2659 ἀϊδίου

128 2675 274 2711 πρόξενον.

996 1717 1132 1751 Quorsum
1155 1717 1268 1745 scribo?
1285 1718 1350 1746 abiit
1371 1718 1536 1753 deprecatio,
1554 1718 1642 1746 virtus
1658 1719 1748 1746 homi-

960 1770 1026 1790 num
1041 1763 1118 1798 abiit,
1136 1763 1249 1792 libertas
1268 1763 1341 1798 apud
1365 1763 1450 1791 Deum
1472 1763 1604 1795 aufertur,
1625 1764 1747 1791 virorum

960 1809 1016 1836 vita
1031 1815 1117 1836 vacua
1128 1812 1181 1841 est,
1193 1808 1240 1844 qui
1252 1809 1286 1837 de
1306 1809 1375 1837 caelo
1390 1809 1417 1836 in
1433 1813 1532 1836 terram
1547 1809 1748 1844 providentiam

960 1853 1094 1881 devocant
1113 1862 1121 1881 :
1139 1854 1244 1889 iustitia
1258 1855 1335 1890 (quid
1358 1855 1464 1882 dicam?
1485 1859 1560 1882 certe
1583 1855 1683 1882 nollem
1706 1855 1748 1882 di-

960 1898 1040 1934 cere)
1069 1898 1209 1933 quiescit:
1233 1900 1361 1935 iniquitas
1382 1901 1505 1935 ingentes
1523 1899 1634 1935 spiritus
1654 1900 1748 1934 sumit,

960 1943 1035 1970 nulla
1054 1944 1219 1972 verecundia
1236 1950 1279 1973 est
1294 1945 1383 1981 legum
1407 1945 1561 1972 divinarum
1585 1951 1632 1973 aut
1652 1945 1750 1974 huma-

960 1997 1057 2017 narum
1079 1999 1086 2017 :
1116 1990 1242 2018 homines
1262 1991 1350 2026 prisca
1369 1991 1413 2018 illa
1437 1991 1536 2019 virtute
1553 1992 1677 2027 praditi,
1702 1992 1749 2027 qui

960 2035 1075 2063 vinculis
1084 2040 1111 2063 et
1125 2036 1254 2064 custodiis
1265 2044 1320 2064 non
1331 2041 1550 2070 antevertuntur,
1561 2039 1606 2073 qui
1618 2039 1645 2066 in
1656 2039 1751 2067 exsilio

961 2089 1015 2109 non
1037 2087 1131 2117 agunt.
1147 2082 1285 2110 montibus
1305 2087 1332 2110 et
1357 2083 1496 2118 speluncis
1519 2091 1549 2112 se
1569 2084 1749 2118 includentes,

961 2127 1007 2162 qui
1028 2131 1156 2162 tanquam
1171 2127 1285 2155 invento
1302 2127 1424 2162 fortuito,
1446 2129 1474 2156 in
1490 2137 1662 2157 communem
1683 2131 1751 2158 inci-

960 2173 1031 2201 dunt
1047 2174 1238 2206 calamitatem,
1252 2181 1266 2202 a
1279 2174 1444 2202 turbulentis
1454 2174 1562 2210 quidem
1576 2175 1670 2203 mundi
1687 2184 1751 2211 pro-

962 2220 1036 2248 cellis
1050 2225 1234 2253 removentur,
1250 2221 1352 2248 nullam
1366 2225 1456 2248 autem
1472 2228 1564 2248 curam
1578 2226 1606 2248 et
1620 2221 1751 2249 sollicitu-

962 2265 1052 2293 dinem
1067 2260 1168 2293 habent
1179 2266 1297 2299 illorum,
1312 2266 1357 2300 qui
1371 2265 1398 2292 in
1412 2266 1468 2293 salo
1486 2266 1604 2294 immersi
1618 2266 1750 2295 ﬂuctuan-

963 2315 1060 2346 tesque
1087 2312 1248 2348 agitantur:
1275 2311 1453 2347 propitiantes
1477 2319 1575 2339 manus
1602 2312 1636 2340 ad
1665 2312 1750 2341 Deum

964 2365 1021 2384 non
1040 2357 1189 2385 attollunt:
1207 2365 1258 2384 nec
1280 2365 1342 2385 cum
1367 2356 1442 2385 Mose
1465 2357 1552 2389 aiunt,
1576 2357 1606 2385 Si
1625 2359 1749 2392 dimitles,

965 2403 1068 2431 dimitte
1083 2411 1093 2430 :
1105 2407 1134 2430 et
1153 2411 1213 2438 quae
1235 2403 1264 2430 in
1288 2403 1335 2430 illo
1356 2410 1483 2431 sermone
1501 2404 1631 2432 mirabilis
1650 2405 1751 2433 amoris

963 2454 1135 2484 sequuntur:
1147 2457 1202 2478 non
1215 2449 1404 2478 liberationem
1417 2457 1433 2477 a
1444 2450 1522 2478 malis
1534 2450 1751 2479 ineluctabil‘rbus

963 2496 1061 2530 quibus
1071 2496 1164 2523 eadem
1178 2502 1274 2524 natura
1288 2496 1394 2531 praediti
1406 2496 1546 2530 ,continuo
1555 2497 1749 2532 depascuntur.

964 2541 992 2569 Si
1012 2543 1137 2575 mentior,
1155 2546 1209 2570 tuae
1227 2548 1318 2578 partes
1337 2548 1401 2571 sunt
1417 2543 1590 2577 convincere,
1607 2551 1674 2572 mea
1687 2551 1749 2571 mu-

964 2591 1023 2614 tare
1045 2587 1208 2614 sententiam
1230 2591 1258 2614 et
1283 2587 1387 2622 pudore
1415 2587 1536 2615 suﬂ'undi
1561 2592 1588 2616 et
1617 2588 1749 2624 pudorem

964 2639 1111 2668 agnoscere
1125 2632 1224 2661 laetitiae
1236 2637 1345 2661 aeterne
1359 2633 1573 2662 conciliatorem.

876 2777 1005 2786 ..———
