1928 3097
201 131 254 164 903
778 125 910 157 ΡΗΟΤΙΙ
925 126 962 156 P!‘

1060 124 1177 154 iiClLE
1200 124 1254 154 (ΣΡ.
1774 121 1821 153 9οι

486 182 593 212 snsr.
609 181 703 210 xcw.
830 197 832 199 μ
1002 186 1026 215 Α

830 197 832 199 μ
1002 186 1026 215 Α
1346 179 1457 207 sum.
1476 179 1531 212 LA’.

264 231 413 268 Nicephoro
435 231 596 266 philosopho,
611 229 783 257 monasticam
807 230 938 265 amplexo.

1176 226 1337 262 Νικηφόρῳ
1358 226 1516 261 φιλοσόφῳ
1538 223 1705 260 por-Marri.

825 285 959 310 Monlaeut.
979 285 1032 317 (ep.
1047 284 1103 314 235,
1117 291 1143 316 p.
1159 283 1227 315 556).

240 342 277 370 De
285 341 383 377 quibus
395 339 506 368 accedat
519 346 676 375 gravamen.
690 338 802 375 ignoro:
813 339 876 366 novi
888 344 992 370 autem.

1083 338 1143 373 Ἐφ’
1152 334 1193 370 οἷς
1207 337 1256 373 μὲν
1270 337 1287 373 ἠ
1302 335 1439 372 ἀχθηδὼν,
1453 335 1560 370 ἀγνοῶ’
1576 332 1636 362 οἶδα
1647 334 1677 361 δὲ
1691 334 1753 361 κατ’
1767 334 1823 369 ὖψιν

204 393 333 422 tanquam
351 394 400 422 per
420 385 587 413 insomnium
605 388 727 420 rogatus,
746 384 899 412 rhetoricas
915 384 965 412 exh

1062 383 1181 418 ξιωθεὶς,
1209 382 1357 418 ῥητορικὰς
1381 381 1510 417 ἀφορμὰς
1534 381 1699 417 παρασχεῖν,
1718 381 1782 412 ὅσας
1795 389 1823 407 τε

204 435 269 462 bere
284 433 331 461 tibi
345 432 511 464 occasiones.
529 432 570 459 vel
586 436 731 466 praecepta,
745 435 804 458 tum
824 438 885 466 quae
901 430 965 466 lingu

1062 430 1152 457 λῶττα
1163 430 1320 466 χαρίζεται,
1332 428 1378 455 καὶ
1391 427 1419 454 εί
1427 436 1454 454 τι
1467 427 1821 463 βίϐλοιπροσεκδιδάσκονσι·

204 480 366 510 cll‘eruntur,
391 483 448 506 tum
473 485 533 513 qua:
561 477 639 505 libris
661 480 900 512 repraesentantur.
925 475 965 503 No

1062 476 1091 503 α).
1113 475 1209 507 ἁπλῶς
1230 475 1281 510 μὲν
1305 473 1517 510 προϐαλλομένῳ
1539 472 1588 499 καὶ
1613 472 1823 507 ἀπροσδιορίστῳ

205 527 286 553 etiam
311 529 443 560 praeterea
458 524 573 551 similem
590 530 733 551 assensum
753 522 893 554 exhibere,
915 526 942 549 et
956 530 966 544 '-

1062 522 1146 557 ήματι
1159 521 1207 557 τὴν
1219 521 1331 553 ἀξίωσιν
1346 519 1453 546 σύνοιδα
1465 519 1513 546 καὶ
1526 517 1607 550 αὐτὸς
1614 517 1712 553 ὁμοίαν
1725 526 1766 544 σοι
1780 517 1823 544 καὶ

205 570 344 599 communi
369 570 504 604 positum,
518 568 610 596 verbis
630 568 791 604 simpliciter
807 572 836 595 et
851 567 964 595 indeﬁni

1063 566 1137 602 οινὴν
1150 566 1333 601 πεποιημένος
1344 565 1395 601 τὴν
1414 564 1555 592 ἐπίνευσιν
1566 570 1574 578 ·
1597 563 1645 590 σοῦ
1667 563 1706 596 δὲ,
1726 563 1757 590 τὸ
1771 563 1823 589 λοι-

206 615 332 650 prolatis,
355 614 548 648 interrogatus.
565 613 633 641 Cum
656 621 721 641 vero
741 618 767 640 te
782 613 811 640 in
827 620 908 640 eausa
926 612 965 640 nil

1063 614 1105 647 ςδν,
1144 612 1227 649 μηδὲν
1254 612 1428 648 προσθᾶντος,
1465 612 1536 647 μήτε
1562 611 1604 638 ὅτι
1629 609 1824 645 παραγενέσθαι

201 661 350 696 adieceris,
376 667 428 688 nec
453 660 564 695 quidem
589 659 664 694 quod
695 660 724 687 in
751 667 809 687 rem
833 663 962 695 prasente

1063 660 1098 687 ίοι
1108 667 1116 674 ·
1131 659 1176 687 ἶνα
1187 659 1235 686 καὶ
1245 658 1353 693 γλῶττα
1363 657 1454 693 λέγειν
1468 657 1536 693 ἔχοι,
1550 664 1601 684 ¹ιτα
1614 655 1649 683 ἂν
1664 655 1731 683 hat
1745 654 1824 688 λέγοι,

206 706 303 733 adesse
316 713 359 732 me
372 709 508 740 oporteat,
522 704 560 731 ita
574 709 604 732 ut
616 704 708 740 lingua
718 704 875 732 facultatem
887 704 966 732 dicen

1065 706 1117 741 ,ήτε
1135 705 1175 737 είς
1199 704 1247 731 ἐπὶ
1261 705 1360 741 μέρους
1382 704 1431 731 καὶ
1459 702 1617 738 ὡρισμένην
1643 701 1766 735 ἀξίωσιν,
1781 700 1826 735 τὴν

207 750 252 778 illa
266 750 374 782 habeat,
389 758 450 785 quae
461 750 576 778 dicenda
592 754 670 784 sunt;
686 757 776 785 neque
788 750 891 785 aliquid
902 754 968 785 protl

1065 750 1204 785 οινοτέραν
1219 749 1267 777 καὶ
1289 749 1423 784 ἁόριστον¹
1439 747 1675 783 περιενεγκόντος,
1691 745 1759 782 μηδὲ
1781 753 1826 773 σα-

207 796 282 828 leris,
296 796 369 831 quod
391 796 548 832 p'articulari
566 800 708 832 congruat,
725 795 896 831 deﬁnitaque
912 796 968 823 inte

1067 797 1104 826 ῶς
1117 795 1309 832 δεδηλωκότος,
1326 795 1407 823 τίνων
1418 795 1477 823 ὲστί
1495 803 1537 821 σοι
1552 793 1633 829 χρεία
1643 793 1764 828 βιϐλίων,
1783 791 1827 819 καὶ

208 842 352 878 rogationi,
362 850 397 870 ne
408 842 518 877 quidem
530 842 679 875 communi,
689 847 717 870 et
727 841 888 878 generaliori
897 841 969 869 modi

1066 843 1127 875 εοίας
1140 842 1195 869 τῶν
1211 841 1364 878 ῥητορικῶν
1380 840 1482 876 τεχνῶν
1503 839 1708 875 πραγματείας,
1722 838 1770 864 καὶ
1788 837 1827 863 τί-

209 898 262 918 nec
278 890 420 925 perspicue
442 889 570 921 edixeris,
584 897 698 924 quorum
711 889 760 917 tibi
779 889 912 917 librorum
931 897 970 917 usi

1067 897 1093 920 ος
1104 887 1303 922 τεχνογράφου.
1317 885 1379 917 Πῶς
1395 885 1428 912 ἂν
1450 884 1583 919 δυναίμην
1592 881 1659 917 ἐγὼ,
1681 881 1699 916 ἢ
1712 880 1762 916 τῆς
1777 887 1828 915 cpe»

209 940 262 969 est,
281 943 350 971 quas
362 936 501 963 desideres
520 935 660 963 rhetorum
674 935 847 970 scriptiones,
861 936 940 971 cujus
953 944 968 963 a

1067 935 1097 970 ῆς
1108 933 1158 969 τὴν
1177 934 1316 969 ὰπὴχησιν
1329 931 1448 966 τοσούτῳ
1463 929 1647 965 διεστηκότων
1656 927 1828 962 διαστήματι,

212 982 290 1009 tiﬁcis
315 981 476 1009 artiﬁciosas
501 984 631 1009 texturas.
657 979 798 1013 Quomodo
820 985 900 1016 putas
919 988 973 1016 pos:

1072 982 1130 1016 ἑχρι
1154 980 1209 1007 τῶν
1229 980 1284 1007 σῶν
1307 978 1385 1006 ὤτων
1411 975 1641 1013 παρατείνειηεῐ
1669 975 1706 1011 μή
1728 982 1763 1009 με
1785 974 1830 1000 καὶ

210 1035 255 1055 me
269 1027 344 1055 vocis
357 1027 591 1062 repercussionem
607 1032 672 1060 tum,
692 1035 753 1055 cum
767 1031 844 1055 tanto
857 1027 970 1056 interval

1069 1026 1238 1061 τεντορείους
1256 1024 1429 1060 μύθους,.δτι
1455 1024 1492 1060 μὴ
1510 1021 1610 1059 μακρῷ
1638 1020 1830 1056 φθεγγόμενος.

210 1074 296 1101 simus
310 1073 502 1107 disterminati,
521 1073 556 1101 ad
569 1077 631 1101 tuas
645 1080 732 1108 usque
750 1081 832 1101 aures
848 1073 971 1102 derivata

1069 1072 1228 1107 ποκρύπτω,
1244 1071 1325 1100 πάλιν
1338 1070 1462 1106 αἰτιάσῃ.
1479 1069 1495 1105 ἢ
1513 1068 1626 1104 βισλίων
1640 1066 1745 1102 πλῆθος
1758 1066 1830 1101 ἀόρι-

209 1120 373 1154 cxtendere,
386 1119 437 1146 nisi
450 1119 569 1147 fabulam
587 1119 621 1147 de
634 1118 776 1147 Stentorea
790 1127 857 1148 voce
866 1120 970 1155 depone

1071 1128 1123 1151 τον,
1139 1116 1190 1145 ὧδε
1208 1117 1321 1144 κάκεῖσε
1345 1115 1546 1152 διερευνᾶσθαι,
1574 1111 1635 1141 εἶτα
1657 1112 1745 1148 μάτην
1774 1111 1832 1137 δια-

210 1173 255 1193 me
271 1173 350 1200 posse
366 1166 463 1200 putes?
482 1164 596 1199 Deinde,
619 1172 647 1193 et
663 1166 790 1194 incusare
813 1166 908 1199 debes,
928 1175 971 1202 qu<

1072 1165 1181 1201 ἐμπειν.
1207 1164 1240 1190 Ἦ
1255 1163 1310 1199 γὰρ
1322 1163 1419 1197 ἄγνοια
1443 1161 1491 1188 τοῦ
1515 1159 1695 1196 ζητουμένου,
1711 1158 1761 1194 τῆς
1789 1157 1832 1184 τέ-

210 1211 349 1247 ingentem
368 1211 498 1239 librorum
508 1218 636 1239 acervum
655 1211 719 1239 hinc
730 1211 794 1240 inde
804 1212 971 1248 conquisitur

1073 1220 1117 1247 νης
1128 1211 1237 1245 ἁπάσης
1253 1211 1300 1236 καὶ
1320 1209 1376 1236 τῶν
1395 1208 1460 1244 περὶ
1483 1207 1569 1242 αὐτὴν
1583 1205 1632 1236 τὰς
1651 1204 1768 1240 βίϐλους,
1795 1203 1834 1235 είς

213 1264 270 1284 non
285 1258 422 1285 incassum
436 1257 472 1285 ad
495 1262 522 1284 te
542 1257 673 1285 miserim.
692 1257 846 1293 Ignorantia
867 1263 941 1287 certe
961 1267 974 1286 r

1074 1258 1173 1293 νάγκην
1187 1257 1221 1285 ἂν
1235 1256 1327 1292 ἀπῆγε
1347 1255 1527 1290 συναγείρειν.
1548 1253 1618 1280 Ἀλλ’
1628 1253 1653 1279 εί
1674 1252 1724 1288 μὲν
1737 1252 1766 1278 ὲν
1778 1250 1835 1277 τού-

211 1303 342 1337 qumsitm,
362 1302 416 1330 hoc
431 1307 483 1336 est,
500 1310 564 1330 cum
588 1303 675 1338 ipsius
696 1303 775 1335 artis.
789 1308 847 1331 tum
867 1304 972 1332 libroru

1073 1313 1107 1337 at;
1123 1304 1186 1340 ἔσχε
1211 1304 1261 1336 τὰς
1277 1302 1359 1338 γονὰς
1379 1303 1397 1337 ἡ
1417 1300 1553 1337 ἀχθηδὼν,
1565 1299 1651 1332 οὐδὲν,
1666 1296 1689 1326 ὧ
1704 1297 1834 1333 βέλτιστε,

211 1347 246 1376 ad
261 1347 334 1375 illam
353 1348 567 1383 pertinentium,
585 1348 613 1375 in
628 1348 819 1376 necessitatem
838 1350 972 1385 conjeciss

1074 1352 1119 1388 ρδς
1134 1351 1208 1386 ἡμᾶς
1218 1358 1225 1365 ·
1237 1349 1292 1377 εἰδ*
1311 1349 1376 1376 ἄλλο
1388 1348 1416 1375 τί
1433 1348 1508 1381 ἐστι,
1527 1347 1559 1374 σὺ
1574 1346 1603 1373 δέ
1620 1354 1665 1381 μοι
1686 1343 1835 1378 σύγγνωθι.

210 1394 390 1428 conquirendi
420 1394 525 1429 (omnes
555 1393 657 1426 libros,
689 1394 724 1421 de
748 1402 912 1430 quacunque
939 1404 971 1423 ar

1076 1397 1099 1423 ιὶ
1113 1398 1201 1433 χρόνῳ
1214 1395 1324 1432 μακρῷ,
1347 1395 1395 1422 καὶ
1417 1394 1489 1429 νόσῳ
1510 1392 1598 1429 πικρᾷ
1614 1391 1644 1418 τὺ
1655 1391 1766 1427 κρατεῖν
1790 1389 1837 1415 λα-

212 1442 328 1476 scriptos
341 1441 372 1476 :).
387 1440 415 1469 Si
428 1441 507 1468 dolor
524 1441 588 1468 hinc
606 1445 668 1468 tuus
677 1441 842 1469 sortiebatur
855 1442 973 1478 originer

1076 1444 1153 1479 26cm;
1165 1443 1250 1479 λήθης
1262 1441 1416 1478 ἡττηθέντι.
1439 1439 1521 1467 Ἀλλά,
1537 1447 1583 1475 μοι
1601 1438 1709 1474 ἒρῤωσο
1725 1435 1776 1471 τὴν
1787 1434 1837 1470 ψυ-

212 1487 282 1514 nihil
295 1486 339 1514 ille
349 1487 459 1522 quidem
474 1486 508 1514 ad
523 1494 568 1514 me
583 1490 707 1522 spectat;
727 1487 770 1514 sin
783 1487 848 1523 quid
865 1488 901 1516 sit
915 1489 973 1516 aliui

1077 1493 1102 1525 ην
1116 1489 1165 1516 σὺν
1180 1489 1220 1524 τῷ
1235 1488 1352 1523 σώματι,
1372 1486 1420 1514 καὶ
1445 1485 1515 1522 μήτε
1533 1483 1633 1520 ῥᾳδίως
1657 1482 1730 1509 οὕτω
1757 1481 1838 1511 σκιᾶς

213 1537 242 1560 ιιι
268 1533 335 1560 mihi
358 1533 492 1568 ignoscas,
514 1532 635 1560 virorum
657 1533 770 1569 optime.
794 1535 841 1569 qui
869 1539 974 1570 tempor

1077 1535 1205 1572 (θηδόνων
1232 1533 1313 1573 αὐτὸς
1344 1532 1539 1567 διεκπέμπων,
1563 1528 1666 1560 ταύτας
1693 1526 1838 1573 ὑπᾴτρεχε,

212 1578 403 1611 diuturnitate,
421 1583 449 1606 et
468 1578 557 1606 morbi
580 1578 693 1614 insuper
710 1579 869 1613 acerbitate,
886 1580 973 1607 oblivii

1078 1583 1122 1617 ήτε
1139 1579 1215 1616 ζήτει
1229 1579 1295 1615 παρ’
1311 1578 1393 1606 ἄλλου
1409 1577 1499 1612 λύπης
1524 1574 1646 1611 ἐξευρεῖν
1667 1571 1839 1617 ἀπαλλαγὴν,

213 1631 276 1652 nem
288 1624 465 1658 obrepentem
474 1623 605 1658 repellere
612 1623 733 1658 nequivi.
744 1624 797 1652 Sed
809 1624 899 1652 valeas
909 1625 974 1653 aniu

1082 1615 1090 1660 ξ
1101 1628 1152 1655 οὐκ
1164 1615 1224 1654 ἐστι
1240 1626 1290 1662 τὴν
1303 1625 1410 1660 γένεσιν
1419 1624 1510 1660 εὑρεῖν
1520 1619 1651 1665 οὐδαμοῦ,
1663 1618 1722 1647 ἀλλ’
1733 1618 1752 1654 ἣ
1764 1616 1843 1665 παρά

212 1674 294 1704 atque
308 1676 431 1705 corpore,
448 1673 476 1697 et
495 1669 550 1696 noli
569 1674 624 1697 tam
644 1669 724 1697 facile
737 1671 925 1705 gravaminum
940 1679 973 1700 un

1080 1684 1103 1707 ις
1120 1675 1170 1707 σὰς
1195 1674 1246 1710 τῆς
1274 1671 1402 1703 ὑπονοίας
1413 1671 1446 1698 οὺ
1474 1667 1614 1705 γνησίους,
1628 1664 1719 1702 οἶμαι,
1746 1662 1841 1698 γονάς.

214 1715 287 1747 bras,
304 1722 372 1750 quas
390 1714 449 1750 ipse
463 1714 585 1750 projicis,
608 1715 711 1750 subire,
734 1723 787 1744 nec
807 1716 842 1745 ab
858 1717 913 1745 alio
932 1723 1013 1756 quo-'
1056 1722 1192 1758 Ἐρρωσο.

213 1769 295 1796 quam
317 1761 467 1788 allevamen
484 1761 606 1797 requiras
626 1761 728 1790 doloris
750 1762 805 1796 tui,
827 1764 874 1798 qui
899 1765 1001 1796 nullam
1021 1755 1099 1797 alibi-
1111 1755 1228 1797 sortitur
1243 1765 1377 1802 originem
1388 1770 1471 1800 quam
1501 1759 1573 1798 apud
1591 1764 1653 1788 tuas
1671 1755 1846 1792 suspiciones

212 1816 268 1836 non
280 1808 349 1842 illas,
367 1815 418 1844 ego
437 1808 565 1842 arbitror,
578 1808 698 1845 legitime
714 1814 802 1838 natas.
817 1810 894 1840 Vale.

501 1889 613 1918 EPIST.
634 1889 715 1918 XCV.

1358 1889 1471 1917 ΕΠΙΣΤ.
1486 1888 1543 1922 ιιιὲι.

208 1938 323 1966 'Arscm'o
339 1938 466 1964 monacho
478 1941 502 1964 et
516 1936 693 1973 audebantur,
706 1941 847 1972 postquam
858 1938 959 1967 dimissi

1087 1937 1197 1973 ρσενίῳ
1208 1935 1365 1973 pomifera
1376 1933 1615 1973 xqiﬂvvxgatﬁ,
1629 1932 1704 1973 μεζιὰ
1722 1930 1755 1973 τὸ
1769 1932 1848 1973 ἀξιο-

250 1974 325 2000 illum
341 1974 457 2007 fuerant,
472 1973 516 2005 qui
528 1973 569 2002 de.
581 1969 711 2008 Bulgarid
721 1969 840 2008 profecti,
851 1974 934 2001 vitam
949 1983 1006 2001 mo-

1087 1969 1239 2006 ὶγταλῆνὶιι
1264 1971 1351 2008 πρὸς,
1366 1970 1462 1997 αὑτὸν
1481 1970 1553 2003 τοὺς
1579 1969 1615 1996 ἐκ
1653 1969 1848 2002 Βουλγαριάς

249 2006 380 2035 nasticum
395 2008 498 2042 ingredi
513 2006 662 2042 cupiebant.
722 2006 725 2007 ⁷
769 2006 774 2008 ⁷

656 2026 662 2035 .
722 2006 725 2007 ⁷
769 2006 774 2008 ⁷
1093 2007 1256 2042 ζητοῦντας
1273 2006 1417 2042 pardum.

831 2066 966 2092 Montacut.
979 2067 1030 2099 (ep.
1042 2066 1097 2098 236,
1108 2074 1134 2098 p.
1145 2066 1212 2098 557).

252 2120 280 2147 Si
298 2124 364 2147 tunc
377 2126 487 2154 quoque
499 2119 585 2146 oculis
600 2126 661 2155 ego,
681 2119 780 2155 quibus
792 2121 868 2154 olim,
878 2121 1002 2149 videbam

1092 2121 1123 2149 Et
1146 2121 1253 2156 βλέπων
1276 2118 1332 2154 ἐγὼ
1350 2118 1398 2146 καὶ
1412 2118 1475 2146 τότε
1496 2117 1657 2153 ὀφθαλμοῖς,
1686 2116 1734 2144 τοῦ
1759 2116 1850 2144 πάλαι

207 2161 281 2200 ¹(11οε
294 2165 367 2193 enim
387 2164 421 2192 de
444 2172 488 2191 me
507 2164 572 2192 mihi
588 2167 642 2192 tua:
657 2165 754 2193 litterae
767 2166 955 2200 occinuerunt,

1085 2168 1200 2198 ,ἐποντος
1217 2165 1307 2200 (τοῦτο
1320 2164 1376 2201 γάρ
1392 2173 1426 2200 με
1442 2164 1475 2192 τὸ
1490 2163 1537 2191 σὺν
1551 2163 1692 2199 ἁνύμνησε
1707 2163 1846 2199 γράμμα,

216 2211 287 2239 illam
303 2211 413 2246 gratiam
428 2210 620 2245 praedicarunt,
636 2218 718 2245 quam
739 2211 860 2252 alioquin
882 2221 932 2248 ego
945 2221 977 2240 na

1091 2214 1103 2241 λ.
1120 2214 1200 2249 χάριν
1221 2212 1322 2240 ἔδωκεν
1335 2212 1365 2239 ὲν
1375 2211 1475 2247 καιρῷ,
1494 2211 1508 2238 ὃ
1535 2211 1587 2238 οὐκ
1606 2210 1639 2237 ἂν
1654 2210 1743 2242 ἄλλως
1758 2210 1851 2244 ἡδέως

215 2257 332 2284 libenter
352 2255 546 2292 admitterem),
563 2264 618 2283 non
634 2256 756 2286 obscura
770 2266 837 2286 mea:
846 2258 976 2294 ignoranti

1090 2259 1110 2286 δ’
1129 2258 1223 2290 ἁπλῶς
1234 2256 1391 2292 ἐδεξάμην),
1407 2257 1445 2293 μὴ
1458 2256 1533 2283 λάθω
1555 2256 1645 2288 διδοὺς
1668 2255 1781 2290 ἔλεγχον
1795 2255 1851 2290 τῆς

216 2302 414 2330 convictionem
441 2301 535 2329 adero.
559 2301 663 2330 Verum
687 2302 710 2330 si
734 2303 832 2338 quovis
855 2305 937 2332 modo
953 2313 977 2341 et

1092 2303 1175 2331 αυτοῦ
1186 2303 1308 2338 ἀγνοίας.
1323 2302 1394 2330 Ἀλλ’
1409 2303 1434 2329 εἰ
1459 2302 1509 2336 μὲν
1523 2301 1631 2337 βλέπων
1641 2300 1767 2328 ὁπωσοῦν
1778 2301 1851 2335 ἐγὼ,

216 2349 314 2376 videns
331 2355 418 2378 eram.
434 2355 519 2382 quare
539 2347 636 2374 ducem
659 2355 703 2375 me
719 2356 821 2376 caecum
843 2351 975 2378 exhibeba

1092 2350 1116 2383 ἃς
1132 2349 1230 2385 τυφλὸν
1240 2349 1337 2385 ὁδηγὸν
1363 2350 1421 2380 τοῖς
1438 2348 1508 2383 πρὸς
1518 2348 1548 2375 τὸ
1561 2347 1620 2383 φῶς
1636 2347 1686 2382 τῆς
1712 2347 1853 2382 ἀληθείας

216 2395 259 2426 iis,
274 2395 318 2429 qui
335 2394 367 2421 ad
383 2394 471 2421 lucem
486 2393 611 2421 veritatis
625 2393 809 2423 festinabant?
824 2395 882 2423 Non
898 2401 941 2424 est
952 2397 977 2424 b1

1093 2397 1158 2432 ίμην
1171 2395 1394 2431 ἑπειγουμὲνοις;
1407 2394 1444 2421 Ub
1460 2395 1525 2430 γὰρ,
1551 2395 1582 2422 οὺ
1596 2394 1743 2430 βλέποντος
1766 2394 1854 2420 τοῦτο

216 2441 344 2472 videntis,
357 2439 464 2475 opinor,
473 2439 528 2466 imo
538 2440 617 2476 longe
631 2440 715 2473 aliud,
729 2441 794 2474 imo,
808 2442 881 2477 quod
895 2443 977 2478 gravii

1094 2451 1147 2473 νον,
1163 2441 1261 2469 πολλοῦ
1274 2450 1306 2476 γε
1326 2441 1373 2469 καὶ
1389 2441 1431 2468 δεῖ
1442 2449 1449 2456 ·
1467 2441 1536 2468 ἀλλὰ
1548 2440 1637 2468 καὶτὸ
1650 2439 1855 2475 χαλεπώτατον

217 2491 269 2520 cst,
291 2486 323 2514 ad
347 2493 408 2513 eum
428 2490 531 2521 spectat
545 2486 592 2521 qui
608 2491 726 2514 excecat
738 2487 830 2515 videre
841 2489 978 2523 cupientes

1094 2488 1230 2524 ρλοῦντος,
1256 2488 1368 2524 ἑτέρους
1386 2487 1495 2523 βλέπειν
1521 2487 1688 2522 ἑλομένουςυ
1721 2487 1773 2513 καὶ
1788 2486 1855 2514 δια-

217 2538 244 2560 ει
260 2533 340 2569 longo
359 2533 466 2560 tramite
485 2533 612 2560 aberrare
626 2532 692 2560 facit
710 2540 726 2561 a
739 2534 853 2562 veritate
868 2534 939 2568 illos,
959 2543 976 2571 q

1096 2533 1212 2566 ανῶντος
1227 2534 1322 2569 μακρᾷ
1335 2533 1423 2569 τρίὸῳ
1433 2533 1483 2568 τῆς
1496 2532 1615 2564 εὐθείας,
1639 2533 1702 2564 τοὺς
1714 2532 1771 2568 ὅλῳ
1786 2532 1857 2559 ποδὶ

217 2579 299 2607 rectis
314 2579 428 2614 pedibus
451 2579 521 2606 viam
543 2579 653 2606 virtutis
674 2587 799 2615 premere
823 2581 978 2609 volebantm

1097 2580 1181 2607 τιέναι
1203 2580 1305 2615 ταύτην
1322 2579 1516 2615 ὲκζητοῦντας.
1536 2580 1568 2606 Εἰ
1581 2579 1670 2606 τοίνυν
1683 2580 1721 2613 μὴ
1744 2587 1858 2606 παντε-

180 2660 183 2662 _
218 2626 299 2662 igitur
313 2626 429 2660 hymnus
441 2633 496 2652 non
510 2625 621 2653 omnino
634 2626 800 2654 insomnium
818 2627 864 2659 sit,
875 2632 903 2655 et
915 2635 941 2655 sc

1097 2629 1134 2659 ςὸ
1157 2627 1241 2662 ὕμνος
1265 2627 1386 2662 ὄνειρος,
1411 2625 1458 2653 καὶ
1476 2626 1563 2661 δῶρον
1590 2625 1693 2660 σκηνῆς
1718 2624 1858 2660 βλέποντι

219 2680 282 2699 cum
298 2669 401 2699 videnti
417 2671 530 2705 donum,
553 2679 604 2706 ego
627 2671 688 2699 illos
711 2672 932 2706 contradicerim,
957 2681 980 2709 qi

1099 2672 1218 2708 ρεθέμην
1241 2671 1297 2706 ὲγὼ
1312 2673 1375 2703 τοὺς
1401 2671 1586 2709 χειραγωγίας
1607 2671 1771 2705 δεομένους
1805 2670 1859 2697 καὶ

220 2717 433 2747 manuductione
448 2717 619 2753 indigebant;
634 2721 663 2745 et
687 2718 710 2746 si
732 2719 867 2746 sententia
887 2707 981 2754 proces

1097 2707 1175 2750 ieram;
1195 2716 1229 2754 ἦν
1243 2718 1393 2745 ἀδεκάστου
1406 2707 1507 2753 quae“,
1523 2718 1570 2744 καὶ
1584 2717 1697 2753 γνώμης
1712 2716 1855 2752 εὐθύτης.

219 2764 254 2791 ab
272 2765 428 2798 incorrupto
445 2762 558 2798 judicio,
577 2763 599 2789 si
620 2763 742 2791 animum
772 2764 905 2799 dirigebat
925 2769 980 2792 rect

1099 2766 1115 2791 ι’
1128 2765 1158 2791 οὐ
1173 2764 1292 2800 στοργῆς
1306 2765 1356 2800 τὴν
1369 2764 1449 2799 δίκην
1464 2764 1642 2799 διαγελώσης,
1658 2763 1720 2790 οὐδὲ
1739 2763 1860 2797 σπλάγ-

222 2809 297 2841 tudo,
319 2813 415 2836 etnon
429 2816 515 2841 amor,
531 2809 573 2835 cui
588 2809 706 2836 ludibrio
724 2809 829 2844 iustitia
845 2810 978 2837 habebam

1101 2820 1139 2843 ιιν,
1154 2811 1194 2846 τῷ
1207 2811 1311 2846 φίλτρῳ
1323 2810 1376 2837 τῶν
1392 2811 1505 2845 τέκνων,
1532 2813 1571 2843 εἰς
1586 2810 1743 2846 παράλογον
1759 2817 1862 2845 προσ-

223 2863 273 2883 ncc
283 2863 298 2882 a
310 2855 460 2883 visceribus
473 2863 520 2891 per
530 2856 725 2892 indulgentiam
737 2856 846 2885 ﬁlialem
857 2857 884 2885 in
894 2857 984 2886 affectt

1100 2857 1174 2885 Βειαν
1199 2857 1393 2893 διαχεομένων,
1414 2857 1445 2885 τὸ
1457 2859 1490 2894 τῇ
1506 2859 1539 2894 σῇ
1549 2857 1698 2893 τελειότητι
1714 2857 1782 2889 τοὺς
1800 2857 1861 2884 ἇν-
