1928 3097
152 133 200 164 905

723 129 996 161 EPISTOLABUM
1012 129 1127 159 LIBER
1144 130 1187 159 II.

1714 128 1767 161 906

150 189 211 223 δρας
227 185 411 223 παραπέμψαι
430 184 454 211 ι.
470 183 575 212 Οὐκοῦν
587 184 693 221 ἐρρέτω
712 184 742 210 τὸ
756 183 823 218 παρ’
839 181 931 215 ἀξίαν,

990 181 1157 209 τηιίοοοιος
1179 180 1297 214 diffusis,
1311 185 1365 209 ture
1382 180 1512 208 absolutae
1535 179 1696 216 perfectioni
1717 181 1767 209 ho-

151 233 195 261 καὶ
208 232 239 259 τδ
251 232 344 266 θαῦμα
364 230 452 265 φυγδν
476 230 506 257 τὸ
528 229 634 265 θαῦμαο
662 229 779 264 γινέσθω
794 229 848 255 τῶν
867 237 929 255 συν-

151 279 220 314 ήθων
241 279 293 311 τὴν
309 279 337 304 ὲν
357 277 474 312 πράξεσι
500 275 660 311 πρέπουσαν
689 274 929 310 μεθαρμοζόμενῡν

150 324 318 355 ἀκολουθίαν,
347 323 394 349 καὶ
415 323 496 358 ἡμεῖς
524 322 601 349 οὐδὲν
620 323 654 357 τῇ
684 323 717 357 σῇ
742 320 930 357 κεχαρίσμεθα

152 368 342 404 μακαριότητι,
357 368 412 395 τῶν
426 368 467 399 εἰς
481 367 614 402 ἔκπληξιν
631 367 753 402 ἀγόντων
765 375 773 382 ·
789 366 848 393 ἀλλ’
869 366 930 393 οὐδὲ

150 414 201 441 τῶν
213 414 260 440 ἐπὶ
277 414 308 441 τὸ
323 414 433 450 μέτριον
456 414 660 442 διαὸαινόντων.
677 413 766 448 Χάριν
782 413 811 440 δὲ
831 413 931 448 μᾶλλον

150 461 196 495 τὴν
208 460 249 487 ὅτι
265 459 383 495 μάλιστα
397 459 600 494 ἀπειλήφαμεν,
617 459 646 486 ὲν
659 457 700 491 οἷς
716 458 832 494 ἔσχομεν
854 458 932 485 ἀδελ-

150 506 224 541 φοὺς,
238 506 301 541 ἄρτι
317 507 368 541 τῆς
382 506 411 532 ἰν
426 505 476 540 βίῳ
485 505 569 540 ζάλης
583 504 802 540 ὑποχωροῦντας,
816 504 933 540 ἡσυχίας

150 551 195 579 καὶ
210 551 356 587 φιλοσόφου
375 551 449 587 ζωῆς
467 551 512 579 διὰ
528 551 576 578 σοῦ
602 551 693 586 λιμένι
716 551 932 587 ὲγκαθορμίσαι·

149 597 221 632 ἡμᾶς
234 597 263 623 δὲ
276 597 353 628 νόσος
370 596 448 632 ἔσχεν
463 597 532 632 (εῐγε
550 597 604 633 χρὴ
616 597 720 631 ταύτην
739 597 816 624 νόσον
829 597 932 630 καλεῖν,

150 643 215 670 ἀλλὰ
230 643 267 679 μὴ
281 642 395 670 θανάτου
413 643 548 678 πρόθυρα)
565 643 638 676 ὀξεῖα
655 644 702 670 καὶ⁸
714 643 932 679 ἀπροσδόκητος·

151 687 218 715 ἀλλὰ
230 689 290 720 ταῖς
305 688 381 723 ὑμῶν
396 688 488 724 εὐχαῖς
500 689 551 723 τῆς
578 688 695 724 σφοδρᾶς
720 688 821 724 ἀνῆκεν
840 688 935 715 ἐπιθέ-

152 741 230 766 σεως,
241 733 308 760 Θεοῦ
317 734 398 761 πάλιν
408 734 511 762 ἄνωθεν
521 735 586 770 ἡμῖν
594 735 645 770 τὴν
653 734 737 770 ζωὴν,
748 735 794 761 ἐπὶ
806 734 935 770 μετανοίᾳ

153 779 225 811 ἴσως,
244 779 315 806 ὁκαὶ
328 779 442 814 γένοιτο,
459 779 674 812 κατανεύσαντος
686 788 694 796 ⁸
711 781 758 808 καὶ
778 780 870 807 λοιπὸν
885 781 935 815 ήδη

151 824 251 860 ζῶμεν,
265 825 289 852 εί
301 826 348 853 καὶ
360 826 395 853 τὰ
408 825 521 862 λείψανα
534 826 581 854 τοῦ
601 826 703 859 πάθους
724 826 764 854 ἑτι
781 826 938 862 παραλυπεί

151 870 181 897 τὸ
191 872 338 906 σωμάτιον.

433 1013 547 1040 ΕΠΙΣΤ.
567 1013 634 1047 ιιςν.

301 1057 460 1093 Νικηφόρῳ
472 1059 631 1093 φιλοσόφῳ
646 1057 780 1093 μοναχῷ.

981 226 1069 253 mines
1092 226 1288 254 transmittere.
1318 227 1367 253 Eat
1385 226 1465 261 igitur
1488 233 1542 261 quo
1561 226 1628 253 velit
1651 226 1677 253 id
1696 227 1769 261 quod

983 276 1080 306 praeter
1104 272 1263 307 dignitatem
1287 272 1406 304 accidit,
1429 276 1456 299 et
1485 271 1631 299 admiratio
1658 271 1766 308 fugiens

982 318 1198 346 admirationem.
1213 318 1274 346 Fiat
1305 317 1406 352 aliquid
1430 317 1550 351 solitum,
1573 324 1628 352 quo
1649 317 1770 345 imitetur

983 366 1121 393 actionum
1137 373 1257 401 congrua
1279 365 1485 399 consequentia,
1504 369 1558 392 tuae
1574 363 1696 392 beatitati
1719 371 1770 391 nos

983 411 1052 439 nihil
1077 411 1272 444 condonamus,
1294 411 1367 447 quod
1391 411 1477 446 possit
1496 410 1530 437 ad
1554 414 1693 445 stuporem
1718 409 1771 436 im-

984 457 1097 493 pellere,
1120 462 1168 485 aut
1193 458 1265 492 quod
1288 457 1401 484 excedat
1428 455 1651 484 moderationem.
1678 455 1772 482 Potius

985 503 1168 538 gratissimum
1187 502 1266 529 nobis
1283 506 1335 534 est,
1352 501 1423 536 quod
1436 500 1570 535 ejusmodi
1584 499 1696 527 allectos
1718 499 1773 526 fra-

986 552 1042 575 tres
1056 548 1214 580 habeamus,
1228 548 1274 583 qui
1288 547 1323 575 de
1338 546 1466 574 ﬂuctibus
1479 546 1558 573 istius
1572 546 1635 574 vitae
1649 552 1771 572 emerse-

986 597 1069 625 runt,
1086 597 1114 620 et
1134 600 1183 628 per
1201 596 1228 620 te
1250 593 1364 628 cupiunt
1389 592 1417 619 in
1436 597 1545 628 portum
1573 591 1775 626 tranquillitatis

987 643 1015 666 et
1028 638 1091 666 vitae
1105 638 1298 674 philosophica
1313 639 1421 666 deduci.
1443 638 1485 666 Me
1503 637 1614 665 morbus
1626 637 1720 664 habuit
1740 636 1775 670 (si

987 685 1113 712 morbum
1136 689 1239 718 tamen,
1260 689 1289 712 et
1307 692 1362 712 non
1383 684 1479 712 mortis
1501 684 1592 720 potius
1611 682 1774 711 vestibulum

988 729 1080 758 dicere
1101 730 1225 765 debeam)
1241 735 1335 758 acutus
1360 734 1387 757 et
1412 730 1625 765 inexspectatus.
1649 728 1702 756 Sed
1725 736 1774 764 per

990 781 1095 803 vestras
1108 783 1214 811 preces,
1228 776 1262 804 de
1283 776 1430 804 acerbitate
1449 776 1548 811 aliquid
1570 775 1692 807 remisit;
1719 774 1775 802 Deo

988 822 1098 849 demum
1116 822 1149 849 de
1169 822 1239 850 creto
1259 822 1326 849 mihi
1340 822 1422 849 vitam
1442 822 1476 849 ad
1489 821 1687 857 paenitentiam,
1703 820 1776 855 quod

986 869 1136 903 optaverim
1150 868 1262 902 factum,
1279 873 1430 897 annuente.
1453 868 1586 902 Quocirca
1598 867 1714 895 vivimus
1725 867 1775 894 ad-

987 914 1052 948 huc,
1075 915 1140 942 licet
1166 914 1235 942 mihi
1258 915 1450 950 corpusculum
1475 914 1597 950 reliquiae
1616 913 1688 941 illius
1712 912 1776 940 mali

988 961 1059 988 male
1073 961 1193 988 habeant
1210 959 1349 988 allectum.

1268 1015 1376 1043 EPIST.
1401 1014 1494 1042 XCVI.

1150 1061 1299 1096 Nicephoro
1317 1061 1469 1096 philosopha
1483 1061 1617 1088 monacho.

756 1117 890 1142 Montacul.
903 1118 955 1149 (ep.
966 1117 1021 1148 237,
1032 1125 1058 1150 p.
1067 1118 1135 1150 558).

189 1168 389 1204 ’Δμηχανοῦντί
405 1178 449 1205 μοι
478 1169 527 1197 καὶ
553 1170 743 1206 ἀπορουμένῳ,
770 1171 818 1197 καὶ
834 1170 935 1206 ἀσχάλ-

1020 1170 1141 1198 Ilaarenti
1167 1171 1233 1198 mihi
1258 1171 1358 1203 dubio,
1378 1175 1407 1198 et
1434 1169 1569 1198 vacillanti
1592 1169 1626 1197 de
1652 1177 1774 1196 mearum

149 1215 220 1242 λοντι
237 1215 349 1251 περὶτὰ
371 1216 433 1243 κατ’
449 1216 642 1253 ἐμαυτὸν(ἐμὰ
659 1217 713 1252 γὰρ
738 1217 772 1244 τὰ
794 1217 842 1244 τοῦ
866 1217 935 1253 ἐμοῦ

990 1224 1075 1244 rerum
1095 1221 1166 1244 statu
1187 1220 1257 1252 (mea
1272 1217 1344 1245 enim
1359 1221 1434 1249 sunt,
1444 1215 1525 1243 velim
1540 1215 1635 1248 nolim,
1650 1222 1711 1250 quae
1723 1214 1777 1242 mei

150 1261 274 1297 αἵματος,
290 1262 343 1288 κᾶν
359 1262 396 1297 μὴ
411 1262 503 1297 θέλω),
521 1263 567 1290 καὶ
591 1263 642 1290 ὅσα
663 1263 737 1297 πάθη
753 1264 859 1299 συνέχει
874 1264 936 1296 τοὺς

990 1263 1124 1299 sanguinis
1139 1263 1224 1298 sunt),
1242 1266 1270 1290 et
1291 1265 1357 1297 quot
1379 1261 1458 1288 malis
1472 1260 1552 1288 amici
1576 1263 1775 1296 premerentur,

150 1306 242 1341 φίλους
256 1327 262 1337 ,
280 1306 453 1343 παραμύθιον
462 1304 530 1344 ἦκεν
543 1310 550 1340 ί
554 1306 623 1341 εἶδες
641 1308 733 1344 καινὰ)
746 1310 778 1336 ὲκ
791 1309 936 1345 συμφορῶν

990 1309 1062 1336 venit
1076 1309 1203 1336 solatium
1226 1308 1299 1344 (vide
1319 1308 1357 1335 rei
1373 1307 1532 1341 novitatem)
1548 1314 1564 1333 a
1583 1305 1778 1341 multiplicibus

150 1351 326 1386 πολυτρόπων
350 1354 502 1389 ἠρτημένον
516 1354 603 1388 φίλου.
627 1354 702 1381 Ἐλθὲ
717 1355 749 1391 δὴ
766 1354 823 1388 οὖν,
844 1355 936 1391 ὥσπερ

990 1355 1041 1382 illis
1066 1355 1144 1382 malis
1168 1355 1267 1390 quibus
1286 1354 1389 1382 amicus
1411 1353 1559 1388 urgebatur
1579 1361 1585 1379 :
1603 1352 1665 1379 veni
1687 1357 1777 1379 autem

150 1398 267 1434 ᾔτησας·
284 1398 345 1425 ἐλθὲ
359 1400 408 1435 τὴν
423 1400 553 1436 ταχίστην
565 1409 572 1417 ·
587 1401 615 1428 ἐν
632 1401 710 1436 μέρει
736 1401 785 1437 μὲν
801 1402 865 1433 (sui;
875 1401 936 1436 (σὺν

990 1401 1066 1435 iuxta
1081 1400 1152 1435 quod
1168 1400 1324 1435 expetebas.
1339 1404 1366 1427 et
1378 1400 1520 1427 celerrime
1532 1398 1641 1433 quidem
1657 1397 1719 1425 veni
1744 1397 1778 1424 ad

149 1443 209 1478 Θεῷ
222 1444 250 1470 δὲ
264 1444 357 1480 φάναι)
370 1446 419 1480 τὴν
433 1446 592 1481 ἀπαλλαγὴν
608 1447 733 1482 εὑρήσων
744 1447 797 1474 τῶν
812 1447 936 1483 παραλυ-

150 1490 288 1517 πούντων·
312 1492 342 1518 ὲν
361 1492 439 1528 μέρει
455 1492 483 1519 δὲ
503 1493 551 1520 καὶ
563 1493 638 1528 ἡμᾶς
664 1495 697 1529 τῇ
708 1494 774 1530 φίλῃ
800 1494 936 1530 παρουσίᾳ

149 1536 200 1571 τῆς
211 1536 380 1565 πολυωδύνου
393 1537 529 1573 κουφίζων
539 1538 667 1574 ἀθυμίας.

453 1640 564 1667 ΕΠΙΣΤ.
586 1642 642 1674 ιιΖκ

467 1684 511 1718 Τῷ
534 1686 624 1719 αὐτῷ.

994 1451 1085 1482 partes
1101 1446 1274 1478 inventurus,
1289 1446 1396 1474 favente
1408 1446 1474 1478 Deo,
1488 1445 1676 1472 liberationem
1697 1443 1731 1470 ab
1745 1442 1778 1470 iis

989 1501 1049 1528 quae
1068 1500 1185 1521 maerore
1207 1497 1233 1520 te
1245 1492 1366 1520 alliciunt
1379 1500 1385 1517 ε
1401 1491 1462 1519 veni
1477 1491 1558 1519 etiam
1575 1491 1602 1518 in
1616 1494 1706 1525 partes
1716 1489 1779 1516 alle-

988 1538 1079 1566 viandi
1106 1546 1154 1573 per
1175 1538 1290 1566 amicam
1308 1542 1381 1566 tuam
1398 1537 1569 1573 praesentiam
1591 1535 1778 1564 multimodam

990 1585 1059 1612 tristi
1064 1585 1139 1612 tiam.

1266 1641 1374 1669 EPIST.
1395 1641 1500 1669 XCVII.

1335 1687 1438 1715 Eidem.

767 1746 902 1772 Montacut.
920 1746 972 1779 (ep.
988 1746 1043 1777 258,
1059 1753 1084 1777 p.
1102 1746 1169 1777 559).

192 1796 222 1822 '0
234 1795 285 1831 μὲν
303 1795 409 1831 χειμὼν
420 1795 554 1830 ἐγεγόνει,
565 1798 612 1824 καὶ
626 1798 676 1832 τὴν
697 1800 834 1834 χειμέριον
852 1800 935 1835 ὤραν,

149 1841 247 1875 ὥσπερ
260 1841 396 1877 ἐπιτηδὲς.
411 1842 462 1873 τὰς
474 1842 524 1874 σὰς
540 1845 760 1878 προαναστέλλων
770 1846 822 1880 τῆς
839 1846 938 1881 βραδύ-

149 1895 232 1922 τητος
245 1886 344 1919 αίτίας,
361 1887 415 1922 ἀὴρ
429 1886 517 1919 εὔδιος
528 1888 682 1924 ὑπεδέχετο.
697 1891 752 1916 Καὶ
767 1891 869 1925 χειμὼν
886 1891 938 1919 πά-

149 1933 194 1960 λιν
207 1933 268 1959 καθ’
284 1933 363 1968 ἡμῶν
374 1934 475 1967 πολλὰς
489 1935 603 1969 νιφάδας
615 1935 754 1971 λογισμῶν
767 1937 859 1971 ἀφιεὶς
873 1946 939 1965 κατ-

150 1978 316 2014 ερρήγνυτο.
330 1977 362 2004 Τί
378 1979 406 2005 δὲ
419 1979 514 2013 γέγονε
524 1989 531 2014 ;
543 1980 580 2015 μή
593 1989 620 2007 τι
630 1981 685 2007 τῶν
696 1981 836 2016 ἀδοκήτων
849 1983 940 2018 ἀπήν-

149 2031 234 2058 mas;
254 2024 319 2058 μήτι
332 2023 430 2059 συνέϐη
445 2024 496 2051 τῶν
511 2025 738 2060 μολυσμάτων“;
765 2027 819 2063 ἄρα
836 2029 864 2055 δὲ
876 2029 939 2064 Θερ-

153 2068 207 2103 μὴν
221 2068 291 2094 οὕτω
302 2068 370 2103 πρὸς
380 2069 429 2104 τὴν
440 2070 531 2097 ἄνοδον
542 2070 641 2106 ὁρμὴν,
650 2071 713 2098 ἄνευ
726 2073 846 2109 μεγάλης
855 2074 940 2108 ἀνάγ·
955 2065 977 2092 D

150 2121 215 2147 κης,
230 2113 292 2146 ὲνῆν
303 2114 448 2148 ἡσυχάσαι.
463 2114 607 2147 Τοιαὺταις
622 2117 702 2151 ἡμεῖς
715 2117 740 2143 οἱ
755 2117 806 2143 ὑπὺ
823 2119 872 2153 τῆς
891 2119 938 2144 εὑ-

150 2157 213 2188 Bia;
225 2157 477 2193 ἑκκλυδωνιζόμεθα
487 2161 636 2194 φροντίσιν.
657 2162 687 2188 'O
703 2162 757 2198 γὰρ
769 2162 878 2198 τρόπος,
889 2163 940 2190 οὐκ

150 2200 200 2228 οἶδ’
215 2202 287 2233 ὅθεν,
304 2203 368 2238 ὑμῖν
383 2204 550 2239 παρακύψας
569 2210 594 2238 ιι,
609 2206 679 2242 τάχα
692 2207 720 2233 δὲ
737 2208 769 2234 ὲκ
790 2210 840 2243 τῆς
860 2218 940 2244 ποιη-

149 2247 232 2281 τικῆς
249 2247 404 2282 ὲντρεχείας
415 2256 423 2264 ·
439 2250 597 2284 συνεφεῖλκε
609 2252 664 2287 γὰρ
679 2252 754 2288 αὐτῷ
764 2255 812 2280 καὶ
833 2255 940 2289 στίχους

150 2292 204 2326 τῆς
218 2292 322 2319 ἐκεῖθεν
333 2293 534 2329 πεποιημένους
550 2296 650 2328 ἀδείας,
666 2297 760 2333 ὥσπερ
774 2299 940 2335 ἐπιγαυρού-

153 2345 235 2372 μενος
245 2337 284 2372 τῷ
305 2337 390 2372 γένει,
406 2340 453 2366 καὶ
474 2340 628 2373 ἐπιδεικνὺς
653 2343 718 2378 ἡμῖν
732 2344 764 2370 τὸ
780 2345 938 2380 αὐτόνομον.

159 2382 231 2408 Ἀλλ’
246 2381 294 2409 οὖν
310 2380 388 2416 οὗτος
415 2384 491 2412 οὔπω
505 2387 562 2418 τοῖς
578 2387 771 2424 ἀγροικότερον
784 2389 849 2422 ἴσως
861 2391 939 2426 ἡμῖν,

150 2428 221 2462 πρὸς
233 2429 267 2456 τὰ
279 2429 393 2456 τοιαῦτα
411 2430 523 2466 βιοῦσιν,
540 2432 664 2468 οὐδαμῶς
687 2435 843 2470 παρρησίαν
862 2436 940 2472 ἔσχεν

150 2474 316 2501 ἐπεισιέναι·
332 2476 425 2511 σχῆμα
444 2478 606 2512 προφάσεως
626 2479 784 2515 ὑποτρέχων
807 2482 938 2518 μᾶλλονῆ

149 2520 244 2547 αἰτίαν
255 2520 324 2556 ἔχων
336 2521 416 2548 πόθεν
429 2523 598 2558 ἐμφανίζειν.
612 2526 667 2552 Καὶ
680 2525 758 2562 οὔπω
771 2527 852 2562 λέγω,
865 2529 903 2560 ὡς
916 2530 940 2556 εί

151 2565 206 2601 μὲν
220 2566 234 2592 ὁ
248 2565 351 2601 χειμὼν
366 2567 480 2602 ἀπεῖργε
490 2577 498 2584 ·
527 2570 654 2604 περιττὸν
677 2572 691 2598 ὁ
705 2572 805 2607 τρόπος
815 2582 822 2588 ·
849 2575 874 2600 εί
888 2574 911 2600 δ’
927 2576 942 2601 ὁ

146 2611 203 2646 τῆς
218 2611 312 2638 ἀνόδου
328 2613 438 2648 τρόπος,
449 2615 498 2641 οὐκ
508 2614 556 2642 οἶδ’
575 2616 649 2648 ὅπως
662 2618 853 2653 ἀγνοούμενος,
867 2622 941 2648 ἐπεῖ-

147 2666 195 2692 χε,
211 2657 388 2693 παρέλκουσα
404 2659 541 2695 πρόφασις
555 2662 571 2697 ἡ
588 2663 634 2689 τοῦ
659 2665 792 2700 χειμῶνος
806 2666 851 2701 βία
862 2675 869 2682 ·
885 2668 940 2694 οὐδ’

144 2705 193 2731 ὅτι
205 2702 276 2737 μετὰ
290 2702 391 2735 πολλὰς
404 2704 521 2740 ἡμέρας,
535 2707 583 2734 καὶ
597 2708 720 2744 περίοδον
740 2709 811 2737 οὕτω
831 2713 940 2746 μακρᾶς

1029 1799 1149 1827 Transiit
1167 1798 1265 1831 hiems,
1286 1803 1314 1827 et
1336 1799 1478 1826 hibernam
1502 1802 1688 1833 tempestatem
1705 1798 1778 1826 illam

992 1847 1140 1875 admodum
1157 1855 1278 1882 congrue
1296 1851 1349 1874 tua:
1360 1847 1493 1875 tarditatis
1507 1854 1603 1875 causas
1616 1847 1776 1880 discutiens,

990 1895 1090 1923 sudum
1117 1894 1215 1922 coelum
1241 1899 1363 1921 secutum
1378 1898 1430 1920 est.
1458 1893 1561 1921 liursus
1572 1898 1662 1921 tamen
1678 1894 1706 1920 in
1728 1901 1778 1921 nos

991 1941 1079 1968 hiems
1108 1940 1302 1976 cogitationum
1319 1939 1397 1967 nives
1416 1945 1443 1968 et
1460 1940 1561 1967 imbres
1579 1939 1691 1967 immisit
1716 1947 1777 1968 cum

992 1985 1109 2022 fragore.
1126 1985 1196 2019 Quid
1219 1990 1310 2013 autem
1326 1986 1425 2013 factum
1439 1986 1451 2013 ?
1466 1985 1535 2013 Num
1553 1986 1653 2021 aliquid
1681 1986 1779 2014 accidit

993 2031 1184 2067 insperatum?
1197 2039 1262 2059 num
1274 2031 1520 2067 impedimentum?
1534 2040 1598 2059 num
1613 2032 1671 2059 sine
1683 2040 1778 2068 magna

991 2076 1155 2104 necessitate
1179 2076 1268 2111 aliqua
1285 2077 1427 2111 quiescere
1452 2077 1540 2112 potuit
1555 2081 1646 2104 tantus
1657 2077 1703 2104 ille
1729 2079 1779 2105 im-

991 2125 1070 2156 petus
1081 2125 1162 2156 atque
1177 2121 1258 2149 ardor
1273 2121 1307 2149 ad
1322 2129 1474 2156 regressum
1488 2121 1500 2148 ?
1513 2120 1622 2149 Talibus
1641 2130 1690 2149 nos
1705 2122 1779 2150 curis

989 2171 1018 2194 et
1043 2167 1237 2202 cogitationum
1252 2167 1468 2202 tempestatibus,
1493 2167 1574 2194 etiam
1599 2175 1661 2194 cum
1678 2167 1778 2195 sudum

992 2217 1062 2245 erat,
1074 2213 1253 2248 jactabamur.
1276 2213 1370 2241 Modus
1385 2213 1468 2244 enim,
1484 2213 1577 2240 nescio
1591 2213 1672 2245 unde,
1686 2220 1716 2240 se
1731 2221 1778 2240 vo-

991 2257 1034 2285 bis
1048 2265 1097 2293 per
1109 2259 1277 2294 crepidinem
1291 2258 1448 2292 ostentavit,
1465 2258 1589 2286 fortassis
1611 2259 1645 2286 ab
1661 2259 1778 2286 assidui-

991 2308 1046 2331 tate
1072 2305 1199 2340 poetica;
1216 2312 1270 2332 una
1296 2304 1368 2332 enim
1393 2311 1485 2331 secum
1507 2305 1660 2332 attrahebat
1683 2313 1777 2333 versus

991 2350 1122 2385 quosdam
1147 2350 1264 2378 licentiae.
1282 2350 1356 2384 apud
1369 2355 1463 2385 poetas
1478 2355 1624 2386 usurpatm,
1640 2351 1717 2386 quasi
1731 2359 1777 2386 ge-

991 2396 1065 2422 neris
1094 2396 1212 2423 elatione
1225 2399 1344 2426 tumens.
1362 2399 1389 2422 et
1408 2395 1488 2423 nobis
1502 2396 1645 2424 ostendere
1672 2397 1776 2430 volens,

992 2447 1073 2474 quam
1088 2440 1124 2467 sit
1138 2440 1208 2475 juris
1222 2440 1263 2467 sui
1290 2445 1317 2467 et
1345 2441 1497 2475 potestatis.
1512 2441 1704 2469 Verumtamen
1728 2443 1780 2470 iste

991 2486 1090 2513 modus
1120 2486 1239 2514 nondum
1256 2486 1322 2513 satis
1339 2486 1471 2514 libertatis
1496 2492 1591 2515 nactus
1605 2492 1656 2521 est,
1671 2488 1705 2516 ad
1729 2497 1779 2517 nos

991 2531 1160 2567 ingrediendi
1175 2532 1230 2567 (qui
1241 2532 1326 2568 magis
1342 2533 1433 2560 rustici
1446 2533 1529 2561 moris
1540 2534 1644 2569 sumus)
1660 2536 1777 2570 speciem

992 2578 1137 2613 quamdam
1164 2583 1311 2613 prmtextus
1328 2579 1419 2614 potius
1438 2580 1559 2613 subiens,
1580 2589 1661 2616 quam
1687 2590 1776 2608 veram

992 2631 1099 2651 causam
1115 2624 1228 2657 habens,
1244 2625 1317 2652 unde
1333 2625 1534 2653 manifestetur.
1552 2625 1678 2654 Nondum
1696 2627 1776 2660 addo,

991 2670 1063 2705 quod
1083 2670 1105 2697 si
1120 2671 1260 2705 prohibuit
1276 2672 1372 2704 hiems,
1385 2671 1485 2700 frustra
1496 2677 1537 2700 est
1550 2673 1589 2700 rei
1603 2673 1700 2700 modus
1716 2673 1776 2706 ;sin

994 2716 1135 2751 ignoratus
1147 2721 1237 2746 autem
1248 2717 1416 2753 regrediendi
1427 2719 1526 2747 modus
1537 2719 1665 2753 inhibuit,
1678 2719 1776 2747 hiemis

805 2788 922 2817 VAllllE
941 2790 1143 2822 LECTIONES.

188 2839 198 2859 ι
217 2839 258 2867 la.
276 2841 504 2878 παραπέμψαιμι.
544 2849 563 2863 ω
583 2844 626 2872 ῐσ.
643 2845 824 2881 κωλυμάτων.
862 2849 875 2864 ¹¹
887 2846 929 2873 ίσ.
952 2848 1105 2885 παρέκυψε,

273 2886 408 2918 Parant.
432 2891 490 2920 Gn.
512 2889 575 2921 Cll.

1534 2902 1574 2933 29
