1928 3097
189 183 243 214 907

765 182 894 213 PHOTII
915 183 970 212 ΡΑἿ

1026 182 1166 212 ἶΑΒΕΗᾸΕ
1185 182 1239 212 CP.
1752 185 1794 216 908

193 241 236 267 illa
252 239 293 267 vis
311 243 456 274 pra’tcxtus
467 244 510 265 est
531 244 714 272 supervacuus
731 246 737 264 τ
756 245 810 264 non
824 238 895 272 quod
919 246 965 272 pos

1029 237 1208 273 προθεσμίας,
1220 239 1237 273 ἡ
1253 237 1300 264 τοῦ
1319 238 1419 273 τρόπου
1433 239 1550 275 μάθησις
1570 239 1617 266 νῦν
1631 239 1794 275 ὲπιζητεῖται.

192 285 293 313 multos
315 285 373 312 dies
385 289 412 311 et
426 283 568 319 periodum
592 288 645 310 tam
668 283 739 319 longi
752 283 881 318 propositi
904 283 976 310 modi

192 331 310 366 cognitio
322 330 378 364 jam
397 329 504 356 tandem
519 329 673 364 inquiritur.
696 329 749 356 Sed
766 329 827 362 hoc,
848 329 888 356 uti
900 329 976 356 dixe-

192 385 251 405 ram
266 375 383 409 omitto;
411 382 472 401 cum
485 374 540 408 jam
554 374 701 416 cessaverit
717 374 812 407 hiems,
828 379 855 402 et
878 375 976 402 caelum

192 424 290 452 sudum
305 422 377 449 diem
392 421 505 448 ridendo
529 421 694 448 serenaverit
710 429 717 453 ;
738 429 870 456 nusquam
886 426 976 449 tamen

192 472 331 504 comparet
358 467 471 500 amicus,
487 472 515 494 et
544 467 604 494 ideo
621 467 780 494 obnubilum
797 471 825 494 ct
850 467 977 494 tetricum

192 523 286 542 rursus
301 515 361 550 ejus
376 513 480 541 vultum
495 512 568 540 facit.
586 512 619 540 Et
636 516 727 540 tamen
743 513 766 540 si
782 520 796 540 a
814 520 894 540 scena
912 520 976 547 pro-

192 561 311 597 spexerit
325 560 459 595 apologia,
471 564 497 587 et
514 560 661 595 praeclarus
672 559 716 586 ille
731 567 789 587 mos
802 566 830 586 se
843 566 898 586 una
913 566 976 586 cum

188 611 353 642 tempestate
378 606 526 633 choreuten
540 605 637 640 prodat
651 613 658 637 ;
681 604 748 631 mihi
759 604 908 639 jucundum
923 608 975 635 est,

191 654 213 680 si
228 653 266 680 sic
281 653 325 680 vel
347 652 375 678 in
391 659 471 679 scena
482 656 573 687 agant.
598 651 666 678 Cum
687 652 760 678 enim
779 656 852 678 esset
882 651 975 686 procul

191 698 274 726 dubio
289 698 371 729 aliud,
387 698 460 732 quod
476 697 598 730 doleret,
614 702 640 724 et
659 697 804 724 adventum
816 701 907 731 posset
927 695 976 723 de-

189 745 290 776 tinere,
317 751 366 778 per
380 743 543 770 amotionem
564 751 579 770 a
599 743 695 778 seipsis
710 743 781 770 illius
791 750 893 775 causae,
907 741 974 769 Iibe-

190 789 323 815 rationem
342 792 370 815 et
384 788 583 823 exemptionem
596 787 736 815 indicavit.
747 787 879 815 Gaudium
894 794 974 822 porro

191 834 308 868 gaudere
320 834 455 860 sincerum
470 841 486 860 e
505 833 604 861 litteris
617 833 710 860 datum
725 838 766 860 est
774 833 821 866 iis,
837 833 882 868 qui
901 839 916 860 e
931 833 974 860 lit-

192 878 258 905 teris
269 878 321 906 tuis
336 878 494 911 resciscunt,
504 883 530 905 te
542 878 700 905 meliuscule
710 880 744 905 de
756 878 850 905 morbo
862 878 972 908 habere,

191 931 206 949 a
222 929 276 957 quo
290 923 406 956 optarim
423 927 449 950 te
474 923 595 958 perfecte
614 923 733 956 liberari,
752 924 803 951 sub
816 923 973 950 conditione
989 912 1009 939 Β

191 977 226 996 ne
237 970 365 1006 deinceps
381 970 482 1006 aliquid
495 971 547 997 tale
560 971 723 998 committas.

458 1024 563 1054 EPIST.
585 1026 699 1054 XCVIII.

230 1071 373 1106 Nicephoro
394 1072 543 1107 philosopho
568 1073 773 1100 monuehismum
796 1072 927 1107 amplexo.

1032 282 1084 308 Ἐῶ
1100 282 1150 317 μὲν
1168 282 1224 314 οὖν,
1239 282 1332 318 ὥσπερ
1347 284 1424 318 ἔφην,
1445 283 1541 312 ταῦτα,
1564 284 1644 311 Ἀλλὰ
1666 284 1718 320 γὰρ
1732 286 1744 312 ὁ
1756 285 1795 320 μὲν

1027 326 1130 362 χειμὼν
1145 327 1255 362 ἠρέμει,
1278 330 1325 354 καὶ
1341 328 1456 363 γαληνὸν
1480 328 1612 364 μειδίαμα
1636 328 1687 365 τὴν
1704 329 1796 365 ἡμέραν

1026 374 1134 408 διεγέλα
1143 382 1150 389 ·
1169 373 1266 410 παρὼν
1277 374 1300 400 δ’
1308 375 1322 400 6
1338 375 1413 409 φίλος
1425 375 1542 409 οὐδαμοῦ
1556 375 1716 410 σκυθρωπὸν
1725 376 1796 410 αὐτῆς

1027 419 1073 446 καὶ
1090 419 1202 453 στυγνὸν
1231 419 1262 446 τὸ
1281 420 1427 455 πρόσωπον
1456 420 1618 447 ὑπεδείκνυ”
1640 421 1710 456 πλὴν
1724 421 1745 447 εί
1759 424 1797 448 καὶ

1027 464 1129 499 σκηνῆς
1144 464 1316 499 προέκυπτεν
1332 465 1503 500 ήὰπολογία,
1515 466 1562 492 καὶ
1578 467 1592 492 ὀ
1613 466 1695 497 καλὸς
1710 466 1797 501 τρόπος

1028 508 1208 544 συγχορευτὴν
1218 509 1314 536 ἑαυτὸν
1323 509 1441 536 ὑπὲὁαλε
1451 510 1498 536 τοῦ
1511 509 1644 545 χειμῶνος
1655 518 1663 526 ”
1675 510 1731 537 ἀλλ’
1741 511 1797 545 ἡμῖν

1026 563 1058 590 γε
1077 556 1123 582 καὶ
1137 555 1208 582 οὕτω
1222 556 1309 591 χαρὰν
1336 556 1490 592 ἐπέστησαν
1518 557 1668 592 θεατρίσαι.
1699 557 1798 589 Πάντως

1026 600 1081 636 γὰρ
1104 601 1184 628 ἄλλου
1201 601 1434 636 παραλυποῦντος,
1448 602 1495 628 καὶ
1511 602 1625 629 κωλύειν
1650 602 1688 634 ὡς
1704 603 1798 638 ἀληθῶς

1025 648 1074 683 τὴν
1086 648 1176 683 ἄφιξιν
1191 649 1339 684 δυναμένου
1352 650 1385 684 τῇ
1396 649 1456 675 καθ’
1470 648 1574 675 ἑαυτῶν
1587 649 1746 683 μεταστάσει
1756 650 1798 684 τῆς

1026 694 1124 726 αἰτίας,
1150 693 1310 729 ἀπαλλαγὴν
1334 695 1436 729 ἐμήνυε
1463 694 1510 721 καὶ
1529 694 1699 730 ἐλευθερίαν·
1722 695 1798 731 χαρὰν

1027 739 1118 774 μέντοι
1130 749 1162 774 γε
1179 740 1299 775 καθαρὰν
1311 740 1396 767 ἐδίδου
1411 741 1527 776 χαίρειν,
1543 741 1575 767 ἐκ
1587 741 1634 767 τοῦ
1646 740 1799 777 γράμματος

1027 785 1142 820 μἀθοῦσι
1157 786 1187 812 τὸ
1203 786 1267 821 ῥᾷόν
1284 794 1313 812 σε
1335 785 1390 812 τῶν
1405 787 1566 820 νοσημάτων
1591 787 1673 821 ἔχειν,
1690 789 1734 813 καὶ
1748 788 1799 821 εἴης

1025 832 1090 866 ἡμῖν
1107 831 1176 865 μετὰ
1187 831 1233 858 τοῦ
1252 831 1336 866 μηδὲν
1350 830 1390 857 ἔτι
1416 831 1536 858 τοιοῦτον
1561 831 1750 867 διαμαρτάνειν
1764 833 1800 863 είς

1024 876 1056 902 τδ
1070 875 1174 902 τέλειον
1183 875 1405 911 ἀπηλλαγμένος.

1318 1024 1428 1050 sum.
1445 1025 1504 1058 ιιην.

1164 1070 1320 1105 Νικηφόρῳ
1334 1070 1492 1105 φιλοσόφῳ
1505 1070 1671 1106 μον-ἀίοντι.

799 1131 932 1156 Montacut.
943 1131 994 1162 (ep.
1005 1130 1061 1160 242,
1073 1135 1097 1161 p.
1108 1129 1176 1160 565).

223 1182 339 1210 Pavidus
361 1190 402 1210 est
421 1183 456 1210 ad'
473 1183 618 1210 amicitiam
637 1183 874 1215 contrahendum;
901 1183 973 1210 timi-

188 1229 247 1256 dior
271 1236 332 1264 erga
349 1236 436 1256 meam
462 1229 677 1264 dispositionem.
696 1228 735 1255 Tu
755 1234 846 1256 autem
861 1229 922 1256 vide
945 1229 972 1256 in

187 1278 318 1310 quantum
334 1282 383 1310 ego
407 1274 455 1302 tibi
472 1274 589 1308 conﬁdo,
605 1282 666 1302 cum
681 1282 732 1302 nec
747 1275 902 1310 pavescenti
923 1282 972 1309 pe-

186 1321 331 1356 percerim,
347 1321 394 1348 sed
409 1321 522 1347 ulterius
539 1321 628 1348 adhuc
639 1325 666 1348 et
682 1321 751 1348 alius
762 1321 914 1348 timiditatis
928 1329 973 1348 se-

187 1366 260 1393 mina
284 1366 405 1401 jaciam;
431 1365 458 1392 in
493 1369 546 1400 quo
572 1366 742 1393 timiditatem
775 1366 972 1400 reprehendam

186 1417 213 1440 et
231 1412 364 1447 exagitem
381 1420 387 1437 :
407 1411 454 1439 sed
470 1416 498 1438 tu
518 1411 631 1438 viriliter
651 1419 710 1446 age,
730 1411 799 1443 vale,
815 1415 898 1438 etme
909 1418 971 1438 eum

185 1465 244 1485 esse
271 1457 400 1492 intcllige,
424 1464 504 1491 quem
529 1464 583 1483 non
609 1456 757 1483 existimas.
787 1456 856 1484 Cum
880 1461 970 1484 tamen

183 1511 305 1539 praesens
324 1504 376 1530 hoc
401 1507 505 1538 tempus
525 1511 578 1529 non
599 1502 646 1530 tibi
667 1503 790 1536 suﬂiciat,
807 1507 838 1530 ut
858 1503 885 1530 in
905 1503 971 1538 opi-

184 1551 266 1577 nione
280 1549 458 1581 conﬁrmeris,
470 1557 550 1583 qualn
567 1549 611 1583 qui
626 1549 722 1581 aderit,
737 1550 840 1584 aperiet
858 1550 898 1585 (ut
909 1558 970 1577 cum
989 1562 993 1565 -

1061 1182 1152 1213 Δειλδς
1172 1182 1221 1217 μὲν
1233 1183 1273 1213 είς
1284 1181 1333 1217 τὴν
1348 1182 1448 1216 φιλίαν,
1463 1182 1611 1219 δειλότερος
1624 1183 1653 1209 δὲ
1681 1183 1744 1219 περὶ
1756 1184 1803 1219 τὴν

1022 1228 1161 1264 ἡμετέραν
1174 1226 1303 1254 διάθεσιν.
1323 1227 1393 1254 Ἀλλ’
1406 1228 1457 1262 ὅρα
1482 1229 1556 1263 ἡμᾶς
1570 1229 1610 1260 είς
1628 1229 1689 1255 ὅσον
1710 1237 1748 1256 σοι
1761 1238 1804 1256 τε-

1024 1273 1213 1309 θαρρήκαμεν,
1228 1273 1268 1299 ὅτι
1285 1273 1333 1299 καὶ
1343 1271 1494 1304 δειλιῶντος
1514 1274 1544 1299 οὺ
1569 1273 1726 1309 φειδόμεθα,
1748 1274 1803 1301 ἀλλ’

1023 1318 1119 1354 ἑτέρας
1129 1318 1210 1345 πάλιν
1221 1317 1322 1349 δειλίας
1337 1318 1400 1350 ἴσως
1413 1318 1636 1354 καταδαλλόμεθα
1651 1319 1804 1355 σπέρματα,

1022 1365 1053 1391 τὸ
1067 1364 1152 1392 δειλὸν
1171 1365 1351 1399 ἐπιτιμῶντες
1362 1365 1409 1391 καὶ
1425 1365 1639 1398 ἐξονειδίζοντες.
1672 1366 1740 1393 Ἀλλ’
1757 1367 1806 1393 ἀν-

1022 1411 1113 1446 δρίζου
1129 1411 1176 1438 καὶ
1191 1411 1297 1446 ἐρῤωσο
1310 1411 1356 1438 καὶ
1367 1411 1484 1445 γίνωσκε
1495 1412 1569 1447 ἡμᾶς
1584 1411 1632 1447 οὐχ
1646 1412 1718 1444 οἴους
1731 1413 1805 1447 νομί-

1023 1456 1080 1489 ζεις
1090 1465 1096 1472 ·
1111 1457 1169 1485 ἀλλ’
1181 1458 1242 1484 ἐπεὶ
1254 1458 1268 1484 ὁ
1278 1457 1372 1492 παρὼν
1384 1457 1478 1493 καιρὸς
1487 1458 1538 1484 οὐκ
1551 1458 1678 1493 ἀποχρῶν
1692 1459 1749 1485 ὲστί
1762 1467 1805 1485 σοι

1024 1504 1092 1538 πρὸς
1103 1503 1249 1538 βεϐαίωσιν
1261 1503 1331 1535 οἵους
1343 1504 1356 1530 6
1376 1504 1516 1539 προσέχων
1529 1504 1588 1539 (σὺν
1603 1504 1662 1540 Θεῷ
1675 1504 1704 1530 δὲ
1714 1504 1807 1539 φάναι)

1023 1550 1105 1582 δείξει
1118 1550 1167 1585 τὴν
1185 1550 1234 1585 σὴν
1247 1549 1347 1576 δειλίαν
1364 1550 1454 1584 ἔργοις
1480 1549 1656 1584 ἐλέγχοντας·
1680 1550 1711 1576 τὸ
1724 1550 1752 1576 δὲ
1768 1551 1809 1582 εἰς

183 1596 256 1623 bono
273 1596 326 1622 Deo
339 1595 449 1628 dicam).
464 1602 524 1622 cum
539 1595 707 1622 timiditatem
724 1600 797 1622 tuam
811 1603 840 1622 re
854 1600 882 1623 et
892 1603 970 1630 opere

1026 1596 1073 1630 τὴν
1088 1595 1214 1630 μάρτυρα
1233 1595 1283 1629 τῆς
1300 1594 1377 1629 ὑμῶν
1403 1595 1516 1629 εὐφυΐας
1537 1595 1719 1630 φιλοπόνημα,
1737 1597 1809 1622 κατὰ

184 1643 348 1678 redarguet:
373 1641 420 1669 sed
434 1641 590 1676 diligentem
610 1649 720 1676 operam
739 1649 754 1669 a
775 1646 802 1669 te
819 1641 969 1676 impensam

184 1688 212 1715 in
224 1692 344 1715 sanctam
362 1693 506 1722 martyrem
523 1687 667 1719 laudando,
681 1694 743 1714 cum
755 1695 806 1722 pro
821 1692 866 1714 tua
881 1687 969 1720 digni-

184 1739 239 1761 tate
251 1740 471 1769 percenseamus,
488 1732 602 1759 seminis
624 1731 735 1759 Asiatici
748 1739 858 1767 germen
873 1733 970 1767 genui-

182 1788 249 1807 num
275 1778 502 1814 apprehendimus
529 1778 570 1814 (ut
588 1778 613 1805 id
634 1778 670 1805 ita
701 1785 840 1812 usurpem,
868 1778 970 1813 absque

184 1826 320 1854 Musarum
335 1825 454 1852 nominis
474 1824 660 1860 usurpatione,
675 1828 702 1851 et
714 1824 772 1859 ipse
788 1828 876 1852 tecum
894 1824 970 1852 Asia-

183 1871 237 1898 tico
253 1878 329 1898 more
357 1874 461 1906 agens).
478 1870 573 1897 Errata
601 1869 674 1896 nulla
695 1869 783 1901 video,
799 1869 850 1897 nisi
877 1870 970 1897 forsan

182 1915 212 1942 in
226 1915 330 1950 syntaxi
344 1924 350 1946 ;
363 1915 434 1950 quod
448 1919 475 1942 et
491 1915 578 1950 ipsum
598 1915 734 1943 rarissime
749 1915 877 1943 iudicavi.
893 1916 969 1949 Quod

182 1961 206 1988 si
228 1961 261 1988 ad
279 1961 411 1988 sermonis
435 1961 634 1996 verborumque
661 1961 891 1996 pulchritudinem
917 1962 969 1989 hoc

1022 1642 1071 1677 τὴν
1088 1641 1136 1676 σὴν
1152 1641 1262 1673 ἀξίωσιν
1276 1640 1444 1673 ἐπελθόντες,
1461 1641 1510 1676 τῆς
1523 1641 1573 1676 μὲν
1595 1643 1721 1678 Ἀσιανῆς
1743 1651 1810 1669 σπο-

1025 1688 1074 1723 ρᾶς
1084 1687 1131 1722 (ὡς
1143 1688 1175 1714 ἄν
1192 1695 1233 1719 τις
1247 1686 1319 1713 εἴποι
1335 1687 1402 1721 μηδὲ
1416 1686 1457 1722 τῷ
1473 1688 1589 1714 Μουσῶν
1608 1687 1719 1723 ὀνόματι
1737 1688 1809 1723 χρώ-

1023 1742 1114 1768 μενος,
1123 1733 1181 1768 ἅμα
1189 1733 1217 1759 δὲ
1228 1734 1274 1760 καὶ
1286 1732 1441 1765 ἀσιανίζων)
1451 1732 1565 1768 γνησίαν
1580 1733 1662 1769 γονὴν
1677 1735 1808 1770 κατειλή-

1022 1787 1131 1813 φαμεν·
1149 1778 1314 1813 σφαλμάτων
1337 1778 1365 1805 δὲ
1391 1779 1476 1811 οὐδὲν,
1502 1778 1571 1814 πλὴν
1596 1780 1673 1806 εἵπου
1696 1788 1722 1806 τι
1742 1781 1811 1816 περὶ

1022 1824 1147 1857 σύνταξιν
1159 1832 1165 1840 ⁸
1183 1824 1229 1851 καὶ
1243 1825 1322 1851 τοῦτο
1338 1825 1450 1852 σπάνιον
1470 1825 1714 1860 ὲπεσημηνάμεοα.
1733 1826 1766 1852 Et
1780 1826 1813 1852 δὲ

1020 1880 1046 1898 τι
1057 1871 1124 1907 πρὸς
1138 1871 1188 1906 τὴν
1202 1871 1285 1906 ἄλλην
1299 1871 1428 1906 καλλονὴν
1440 1871 1495 1898 τῶν
1517 1873 1549 1907 ῥη
1555 1872 1657 1906 μάτων,
1678 1872 1762 1899 καλὸν
1780 1872 1813 1898 δν

1020 1918 1094 1953 ὅμως
1112 1917 1235 1953 ὑστερεῖν
1255 1917 1353 1950 ἐδόκει,
1371 1918 1418 1945 καὶ
1433 1918 1513 1944 τοῦτο
1528 1919 1596 1953 πρὸς
1619 1919 1670 1954 τὴν
1686 1919 1814 1953 συγγενῆ

1025 1963 1130 1998 μορφὴν
1142 1963 1172 1989 τὸ
1190 1963 1269 1997 λόγου
1281 1963 1379 1994 κάλλος
1397 1963 1601 1998 μεθηρμόσατο.

182 2015 267 2034 unum
284 2006 363 2034 laude
385 2006 496 2042 dignum
515 2006 636 2034 videatur
647 2006 754 2039 deesse,
770 2011 862 2034 tamen
890 2010 918 2034 et
943 2007 982 2035 sic
1001 2009 1033 2036 ad
1050 2017 1228 2046 congenerem
1249 2009 1283 2036 de
1307 2014 1404 2037 caetero
1439 2009 1671 2044 pulchritudinem
1692 2009 1814 2037 univer-

181 2059 240 2081 sam
250 2052 341 2087 operis
355 2051 583 2086 pulchritudinem
602 2053 748 2087 copulavit.

462 2103 571 2132 EPIST.
594 2105 686 2132 XCIX.

522 2148 624 2176 Eidem.

1318 2106 1430 2133 ΕΠΙΣΤ.
1451 2106 1509 2140 ιιΘι.

1341 2149 1382 2182 Τῷ
1399 2150 1489 2183 αὐτῷ.

789 2205 921 2230 Montacut.
935 2205 986 2236 (ep.
999 2205 1054 2236 ΜΞ,
1065 2213 1090 2237 p.
1103 2205 1168 2235 565).

216 2255 448 2289 Quemadmodum
485 2254 734 2289 pusillanimitatem
764 2259 838 2282 tuam
866 2262 966 2290 negare
982 2257 1004 2284 Ι)

179 2309 235 2329 non
260 2306 347 2336 potes,
363 2301 399 2328 ita
415 2301 512 2336 nequis
524 2300 636 2327 inﬁciari
653 2308 696 2327 me
719 2301 788 2328 bene
803 2301 869 2328 satis
883 2301 917 2328 de
940 2305 966 2328 te

179 2356 352 2383 persuasum,
366 2354 511 2383 antequam
530 2355 641 2376 suavem
655 2347 725 2375 hanc
741 2348 883 2383 epistolam
898 2347 965 2375 mis-

179 2395 276 2422 sitares
289 2403 296 2421 :
326 2394 416 2429 passio
433 2394 491 2428 ipsa
506 2394 543 2421 ita
554 2398 596 2422 est
611 2394 764 2426 manifesta,
779 2398 808 2421 ut
830 2393 965 2421 volentem

177 2439 393 2467 animadvertere
409 2439 494 2467 latere
510 2447 564 2466 non
583 2440 678 2474 possit.
702 2440 737 2467 At
750 2439 887 2473 quomodo
905 2438 963 2466 ﬁeri

177 2485 265 2519 possit
291 2489 323 2512 ut
351 2484 378 2511 in
405 2484 523 2512 amicitia
552 2484 665 2512 colenda
690 2484 908 2519 pusillanimitas,
936 2485 963 2512 in

178 2535 319 2565 utramque
332 2535 446 2565 partem,
462 2538 559 2558 nempe
579 2530 696 2558 fortuna
710 2531 841 2562 adversae,
858 2537 886 2558 et
899 2538 964 2558 san-

175 2581 226 2603 cta:
242 2576 400 2604 imitationis
414 2577 508 2603 referri
522 2577 619 2611 possit,
635 2577 799 2611 coniecturis
811 2577 901 2604 adhuc
919 2584 964 2604 as-

175 2622 252 2656 sequi
266 2629 381 2656 nequeo.
410 2622 539 2650 lliiserum
566 2630 610 2650 me
628 2622 726 2655 fateor,
745 2623 871 2657 quocirca
889 2623 963 2649 timi-

174 2667 235 2695 dior
266 2667 294 2694 in
325 2667 444 2694 amicitia
466 2676 474 2700 ;
501 2667 549 2695 sed
571 2668 667 2695 eodem
691 2668 772 2695 modo
795 2668 909 2695 adicitur
937 2673 964 2695 et

174 2719 330 2740 sanctorum
353 2714 470 2741 cohors:
492 2722 507 2740 a
522 2714 743 2748 pusillanimitate
758 2721 812 2741 non
832 2714 963 2741 distillant

174 2758 300 2791 dulcedo,
318 2759 360 2786 vel
377 2759 510 2794 voluptas,
532 2767 583 2786 nec
600 2759 710 2793 aliquid,
726 2760 799 2793 quod
822 2767 870 2794 per
884 2767 960 2786 suam

174 2808 299 2831 naturam
313 2805 431 2832 oblectat
446 2813 493 2840 per
515 2805 778 2839 inconsequentiam,
797 2795 885 2832 minus.
901 2813 962 2840 gra-

175 2848 219 2874 tiae
233 2849 334 2878 habet:
350 2851 372 2877 si
383 2851 455 2878 enim
478 2851 590 2879 adversa
615 2859 676 2878 cum
694 2851 802 2878 fortuna
828 2851 959 2887 conﬂigis,

176 2898 282 2920 iunctos
310 2903 364 2922 non
383 2897 484 2930 poteris
508 2897 618 2924 imitari.
634 2896 667 2924 At
680 2897 702 2924 si
721 2897 748 2924 in
764 2897 862 2932 quibus
885 2898 959 2925 timi-

1058 2256 1104 2287 Ὠς
1119 2255 1168 2291 μὲν
1183 2254 1233 2281 οὐκ
1247 2253 1320 2289 ἔχεις
1334 2254 1506 2289 ἑξαρνεῖσθαι
1516 2253 1566 2289 τὴν
1581 2254 1694 2288 δειλίαν,
1705 2255 1767 2283 οὐδ’
1779 2256 1822 2283 ἂν

1018 2301 1165 2337 ἀρνηθείης
1177 2300 1225 2326 καὶ
1240 2301 1294 2335 πρὸ
1308 2300 1410 2335 ταύτης
1429 2309 1475 2327 σου
1485 2301 1535 2335 τῆς
1551 2300 1681 2334 γλυκείας
1696 2301 1821 2328 ἐπιστο-

1017 2348 1065 2383 λῆς
1080 2347 1173 2382 σαφῶς
1187 2347 1370 2382 ἐπεπείσμην.
1386 2346 1440 2373 Τοῦ
1455 2344 1558 2378 πάθους
1570 2346 1624 2382 γὰρ
1644 2347 1675 2372 τὸ
1690 2355 1824 2383 περιφα-

1016 2395 1070 2426 νὲς,
1094 2393 1155 2420 οὐδὲ
1185 2393 1275 2420 λαθεῖν
1300 2392 1449 2428 δυνηθῆναι
1474 2394 1612 2429 συγχωρεῖ
1634 2391 1822 2428 βώληθέντι.

1017 2441 1111 2471 Ὅπως
1126 2440 1153 2466 δέ
1169 2448 1199 2465 σε
1210 2439 1240 2466 τὸ
1255 2439 1320 2474 περὶ
1331 2439 1381 2474 τὴν
1392 2438 1482 2473 φιλίαν
1496 2438 1593 2469 δειλὸν,
1610 2438 1667 2473 ἅμα
1688 2438 1745 2474 μὲν
1770 2440 1823 2471 εις

1015 2485 1230 2520 δυστυχημάτων
1257 2484 1365 2519 κλῆρον,
1393 2484 1452 2519 ἅμα
1475 2484 1502 2510 δὲ
1526 2485 1566 2515 εἰς
1581 2485 1663 2518 ἁγίαν
1685 2485 1827 2521 μίμησιν

1017 2532 1158 2566 ἀναφέρει,
1171 2529 1250 2557 τοῦτο
1263 2529 1412 2565 συμὸαλεῖν
1426 2529 1518 2556 οὐκέτι
1530 2530 1643 2562 δυνατὸς
1656 2531 1825 2566 ἐγενόμην.

1017 2578 1096 2612 οἴμοι
1119 2576 1253 2611 δυστυχὴς
1282 2575 1348 2609 ἐγὼ,
1362 2576 1402 2602 διδ
1425 2576 1554 2611 καὶπερὶ
1578 2576 1670 2610 φιλίαν
1697 2576 1804 2609 δειλός
1819 2586 1829 2592 -

1016 2623 1084 2650 ἀλλὰ
1097 2623 1144 2649 καὶ
1153 2622 1207 2648 τῶν
1218 2621 1302 2656 ἁγίων
1315 2622 1426 2655 σύμπας
1447 2622 1461 2648 ὁ
1480 2621 1570 2657 χορὸς,
1587 2621 1635 2647 καὶ
1657 2621 1753 2649 δειλία
1770 2622 1830 2657 ἄρ’

1015 2671 1046 2696 οὐ
1064 2668 1177 2702 γλυκεῖα
1189 2667 1277 2693 ταῦτα
1290 2667 1387 2702 ἡδονῆς
1412 2665 1505 2698 στάζει
1518 2687 1525 2699 ,
1549 2666 1594 2693 καὶ
1612 2666 1744 2698 οὐδενὸς,
1762 2666 1831 2692 ὅσα

1015 2716 1120 2750 πέφυκε
1134 2714 1174 2750 τῷ
1189 2713 1364 2748 ἀνακολούθῳ
1378 2712 1500 2747 τέρπειν,
1521 2713 1561 2743 εἰς
1585 2712 1665 2746 χάριν
1687 2711 1830 2738 ἐλάττω.

1015 2763 1045 2788 Εἰ
1059 2762 1108 2797 μὲν
1122 2761 1177 2796 γὰρ
1191 2761 1342 2794 δυστυχεῖς,
1361 2759 1444 2785 πόθεν
1460 2767 1502 2785 σοι
1517 2758 1570 2785 τῶν
1583 2757 1669 2792 ἁγίων
1683 2758 1701 2793 ἡ
1718 2758 1832 2792 μίμηο

1015 2817 1072 2841 σις;
1091 2808 1122 2835 Εί
1136 2808 1157 2834 δ’
1169 2808 1211 2841 ἐφ’
1226 2803 1267 2837 οἷς
1282 2806 1382 2840 δειλιᾷς
1398 2805 1446 2832 καὶ
1461 2805 1583 2841 τρέμεις,
1607 2803 1695 2837 ἁγίων
1716 2812 1750 2830 σε
1769 2813 1832 2838 χο-

1015 2852 1060 2887 ρὸς
1073 2850 1140 2886 ἔχει,
1158 2849 1209 2876 ποῦ
1225 2857 1272 2876 σου
1287 2850 1321 2876 τὰ
1340 2850 1369 2875 ἐν
1381 2849 1437 2876 ἔθει
1455 2849 1670 2884 δυστυχήματα;
1697 2849 1764 2875 Καὶ
1798 2849 1832 2876 εἱ

1012 2896 1091 2924 τοῦτο
1106 2894 1329 2930 δυστυχήματος.
1344 2895 1370 2921 τί
1393 2894 1426 2921 ἂν
1443 2895 1486 2930 είη
1500 2895 1530 2921 τὸ
1545 2893 1710 2929 εὐτύχημα;
1731 2893 1832 2920 Παῦ-
