1931 3080
157 116 204 148 909

730 118 996 152 EPISTOLARUM
1020 119 1135 150 LIBER
1153 121 1195 151 II.

1725 118 1780 151 910

154 173 205 207 λος,
220 173 313 209 φησὶν,
329 175 344 201 ὸ
358 174 460 211 πτηνὸς
483 177 529 203 καὶ
549 177 695 213 μετάρσιος
711 179 854 214 ἄνθρωπος
865 186 872 194 ·
892 179 927 206 Πέ

980 178 1055 207 ,ιΙίοι-
1083 179 1218 214 trepidas,
1243 184 1399 206 sanctorum
1422 186 1581 207 accenseare
1609 178 1714 211 choris,
1732 179 1779 207 ubi

154 227 211 254 τρος
224 219 266 253 ἐφ’
277 216 299 254 ᾧ
313 220 347 246 τὰ
358 221 407 255 τῆς
419 221 538 254 πίστεως
555 224 645 250 κεῖται
669 220 783 259 θεμέλια
793 232 800 240 ³
815 225 869 251 τῶν
890 225 937 253 ἄλ-

154 263 202 291 λων
218 265 345 292 άπάντων
359 266 442 300 ἁγίων
468 267 485 302 ἡ
501 267 605 302 πληθὺς
633 269 810 306 παράδειγμά
827 279 871 304 μοι
889 271 939 304 τῆς

153 309 248 341 δειλίας
268 310 480 346 καθεστήκασιν.
499 313 579 339 Ἀλλὰ
603 315 654 348 φεῦ
672 315 725 341 τῶν
739 315 813 350 ὲμῶν
832 317 937 348 κακῶν,

153 355 292 387 τοσούτους
308 356 378 391 ἔχων
406 357 552 388 εἱκονίζειν
578 360 618 390 εἰς
645 359 708 386 ὅσον
735 360 871 396 δυστυχῶ.
888 361 937 388 Διὰ

153 402 227 428 τοῦτο
240 403 294 438 γὰρ
316 403 440 440 καὶπερὶ
459 401 496 432 ὧν
508 406 559 432 οὐκ
575 407 665 433 ῐσασιν
682 407 758 434 ἄλλοι
769 408 817 443 τὴν
835 408 936 435 δειλίαν

153 450 202 484 ἐγὼ
213 451 313 479 δειλιῶ.
326 450 390 488 Ἆρ’
405 454 432 480 ετ
445 463 487 486 τις
499 455 624 490 γρίφους,
636 456 652 490 ἢ
663 456 699 482 τὰ
715 457 834 491 Σφιγγὸς
846 458 935 491 αἰνίγ-

153 506 222 531 ματα
233 498 290 533 βίον
303 496 376 533 εἶχεν
392 500 580 535 ἐκμιμεῖσθαι,
597 502 707 536 ἄμεινον
721 502 755 529 ἂν
765 522 771 534 ,
789 503 806 537 ἢ
820 504 834 529 ὁ
850 502 936 530 ταῦτα

151 542 233 576 λέγων
247 544 390 579 ἀπηλλάγη
405 545 455 580 τῆς
480 546 637 578 ἐπιδείξεως
653 556 661 580 ;
678 547 793 579 Παῦλον,
809 545 832 574 ὦ
850 548 935 583 βέλτι-

152 597 202 620 στε,
215 589 262 615 καὶ
281 590 343 621 τοὺς
367 592 427 617 κατ’
446 591 539 622 αὑτὸν,
555 592 569 617 ὁ
581 593 653 628 ἱερὸς
673 593 768 627 φόϐος,
783 594 813 625 ὃς
834 595 935 629 ἀρετῆς

152 635 257 668 ἁπάσης
270 656 277 668 ,
295 635 333 667 ὡς
350 636 398 662 καὶ
414 637 594 672 συγγράφεις,
627 639 729 673 κρηπὶς
753 639 933 675 ύπεΰέΰλητο,

151 680 186 709 εἰς
196 680 259 707 τοὺς
270 681 472 716 ἁμαραντίνους
489 683 591 717 ἀπάγει
605 684 754 718 στεφάνους
765 693 772 699 ·
785 685 816 711 σὺ
827 685 866 717 δὲ,
884 686 934 712 οὐκ

150 725 203 752 οἶδα
217 726 245 753 δὲ
260 727 345 758 ὅπως,
364 728 401 759 ὡς
417 729 465 764 μὲν
475 729 581 761 Παῦλος
596 730 677 765 φοϐῇ,
687 730 725 762 ὡς
734 731 755 756 δ’
776 731 932 763 Ὀδυσσεὺς,

150 772 165 806 ἦ
181 772 206 798 εἴ
218 780 260 803 τις
275 773 353 804 ἄλλος
367 773 590 810 δυστυχέστερος,
602 775 642 806 εἰς
664 776 696 802 τά
719 776 821 811 συνήθη
834 776 932 802 δυστυ-

150 817 256 852 χήματα
267 819 312 845 τὸν
326 820 407 852 ιρόόον
417 820 558 852 ἀνάπτεις.
574 821 629 846 Καὶ
641 821 700 847 δέον
719 821 768 856 μὲν
789 822 826 857 μὴ
843 823 933 858 παρά-

149 862 245 897 ὂειγμα
256 864 377 898 νομίζειν
389 865 433 891 τὸν
446 866 518 892 θεῖον
536 867 642 893 Παῦλον
652 867 703 901 τῆς
721 868 848 902 τοιαύτης
858 868 931 895 διδα-

149 908 259 939 σκαλίας
281 909 417 945 νομίζεις”
443 911 501 938 δέον
517 912 556 945 δὲ,
583 912 662 947 εἴπερ
676 913 781 940 ἐκείνου
809 914 932 950 μιμητὴς

147 951 224 988 ἦσθα,
241 955 359 990 χαίρειν,
385 957 432 983 καὶ
447 957 516 992 πρὸς
527 958 590 989 τοὺς
606 958 754 993 στεφάνους
767 960 931 994 ἐπιστρέφε-

147 1000 338 1036 σθαι,θρηνεῖς
362 1003 409 1028 καὶ
421 1002 504 1039 ὀδύρῃ
526 1003 576 1039 τὴν
600 1003 755 1039 δυστυχίαν.
785 1005 875 1032 Δειλία
900 1014 930 1032 σε

148 1046 253 1081 στροϐεῖ
263 1048 464 1083 προσλαϐοῦσα.
478 1049 510 1075 Τί
525 1058 565 1076 σοι
574 1050 620 1076 καὶ
629 1050 728 1086 Παύλῳ
741 1051 845 1085 κοινόν;
861 1052 931 1087 μέμ-

148 1101 196 1128 φου
212 1094 324 1120 σεαυτόν
334 1102 341 1110 ⁸
359 1095 469 1130 ἔκπηθι
487 1096 533 1122 τοῦ
553 1096 657 1128 πάθους
668 1100 676 1112 ⁸
690 1097 757 1124 ἀλλὰ
771 1097 876 1130 Παῦλός
889 1107 930 1125 σοι

147 1137 304 1171 διδάσκαλος
315 1139 428 1176 ταύτης.
446 1141 532 1176 Χαῖρε
557 1143 590 1177 τῇ
612 1142 742 1178 μιμήσει,
761 1142 814 1169 τῶν
841 1143 930 1170 ἄθλων

146 1185 309 1219 εὐφραίνου·
327 1187 395 1214 ἀλλὰ
424 1187 461 1222 μὴ
483 1188 664 1220 ἀκκιζὸμενος
689 1189 736 1215 καὶ
759 1189 930 1224 ὑποκορίζων

145 1230 192 1265 τὴν
205 1231 361 1266 δυστυχίαν,
378 1232 467 1268 φύρῃς
491 1233 579 1260 πάντα
600 1233 648 1260 καὶ
673 1233 808 1269 συγχέῃςυ
829 1234 876 1261 καὶ
895 1236 928 1270 τῇ

143 1276 197 1304 τῶν
210 1277 340 1312 ῥημάτων
352 1278 489 1314 κοινωνίᾳ,
498 1279 532 1305 τὰ
543 1279 668 1306 πλεῖστον
683 1280 805 1316 ἀλλήλων
817 1280 928 1307 διεστῶ-

144 1332 178 1351 τα
192 1325 232 1356 εὶς
244 1325 293 1360 τὴν
305 1325 391 1361 αὐτὴν
401 1325 481 1360 φύσιν
492 1326 574 1362 βιάζῃ
586 1327 732 1354 συνάπτειν
747 1336 754 1343 ·
766 1328 804 1359 ὡς
820 1327 852 1354 ἂν
863 1327 930 1355 καλ-

144 1369 288 1402 λωπίζοιτό
319 1380 377 1404 σου,
406 1371 453 1398 καὶ
482 1372 687 1408 εὐπρόσωποςὴ
703 1373 789 1401 δειλία
805 1374 878 1410 δόξῃ.
896 1374 928 1400 Τί

143 1416 197 1451 γὰρ
211 1417 267 1451 ἔχει
285 1417 373 1444 κοινὸν
390 1418 472 1452 φόϐος
487 1418 587 1450 ἔνθεος,
605 1420 651 1446 καὶ
670 1419 756 1446 δειλία
780 1420 928 1455 ὑϐρίζουσα

142 1461 181 1493 είς
199 1462 306 1497 φιλίανς
322 1463 338 1499 ἢ
355 1463 570 1499 δυστυχημάτων
594 1465 686 1498 ὄγκος,
703 1465 750 1491 καὶ
769 1465 846 1498 λόγος
863 1475 929 1492 κατ-

140 1508 324 1544 ορθωμάτωνς
342 1509 405 1543 Ναὶ,
421 1510 517 1546 φησίν·
536 1510 605 1538 ἀλλὰ
613 1510 719 1542 Παῦλος
736 1511 795 1546 βοᾷ·
814 1511 925 1538 Φοϐοῦ-
942 1526 963 1555 c

139 1563 192 1590 μαι
204 1555 247 1590 μή
260 1563 322 1588 πως
331 1556 438 1589 ἄλλοις
449 1556 591 1590 κηρύξας,
604 1557 695 1590 αὐτὸς
719 1558 862 1593 ἀδόκιμος
880 1559 929 1595 τέ-

141 1609 244 1635 νωμαι.
258 1601 456 1634 Ruit-£10610;
475 1603 558 1637 χωρὶς
569 1622 576 1634 ,
595 1603 687 1637 φασὶν,
702 1603 737 1629 τὰ
756 1604 857 1630 Μύσων
880 1605 928 1631 καὶ

137 1648 252 1682 Φρυγῶν
264 1647 403 1683 ὁρίσματα
413 1656 420 1663 ⁸
435 1649 495 1675 οὐδὲ
508 1649 561 1685 γὰρ
575 1649 636 1676 οὐδὲ
652 1650 716 1684 περὶ
727 1649 777 1682 τὰς
789 1652 927 1678 Δεσποτι-

138 1694 190 1725 κάς
208 1693 380 1728 ὑποσχέσεις,
394 1695 490 1729 ὥσπερ
506 1695 520 1721 ὁ
537 1695 670 1730 ἡμέτερος
685 1694 802 1727 Παῦλος,
824 1696 925 1730 ἄπαγε,

137 1738 244 1764 δειλιῶν
270 1739 413 1772 ὲφοῦεἰτο·
445 1740 499 1765 οὐδ’
525 1740 650 1774 ἀγωνιῶν
675 1739 724 1775 τὴν
741 1740 842 1773 φιλίαν,
871 1742 926 1768 οὐδ’

137 1782 337 1816 εὐλαΰούμενος
350 1783 386 1817 μή
397 1791 440 1814 τις
455 1783 538 1809 αὑτοῦ
549 1784 595 1810 τὸν
610 1784 759 1819 ὺπέρτιμον
773 1785 925 1821 μάργαρον,

136 1828 170 1853 ἐκ
183 1828 346 1862 πειρατικῆς
364 1828 461 1864 τριϐῆς
476 1829 522 1855 καὶ
536 1829 651 1864 μελέτης
665 1830 841 1865 ἀφαρπάσας,
860 1830 925 1866 ἐρη-

138 1881 190 1907 μον
206 1874 307 1904 παντὸς
319 1874 422 1910 ἁφήσῃ.
450 1874 490 1900 Τὰ
517 1874 588 1909 σοφὰ
602 1875 688 1902 ταῦτα
714 1877 761 1902 καὶ
774 1876 861 1911 σεμνὰ
875 1878 926 1912 τῆς

137 1918 240 1951 δειλίας
253 1920 453 1955 προσχήματατ
471 1921 499 1946 ὲν
512 1921 599 1947 οὐδενὶ
610 1921 714 1948 τούτων
741 1923 846 1954 ἐκεῖνος
868 1923 926 1949 ἐδε-

135 1964 205 1991 δίει·
220 1966 373 1992 τούναντίον
392 1966 430 1998 δὲ,
459 1966 598 1998 πεποιθὼς
614 1968 664 2002 μὲν
683 1965 716 2003 ἦν
733 1969 779 1994 καὶ
803 1968 922 2005 θαρρῶν,

134 2010 218 2042 εἴτις
235 2010 356 2044 πώποτε,
377 2012 441 2046 περὶ
457 2012 507 2043 τὰς
525 2012 694 2047 θαυμασίους
709 2014 818 2046 ὲκείνας
837 2016 924 2049 ἐπαγ-

134 2056 244 2090 γελίας.
257 2057 372 2089 Βέὸαιος
388 2057 409 2084 δ’
431 2056 465 2092 ἦν
479 2058 539 2090 ὅλος
554 2058 601 2085 καὶ
614 2059 742 2094 ὰδόνητος
757 2060 807 2094 τὴν
822 2061 925 2087 Δεσπο-

131 2104 215 2138 τικὴν
243 2104 351 2137 φιλίαν·
378 2104 468 2130 κοινὸν
485 2104 508 2131 δ’
537 2104 662 2131 ἐϐούλετο
682 2106 712 2132 τὸ
726 2106 828 2140 ἀγαθὸν
841 2108 923 2133 πᾶσιν

131 2148 298 2183 προκεῖσθαι
309 2157 315 2162 ·
335 2149 479 2181 Ἰουδαίους
495 2150 562 2184 πρὸς
574 2151 717 2177 κοινωνίαν
729 2151 776 2177 τοῦ
791 2152 922 2187 θησαυρί-

991 224 1136 252 infelicitas
1150 229 1204 252 tua:
1222 225 1284 252 vita;
1298 225 1422 253 consistit
1437 226 1448 252 ?
1466 225 1514 253 Sin
1530 226 1600 253 hanc
1614 225 1778 253 adnumeres

989 271 1187 304 infelicitatem,
1214 273 1279 307 quid
1309 276 1361 304 est,
1378 272 1462 307 quod
1487 279 1570 300 voces
1596 271 1779 299 felicitatem?

988 317 1097 350 Paulus,
1113 318 1164 349 ais,
1195 319 1240 345 ille
1257 318 1368 346 volucer
1386 318 1451 345 etin
1466 317 1575 345 sublimi
1595 322 1688 352 raptus
1704 325 1712 350 ;
1729 317 1778 344 Pe-

989 367 1057 394 trus,
1074 363 1102 390 in
1119 371 1173 397 quo
1189 363 1307 398 reposita
1324 368 1388 390 sunt
1406 363 1468 390 ﬁdei
1480 363 1656 390 fundamenta
1672 371 1680 395 ;
1694 366 1777 389 (ποίεε

987 414 1079 434 rorum
1104 412 1261 435 sanctorum
1293 408 1422 435 universa
1449 407 1593 435 multitudo
1618 415 1686 434 mete
1713 412 1778 434 sunt

987 458 1145 488 argumenta
1172 454 1348 482 timiditatis:
1372 455 1441 481 eheu
1469 462 1528 481 mea
1560 454 1640 486 mala,
1660 453 1707 488 qui
1736 457 1777 480 tot

986 499 1052 527 mihi
1082 508 1193 535 possum
1211 501 1341 536 imagines
1358 505 1552 536 repraesentare
1563 508 1645 527 meae.
1659 499 1776 527 infelici-

986 547 1058 574 tatis.
1087 547 1235 575 Enimvero
1264 547 1361 575 timore
1386 547 1468 574 timeo
1487 547 1514 574 in
1532 547 1613 574 rebus
1638 553 1705 580 quas
1729 545 1773 572 alii

985 600 1040 619 non
1053 593 1174 627 capiunt.
1187 593 1287 626 Quidni
1315 593 1360 628 qui
1374 593 1496 628 griphos,
1508 597 1556 619 aut
1569 591 1698 626 Sphingis
1707 591 1776 617 aani—

984 644 1083 674 gmata,
1098 639 1181 667 vitam
1192 639 1300 667 vitalem
1312 639 1410 666 imitari
1423 643 1533 671 statuat,
1546 638 1630 666 satius
1641 643 1668 665 et
1678 638 1775 665 melius

984 691 999 710 a
1015 683 1198 711 declaratione
1219 692 1314 712 eorum
1330 689 1528 717 semoveretur,
1542 691 1624 718 quam
1641 683 1687 717 qui
1717 683 1776 710 haec

984 730 1167 763 pronuntiat?
1181 730 1297 758 Sanctus
1313 731 1405 763 timor,
1422 731 1468 765 qui
1484 731 1592 757 virtutis
1618 729 1773 765 cujuslibet,

985 780 1014 803 ut
1030 780 1058 802 tu
1073 777 1245 811 pronuntias,
1261 776 1363 804 fundus
1375 780 1426 809 est,
1448 776 1562 803 Paulum
1579 781 1607 803 et
1633 776 1775 804 consocios

984 820 1044 854 ejus
1055 821 1090 848 ad
1109 821 1348 848 immarcescibiles
1371 828 1486 848 coronas
1501 820 1565 848 hinc
1585 820 1706 847 abduxit.
1733 819 1775 848 Tu

985 871 1088 900 autem,
1109 867 1202 895 nescio
1218 867 1366 902 quomodo,
1391 872 1422 894 ut
1439 867 1538 894 Paulus
1554 867 1686 902 quispiam
1714 874 1774 894 me-

986 911 1062 943 tuis;
1078 916 1108 939 ut
1133 911 1242 947 Ulysses
1263 912 1370 946 aliquis,
1387 912 1427 939 vel
1441 912 1510 939 alius
1532 919 1564 938 eo
1586 911 1721 939 infelicior
1744 911 1774 939 in

984 961 1129 985 consuetas
1160 957 1333 985 infelicitatcs
1366 958 1493 986 timorem
1519 958 1615 986 refers.
1641 957 1773 986 Arbitrari

984 1008 1074 1030 autem
1100 1003 1213 1031 minime
1229 1003 1312 1031 debes
1338 1011 1399 1031 esse
1422 1011 1582 1039 congruum,
1607 1008 1637 1031 ut
1663 1010 1773 1033 sanctus

983 1049 1083 1076 Paulus
1097 1049 1124 1076 in
1137 1050 1289 1084 exemplum
1301 1050 1363 1077 talis
1372 1050 1477 1077 timoris
1487 1050 1653 1085 producatur
1664 1051 1770 1078 doctor.

984 1095 1036 1123 Par
1051 1101 1143 1124 autem
1158 1096 1219 1130 fuit,
1239 1096 1262 1124 si
1279 1097 1387 1132 quidem
1402 1101 1430 1124 tu
1442 1097 1516 1124 illum
1534 1097 1643 1125 volebas
1657 1097 1768 1130 imitari,

983 1142 1080 1178 gaudio
1095 1147 1124 1170 ut
1139 1142 1295 1176 alliceret-is,
1307 1150 1455 1170 conversus
1466 1143 1500 1170 ad
1512 1150 1674 1170 coronarum
1690 1143 1771 1170 intui-

984 1193 1052 1221 tum,
1073 1196 1245 1223 nequaquam
1267 1188 1409 1223 plangeres
1422 1188 1629 1221 infelicitatem;
1658 1189 1770 1223 pusilla-

982 1234 1092 1262 nimitas
1119 1239 1145 1262 te
1168 1239 1307 1270 arreptum
1330 1239 1430 1262 versat.
1459 1234 1530 1267 Quid
1557 1240 1586 1262 tu
1606 1243 1667 1262 cum
1687 1235 1771 1263 Paulo

982 1287 1127 1307 commune
1141 1279 1224 1307 habes
1238 1279 1250 1305 Τ
1267 1279 1453 1314 Temetipsum
1467 1279 1575 1314 corripe
1588 1288 1596 1314 ;
1615 1287 1630 1306 a
1644 1280 1770 1315 passione

982 1325 1090 1360 r‘ecede.
1108 1325 1174 1356 lmo,
1188 1325 1287 1360 inquis,
1298 1325 1343 1353 hic
1357 1325 1470 1352 Paulum
1481 1331 1646 1360 praeeuntem
1671 1327 1769 1355 habeo.

982 1372 1086 1399 Laetare
1101 1377 1158 1399 tum
1170 1371 1204 1400 de
1217 1371 1387 1404 imitatione;
1403 1372 1437 1399 de
1450 1372 1644 1399 certaminibus
1657 1373 1710 1400 tuis
1723 1381 1771 1400 ex-

983 1417 1072 1451 sulta;
1087 1417 1245 1452 neutiquam
1259 1425 1323 1445 vero
1336 1418 1504 1445 muliebriter
1518 1418 1614 1446 ludens
1628 1419 1770 1447 infelicita-

982 1467 1036 1490 tem
1063 1467 1137 1490 tuam
1162 1463 1303 1498 palpitare,
1321 1463 1358 1490 ita
1379 1467 1410 1490 ut
1437 1463 1602 1498 permisceas
1623 1464 1714 1491 omnia
1742 1470 1771 1492 et

982 1508 1146 1542 confundas,
1169 1513 1216 1536 aut
1241 1517 1289 1543 per
1304 1509 1437 1536 sermonis
1453 1510 1684 1543 communionem,
1713 1510 1768 1542 illa,

981 1563 1042 1590 quae
1057 1554 1091 1581 ab
1107 1555 1223 1582 invicem
1239 1555 1333 1582 multis
1351 1555 1524 1589 disparantur
1539 1557 1706 1591 parasangis,
1721 1564 1770 1591 per

978 1601 1033 1628 vim
1053 1601 1104 1628 sub
1130 1601 1226 1628 eadem
1241 1605 1337 1628 natura
1362 1601 1540 1636 compingas;
1567 1606 1597 1629 ut
1612 1606 1638 1629 te
1665 1603 1770 1630 excolat

978 1651 1006 1673 et
1026 1647 1172 1682 gloriosum
1201 1646 1299 1673 reddat
1321 1646 1434 1681 pulchra
1456 1645 1524 1673 facie
1548 1647 1768 1681 pusillanimitas.

978 1693 1048 1726 Quid
1068 1693 1140 1720 inter
1156 1700 1186 1719 se
1207 1700 1352 1719 commune
1375 1692 1476 1719 habent
1501 1692 1610 1720 divinus
1625 1694 1714 1724 timor,
1742 1699 1770 1720 et

977 1737 1187 1773 pusillanimitas
1200 1744 1260 1772 qua:
1269 1736 1384 1763 offendit
1395 1735 1422 1763 in
1440 1736 1587 1763 amicitiam
1602 1745 1609 1768 ;
1624 1737 1666 1763 vel
1683 1737 1769 1764 infor-

977 1783 1118 1810 tuniorum
1141 1790 1299 1817 gravamen,
1314 1789 1376 1808 cum
1400 1781 1505 1808 ratione
1522 1786 1595 1809 recte
1615 1781 1768 1809 factorum?

976 1829 1094 1862 Quinita
1109 1828 1237 1860 afﬁrmas,
1254 1835 1348 1854 verum
1359 1835 1425 1854 voca
1441 1826 1566 1860 Paulum,
1579 1827 1659 1862 cujus
1676 1833 1740 1855 sunt
1757 1837 1764 1855 :

978 1873 1070 1900 Vereor
1083 1880 1115 1899 ne
1141 1873 1203 1899 dum
1220 1872 1282 1898 aliis
1295 1880 1327 1906 pr
1337 1871 1428 1904 dedico,
1442 1872 1496 1906 ipse
1520 1872 1584 1906 ﬁam
1599 1873 1720 1907 reprobus
1733 1874 1765 1901 ”.

974 1920 1043 1953 Quid
1071 1919 1123 1946 hoc
1148 1919 1205 1946 vult
1219 1917 1293 1945 sibi?
1319 1917 1495 1952 Separantur,
1520 1918 1606 1950 aiunt,
1630 1918 1765 1954 Mysorum

975 1965 1084 1993 termini
1100 1971 1182 1999 atque
1196 1964 1345 2000 Phrygum.
1361 1965 1456 1999 Neque
1473 1965 1545 1991 enim
1559 1965 1594 1992 de
1607 1965 1765 2000 promissio-

973 2012 1054 2039 nibus
1074 2011 1229 2044 Dominicis,
1245 2015 1274 2038 ut
1297 2015 1390 2038 noster
1408 2010 1453 2037 ille
1473 2010 1581 2044 Paulus,
1606 2013 1764 2047 expavesci-

974 2066 1052 2088 mus.
1067 2058 1143 2092 quasi
1169 2057 1212 2084 ille
1229 2065 1285 2092 prae
1310 2057 1406 2084 timore
1419 2057 1601 2091 desponderet
1623 2057 1763 2091 animum;

972 2113 1026 2132 non
1050 2104 1084 2131 de
1097 2104 1215 2131 amicitia
1227 2103 1387 2138 angebatur,
1411 2111 1466 2130 non
1482 2103 1620 2130 metuebat
1648 2111 1684 2131 ne
1700 2105 1763 2138 quis

973 2148 1190 2177 inaestimabilem
1206 2149 1389 2184 margaritam,
1408 2147 1520 2182 piratica
1533 2148 1647 2182 quadam
1663 2153 1720 2175 arte
1735 2153 1763 2175 ct

132 2203 240 2229 σματος
279 2195 431 2222 συνεκάλει.
462 2195 596 2230 ’Έλληνας
629 2196 742 2228 ἐκάλει,
765 2197 921 2232 βαρϐάρους

980 2198 1124 2228 ιηιροειιιτο
1146 2193 1286 2228 abripiens
1311 2192 1485 2227 exspoliatam
1501 2192 1628 2220 omnibus
1645 2193 1761 2220 derelin-

131 2241 269 2274 ἅπαντας,
286 2241 431 2275 ἄρχοντας,
447 2241 613 2276 ἀρχομένους
626 2250 633 2256 ·
651 2242 674 2267 εἰ
701 2242 791 2277 βούλει
807 2243 845 2276 δὲ,
874 2245 921 2271 καὶ¹

129 2285 237 2320 λῃστὰς
252 2286 299 2312 καὶ
315 2285 456 2320 πειρατὰς,
469 2285 515 2312 καὶ
529 2287 619 2312 πᾶσαν
633 2286 725 2318 ἁπλῶς
749 2288 797 2323 τὴν
816 2289 921 2324 ἀνθρω-

129 2331 216 2366 πίνην
232 2332 376 2366 συνήγειρε
394 2331 476 2366 φύσιν
490 2333 530 2363 εἰς
550 2332 699 2359 ἀπόλαυσιν
714 2332 760 2359 τοῦ
787 2336 922 2370 μαργαρί-

126 2386 190 2405 του.
209 2378 263 2405 Καὶ
274 2379 323 2413 οὐχ
339 2379 431 2411 ἁπλῶς
446 2379 541 2410 οὕτως,
560 2379 628 2406 ἀλλὰ
651 2380 697 2406 καὶ
717 2380 855 2414 σπεύδων,
875 2382 922 2408 καὶ

125 2423 238 2458 τρέχων
251 2424 298 2449 καὶ
309 2424 398 2450 πάντα
415 2424 536 2458 πάσχων,
548 2424 591 2450 ἵνα
605 2425 713 2457 πάντως
724 2426 784 2452 τινὰ
794 2425 840 2452 τοῦ
854 2427 922 2454 ἐκεῖ·

125 2469 178 2495 θεν
202 2469 316 2500 κάλλους
343 2469 390 2496 καὶ
407 2470 455 2504 τῆς
468 2469 530 2501 θέας
543 2470 657 2507 ἀξιώσῃ.
684 2471 730 2497 Διὸ
749 2471 795 2498 καὶ
819 2473 920 2508 σφόδρα

125 2513 243 2549 οαρρῶν
257 2513 350 2547 ἐλεγε-
369 2514 424 2541 Τὸν
436 2514 535 2548 ἀγῶνα
552 2516 605 2541 τὸν
620 2515 716 2542 καλὸν
735 2515 900 2551 ἠγώνισμαι
911 2537 919 2550 ,

123 2559 186 2586 τὸν
200 2559 311 2593 δρόμον
323 2561 473 2593 τετέλεκα,
489 2560 548 2594 τὴν
563 2561 666 2588 πίστιν
682 2561 839 2596 τετήρηκα·
854 2564 918 2590 ,λοι-

121 2604 191 2630 πῶν
205 2604 358 2631 ἀπόκειταί
370 2614 421 2640 μοι
434 2606 450 2631 ό
464 2605 518 2639 τῆς
539 2605 735 2639 δικαιοσύνης
757 2606 917 2641 στέφανος.

130 2649 209 2676 Ἀλλ’
224 2650 254 2676 ἐν
270 2650 320 2684 μὲν
331 2651 437 2682 τούτοις
451 2652 569 2683 τοιοῦτος
582 2649 616 2686 ἦν
629 2651 764 2686 ἀπτόητος
777 2655 823 2678 καὶ
838 2655 916 2689 στεῤ-

123 2696 195 2730 ρός·
216 2696 339 2729 ἐφοϐεῖτο
366 2697 393 2723 δὲ
419 2697 462 2729 τί;
479 2698 552 2732 Μήτι
568 2698 649 2729 αὐτὸς
675 2697 804 2724 ἐλλείπων
821 2698 917 2734 ὀφθείη

121 2740 179 2766 ’τοῦ
198 2741 301 2772 δέοντος
320 2742 553 2778 συνεισενεχθῆναι
575 2744 630 2774 τοῖς
649 2743 849 2779 ἐπαγγέλμασι.
869 2745 917 2772 Διὰ

169 2839 190 2854 ²¹
206 2838 215 2866 1
230 2839 292 2867 Cor.
310 2847 346 2873 ix,
362 2839 406 2867 ‘27.

973 2244 1046 2275 quat.
1059 2239 1123 2266 Haec
1138 2243 1203 2266 sunt
1219 2238 1408 2273 proschemata
1428 2238 1472 2264 illa
1492 2237 1649 2272 gravitatem
1664 2238 1762 2272 praefe-

972 2287 1060 2314 rentia
1076 2285 1238 2313 timiditatis.
1263 2284 1300 2312 Dc
1324 2285 1398 2311 nullo
1418 2284 1531 2312 istorum
1550 2285 1763 2320 metuebatille;

973 2341 988 2360 e
1010 2333 1149 2360 contrario
1173 2331 1313 2358 conﬁdens
1333 2335 1414 2362 erat,
1435 2335 1462 2358 et
1487 2330 1632 2362 resolutus,
1656 2331 1678 2358 si
1701 2332 1763 2366 quis

973 2380 1052 2412 alius,
1068 2380 1101 2407 de
1115 2379 1256 2414 promissis
1280 2378 1333 2404 illis
1347 2377 1496 2410 mirandis;
1513 2377 1607 2404 firmus
1620 2382 1679 2405 erat
1703 2378 1762 2412 pla-

974 2433 1020 2458 ne,
1038 2430 1065 2452 et
1084 2429 1157 2452 totus
1173 2424 1352 2451 inconcussus
1367 2423 1393 2450 iu
1410 2423 1517 2450 Domini
1529 2423 1674 2451 amicitiam
1686 2433 1763 2452 reco-

975 2472 1056 2499 lcnrlo
1081 2480 1088 2497 :
1120 2470 1263 2497 utilitatem
1297 2469 1405 2496 volebat
1431 2468 1557 2496 omnibus
1587 2476 1760 2498 communem

977 2514 1115 2543 exhiberi.
1155 2513 1267 2541 Judaeos
1309 2513 1341 2540 ad
1375 2514 1596 2541 communionem
1641 2515 1761 2542 thesauri

976 2561 1110 2592 vocabat;
1130 2560 1245 2587 vocabat
1279 2565 1384 2595 gentes,
1420 2567 1514 2587 omnes
1527 2559 1668 2593 barbaros,
1682 2561 1760 2596 prin-

974 2600 1059 2642 cipes,
1077 2605 1211 2636 subditos,
1228 2605 1293 2638 imo,
1309 2605 1331 2632 si
1361 2605 1446 2637 lubet,
1461 2605 1591 2638 latrones,
1607 2606 1717 2640 piratas,
1732 2611 1761 2634 et.

973 2654 1128 2681 universam
1156 2652 1311 2680 mortalium
1327 2656 1451 2679 naturam
1469 2651 1502 2679 ad
1527 2652 1758 2687 participationem

973 2699 1125 2734 margarita:
1145 2698 1322 2726 convocabat.
1350 2698 1406 2725 Nec
1431 2698 1483 2724 hoc
1510 2697 1686 2732 simpliciter,
1711 2699 1760 2726 sed

973 2754 1035 2774 cum
1046 2750 1156 2778 conatu,
1175 2753 1266 2777 cursu.
1279 2750 1305 2773 et
1316 2745 1388 2773 omni
1404 2744 1556 2776 tolerantia,
1568 2747 1597 2771 ut
1611 2744 1651 2772 sic
1663 2751 1759 2772 omnes
