1928 3097
156 125 203 157 911

736 120 867 151 ΡΗΘΤΙΙ
884 119 1135 151 PATRIARCH/E
1154 120 1209 151 ΟΡ.

1726 124 1772 156 9ιέ

156 183 198 209 vel
214 182 329 215 aliquem
343 181 438 208 saltem
461 178 673 215 puichritudinis
700 177 764 204 inde
788 175 945 204 resultantis

998 176 1074 203 τοῦτο
1091 176 1145 212 γὰρ
1163 175 1288 211 ἀγωνιῶν
1300 176 1408 210 ἔλεγεν·
1431 176 1530 209 οὕτως
1547 176 1652 212 τρέχω,
1666 178 1707 212 ὡς
1725 182 1772 208 οὐκ

110 233 127 242 ‘
155 227 238 255 faciat
260 227 417 262 participes.
448 225 631 261 Quapropter,
656 231 718 251 cum
740 223 824 250 multa
858 221 944 249 confl-

156 271 248 299 dentia
263 271 302 298 ait
319 271 441 298 :Bonum
452 271 551 297 certaui
570 273 725 300 certamen;
738 267 834 295 absolui
857 275 944 294 oleum

155 325 285 349 cursum;
311 317 389 351 ﬁdem
405 316 573 348 conservavi;
597 316 629 342 de
655 320 757 346 muro,
769 314 882 348 reposita
907 317 943 340 est

156 363 220 390 milii
239 363 352 397 justitia:
368 370 465 389 corona
482 362 514 389 ".
527 361 627 388 Verum
644 364 703 387 eral.
717 359 762 387 ille
773 359 800 386 in
816 359 875 386 istis
889 362 942 386 tam

156 407 356 442 imperterritus
367 413 394 435 et
415 407 585 439 obfirmatus,
607 410 637 433 ut
650 406 717 433 nihil
739 409 892 437 metueret;
910 412 944 432 ne

155 453 295 480 videretur
323 453 351 480 in
368 453 459 488 aliquo
474 453 613 484 deficiens,
630 456 677 479 aut
687 455 944 487 praetercongruum

155 499 304 533 quidquam
340 499 475 527 omisisse.
513 498 601 531 Quam
626 497 662 525 ob
693 505 803 525 causam
829 501 856 524 et
881 504 943 524 cum

156 545 292 572 anxietate
304 545 411 573 dicebat
426 554 433 572 :
450 546 493 572 Ita
509 553 596 576 curro,
612 549 641 570 ut
653 552 703 570 non
717 544 744 570 in
756 544 863 571 obscuro
875 543 944 578 posi-

157 595 198 617 tus
214 599 221 622 ;
237 591 276 617 ita
291 595 421 623 concerta,
438 595 466 617 ut
486 598 537 617 non
554 595 680 625 tanquam
698 597 785 616 aerem
801 589 944 621 verberem,

155 637 200 664 sed
208 636 299 671 subigo
313 637 435 663 vibicibus
446 644 538 670 corpus
553 644 650 668 meum,
666 630 731 662 et't'n
740 636 889 662 servitutem
902 643 945 662 re-

156 684 226 718 digo,
244 691 276 710 ne
289 684 379 719 forsan
388 683 451 710 dum
467 683 528 710 aliis
545 683 671 718 praedico,
691 682 747 718 ipse
761 682 826 716 ﬁam
853 690 945 717 repro-

156 730 202 757 bus
214 731 247 758 ”.
265 731 409 764 Quocirca,
423 731 457 758 de
473 732 612 766 proposito
625 739 680 758 non
696 735 753 758 erat
766 730 875 762 dubius,
895 730 944 757 de—

156 777 258 804 siderio
270 784 324 804 non
337 777 485 812 deliquium
513 777 676 812 patiebatur,
695 777 869 812 margaritam
888 783 943 803 non

157 823 255 851 metuit
273 823 479 859 abripicndam;
500 823 546 850 sed
559 831 593 850 ne
604 822 669 858 quid
687 822 745 858 ipse
758 830 791 850 eo
802 822 942 858 indignum

994 221 1124 256 ἀδηλῶς,
1137 223 1232 256 οὕτως
1244 224 1390 256 πυκτεύω,
1404 223 1445 256 ὡς
1455 224 1511 250 οὐκ
1526 222 1599 258 ἀέρα
1606 223 1701 259 δέρων·
1712 224 1773 254 du

993 268 1145 299 ὑπωπιάζω
1153 278 1213 303 μου
1225 269 1259 296 τὸ
1273 269 1369 304 σῶμα,
1390 269 1439 296 καί
1450 269 1629 305 δουλαγωγῶ
1641 290 1648 302 ,
1660 270 1704 306 μή
1721 278 1775 305 πως

994 313 1102 348 ἄλλοις
1114 315 1257 349 κηρύξας,
1269 315 1361 348 αὐτὸς
1378 315 1518 350 ἀδόκιμος
1526 316 1664 351 γένωμαι.
1679 317 1716 344 Οὐ
1733 317 1776 352 μὲν

994 359 1052 392 οὖν,
1067 361 1118 387 οὐκ
1146 360 1269 393 ἐδίσταζε
1281 361 1331 396 τὴν
1348 361 1504 396 ὑπόσχεσινο
1531 360 1581 387 οὐκ
1604 362 1710 396 ἠγωνία
1737 363 1776 390 τὸν

994 405 1096 432 πόθον·
1113 406 1143 433 οὐ
1162 406 1212 441 τὴν
1240 406 1367 442 ἁρπαγὴν
1397 407 1497 433 ὲδειλία
1524 407 1571 433 τοῦ
1596 409 1777 444 μαργαρίτουο

995 452 1062 480 ἀλλὰ
1078 453 1115 488 μή
1127 462 1154 480 τι
1167 453 1249 485 αὐτὸς
1263 453 1373 485 ἀνάξιον
1383 453 1478 480 τούτου
1492 453 1691 489 διαπράξηται,
1706 456 1740 490 μή
1754 463 1777 482 τι

995 498 1096 529 ἐνδέον,
1119 498 1156 533 μή
1168 506 1196 525 τι
1213 498 1395 533 σαλευομένης
1408 497 1522 533 γνώμης
1543 499 1702 526 ἀκόλουθον.
1717 499 1778 526 Ἀλ-

1001 543 1046 575 λος
1061 540 1140 575 οὗτος
1151 544 1251 576 δειλίας
1266 544 1377 579 τρόπος,
1389 543 1437 570 καὶ
1452 543 1531 576 ἄλλος
1540 544 1554 570 ὸ
1571 544 1634 579 περί¹
1648 544 1780 580 τὰςάμοι-

996 589 1058 622 ϐάς.
1092 590 1210 621 Ἐκεῖνος
1224 589 1365 621 ἐπαινετὸς
1378 609 1387 622 ,
1401 586 1478 622 οὗτος
1488 589 1604 624 ψεκτός·
1619 590 1722 622 ἐκεῖνος
1735 599 1780 618 σα·

995 635 1149 672 λευομένων
1161 656 1170 669 ,
1185 634 1262 667 οὗτος
1272 636 1450 672 ἡδρασμένων
1463 644 1470 651 υ
1486 637 1588 668 ἐκεῖνος
1609 636 1711 671 ἀπάγει
1729 636 1780 664 τῶν

997 679 1134 718 βράὁείων
1146 703 1153 716 ,
1168 680 1246 714 οὗτος
1257 682 1509 717 συγκατασκευάζει
1522 682 1557 709 τὰ
1579 682 1697 710 ἔπαθλα·
1708 681 1780 716 οὗτος

997 729 1116 761 Παύλου,
1131 729 1234 761 ἐκεῖνος
1245 729 1390 765 ἡμέτερος.
1411 728 1492 756 Ἀλλὰ
1509 728 1563 765 γὰρ
1581 728 1661 763 φιλῶ,
1689 730 1779 764 φησὶν,

996 775 1041 802 ἵνα
1055 776 1092 811 μὴ
1107 775 1143 807 ὡς
1156 775 1243 808 οὐδεὶς
1257 775 1326 802 εἴπω
1340 775 1420 802 πλέον
1429 784 1436 790 ·
1453 775 1490 806 ὡς
1501 775 1527 801 ei
1536 783 1577 806 τις
1588 774 1667 806 ἄλλος
1680 775 1781 802 δέδοικα

995 821 1024 848 δὲ
1035 822 1098 852 τοὺς
1115 822 1144 848 ἐν
1154 821 1204 856 βίῳ
1215 820 1358 857 πειρατὰς,
1377 821 1414 856 μή
1433 829 1466 856 με
1484 821 1622 856 συλήσωσι
1633 821 1682 856 τῆς
1695 820 1781 856 φιλίας

157 873 306 903 pateretur,
329 853 366 896 ne
404 853 485 903 quem
502 853 650 900 defectum,
663 853 706 894 ne.
725 866 792 902 quid
821 853 945 893 admittat

998 853 1163 895 ἀπόνασθαιἰ
1234 853 1279 895 τὸν
1298 867 1364 902 ἐμὸν
1377 853 1559 903 μαργαρίτην
1580 853 1725 902 λοχήσωσι.
1751 868 1781 894 Τί

157 914 229 948 quod
242 918 361 941 mentem
374 917 506 941 emoveat.
520 913 596 940 Alius
611 912 656 940 hic
666 917 723 940 erat
739 911 876 939 metuendi
889 919 947 938 mo-

157 960 219 992 dus,
235 960 304 987 alius
320 960 366 994 qui
382 959 531 994 respiceret
550 959 754 991 retributiones,
769 958 815 986 ille
831 957 946 985 laudan-

156 1006 218 1038 dus,
233 1005 429 1041 vituperandus
444 1005 506 1037 iste,
527 1005 571 1033 ille
587 1004 788 1036 ﬂuctuantium,
800 1004 947 1031 conﬁrma-

158 1057 246 1080 torum
262 1052 325 1085 iste,
341 1060 356 1080 a
368 1052 464 1080 brabio
474 1052 586 1079 abducit
597 1051 652 1084 ille,
664 1051 708 1078 hic
716 1050 948 1085 componitviclo-

158 1099 204 1126 ria:
214 1098 337 1133 praemia,
359 1097 404 1125 ille
421 1101 481 1125 erat
497 1096 584 1129 Pauli,
598 1097 643 1124 hic
663 1101 705 1124 est
718 1101 820 1124 noster.
838 1095 947 1123 Atenim

157 1151 229 1174 amo,
249 1143 366 1178 inquies,
382 1150 417 1170 ne
428 1143 493 1178 quid
517 1142 607 1169 nullus
617 1149 668 1178 ego
680 1141 741 1176 plus
756 1140 872 1168 edicam.
886 1139 947 1167 Me-

157 1193 205 1216 tuo
220 1193 312 1216 autem
326 1189 368 1216 vel
384 1189 501 1216 maxime
513 1188 546 1223 (si
559 1188 620 1223 quis
633 1187 715 1223 alius)
735 1187 837 1222 piratas
852 1186 880 1213 in
894 1185 948 1214 vita

157 1235 303 1266 obeuntes,
324 1242 359 1262 ne
374 1242 418 1262 me
433 1234 550 1270 spolient
567 1233 693 1261 amicitiae
715 1232 817 1265 fructu,
831 1240 866 1259 ne
880 1231 949 1259 insi-

157 1279 216 1306 dias
233 1283 339 1307 struant
349 1279 500 1315 margarita:
513 1287 591 1307 meae.
606 1278 688 1312 Quid,
705 1278 799 1311 homo,
813 1282 842 1305 tu
854 1277 950 1304 balbu-

159 1325 217 1352 tis?
254 1325 392 1352 amicosne
418 1325 565 1352 malevolos
589 1324 678 1351 facis?
719 1331 770 1351 nec
797 1323 825 1350 in
850 1323 949 1350 bonam

159 1376 283 1406 partem,
312 1375 342 1398 ut
365 1376 535 1398 venustatem
561 1370 662 1398 habeas
689 1369 869 1397 admiratione
884 1390 892 1402 ,
920 1373 950 1397 ut

159 1417 304 1452 splendore
320 1421 482 1444 coruscante
495 1425 527 1444 ex
544 1417 664 1445 amicitia
684 1416 836 1444 illustratus
851 1415 951 1443 allicia—

160 1463 199 1490 ris
212 1463 321 1498 gaudio,
339 1468 367 1490 et
381 1470 429 1497 spe
455 1463 562 1490 meliori
579 1462 737 1490 luxuriere:
756 1462 802 1490 sed
824 1461 862 1489 uti
884 1469 949 1496 pro-

158 1508 230 1535 clive
243 1508 290 1535 tibi
306 1508 351 1540 sit,
364 1512 493 1544 tanquam
518 1516 563 1535 res
580 1508 714 1535 inanimes
723 1508 848 1542 prodere,
866 1507 949 1534 latro-

159 1562 225 1582 num
256 1554 412 1582 incursibus
446 1559 474 1582 et
507 1554 611 1590 rapinis
645 1554 766 1586 cedens,
793 1553 890 1589 partim
920 1557 949 1580 ut

160 1599 295 1633 ingestam
321 1599 513 1627 contumeliam
540 1599 677 1627 occultare
698 1605 783 1633 queas
813 1596 950 1632 perartifi-

161 1646 259 1678 ciose,
283 1650 311 1673 et
339 1650 512 1680 contemptus
541 1646 602 1673 velo
630 1645 760 1681 religiosa:
780 1644 950 1672 verecundiae

161 1690 260 1718 famam
284 1691 392 1719 veneris
411 1699 418 1723 ;
436 1691 517 1718 simul
552 1686 634 1718 etiam
663 1695 693 1718 ut
726 1690 828 1718 amicos
857 1697 950 1717 morsu

161 1737 285 1773 graviore
298 1741 327 1764 et
343 1736 521 1772 profundiore
536 1737 678 1772 corripias.
696 1736 734 1764 lta
753 1741 793 1770 ut,
817 1744 871 1764 non
884 1744 950 1771 quo-

161 1782 243 1810 modo
257 1783 346 1811 solent
359 1783 498 1816 malevoli,
525 1783 562 1811 ita
582 1788 610 1810 et
625 1783 705 1811 amici
720 1783 775 1811 sint
790 1783 825 1811 ob
839 1783 951 1818 pusilla-

162 1829 312 1856 nimitatem
329 1829 474 1856 cavillandi
492 1838 500 1864 ;
514 1829 561 1857 sed
584 1829 645 1857 ideo
656 1829 728 1864 quod
738 1829 830 1856 videre
847 1829 950 1860 videor,

161 1881 272 1901 onmem
301 1874 329 1901 iu
346 1882 395 1902 eos
412 1879 584 1910 potestatem,
606 1883 716 1902 omnem
727 1875 874 1902 voluntatis
901 1874 952 1902 do-

161 1919 350 1952 minationem,
373 1919 406 1947 ad
419 1920 581 1955 mergendos
604 1919 731 1947 ﬂuctibus
742 1920 853 1953 abiisse,
879 1919 952 1954 quod

161 1965 337 1992 insidiatores
363 1965 507 1993 observem
533 1970 561 1993 et
578 1965 727 2001 naufragia.
743 1965 897 1998 Enimvero,
911 1965 952 1992 vir

163 2011 235 2039 bone
250 2016 278 2038 et
291 2011 436 2042 laudande.
452 2011 597 2039 artificiose
617 2011 770 2047 procedens
786 2011 951 2044 convicium,

162 2058 226 2085 licet
241 2057 309 2084 nihil
331 2057 382 2085 tale
393 2058 549 2091 intenderit,
565 2058 687 2093 proderit
704 2063 797 2086 tamen
825 2058 950 2091 fortasse,

160 2103 225 2131 dum
248 2104 315 2131 foris
341 2104 445 2132 illatum
477 2104 577 2131 mentis
605 2109 740 2132 tumorem
768 2109 922 2140 compescat
943 2124 951 2136 ,

161 2149 311 2185 frangendo
324 2150 399 2177 illum
411 2150 532 2185 quidem,
547 2150 595 2178 sed
611 2154 640 2178 et
653 2151 799 2178 consilium
815 2151 950 2178 adhiben-

996 914 1095 946 λαλεῖς,
1111 914 1236 950 ἄνθρωπε
1246 923 1253 947 ;
1264 914 1422 949 μαργάρους
1437 914 1500 946 τοὺς
1517 913 1609 949 φίλους
1625 915 1721 946 ποιεῖς,
1735 914 1782 941 οὐκ

996 960 1029 986 ἐκ
1041 959 1089 986 τοῦ
1105 959 1247 996 βελτίονος,
1265 960 1308 987 ἵνα
1322 960 1352 986 τὺ
1365 959 1463 992 κάλλος
1482 960 1625 995 θαυμάζῃς
1636 980 1644 992 ,
1660 960 1708 986 καὶ
1726 962 1781 992 ταῖς

999 1008 1197 1042 μαρμαρυγαῖς
1212 1007 1262 1040 τῆς
1273 1006 1302 1032 ἐν
1316 1007 1350 1042 τῇ
1373 1006 1452 1042 φιλίᾳ
1485 1006 1681 1042 λαμπρότητος
1706 1015 1782 1040 περι-

997 1051 1220 1088 αστρατπόμενος
1231 1051 1396 1087 χαίρῃς,καὶ
1407 1052 1512 1087 τρυφᾷς
1524 1053 1583 1084 ταῖς
1595 1052 1733 1087 ἀμείνοσιν
1742 1053 1783 1078 ἐλ-

998 1097 1085 1125 πίσιν.
1104 1097 1174 1124 Ἀλλ’
1196 1098 1240 1125 ῐνα
1252 1091 1299 1133 ἐξῇ
1310 1096 1363 1124 ’σοι
1375 1097 1454 1124 τοῦτο
1467 1098 1526 1133 μὲν,
1538 1097 1577 1130 ὡς
1595 1099 1660 1133 περὶ
1676 1098 1783 1133 ἀψύχων

997 1143 1143 1178 προδοσίαν
1159 1143 1296 1176 πλάττειν,
1312 1144 1359 1170 καὶ
1375 1143 1484 1180 λῃστῶν
1500 1143 1612 1178 ἐφόδους
1627 1143 1676 1170 καὶ
1693 1144 1783 1180 ἁρπα-

997 1190 1060 1224 γήν.
1076 1184 1164 1216 Τοῦτο
1178 1189 1216 1222 δέ,
1231 1189 1268 1221 ὡς
1281 1189 1314 1216 ἂν
1329 1189 1472 1226 δυνηθείης
1486 1189 1534 1217 τὸν
1557 1190 1784 1226 προπηλακισμὸν

998 1235 1131 1270 κρύπτειν
1156 1236 1195 1271 τῷ
1219 1235 1408 1271 τεχνάσματι·
1434 1236 1483 1263 καὶ
1501 1235 1540 1272 τῷ
1555 1236 1784 1272 ἐσχηματισμένῳ

999 1280 1115 1316 ὕϐρεως,
1127 1281 1186 1316 ἅμα
1203 1281 1252 1316 μὲν
1272 1282 1414 1314 εὐλαϐείας
1431 1281 1510 1314 δόξαν
1523 1282 1653 1318 θηρᾶσαι,
1678 1283 1736 1317 ἅμα
1757 1282 1786 1309 δέ

999 1326 1148 1362 βαθύτερον
1171 1334 1200 1352 τε
1226 1326 1275 1353 καὶ
1303 1327 1468 1362 πικρότερον
1482 1326 1538 1353 τῶν
1554 1326 1639 1361 φίλων
1651 1327 1787 1354 καθάπτε-

999 1372 1076 1399 σθαι·
1092 1373 1133 1399 ὃτι
1148 1372 1209 1399 καθ’
1227 1373 1258 1399 ὃν
1285 1373 1395 1408 τρόπον,
1423 1373 1472 1408 οὐχ
1486 1373 1511 1400 οἱ
1541 1374 1689 1409 μάργαροι,
1705 1373 1786 1408 λέγω,

998 1418 1085 1451 οὕτως
1097 1419 1152 1446 οὐδ’
1165 1420 1189 1446 οἱ
1207 1419 1278 1453 φίλοι
1293 1419 1342 1453 τῆς
1356 1419 1458 1451 δειλίας
1485 1419 1540 1446 εἰσί
1558 1428 1604 1455 μοι
1628 1420 1766 1455 παραίτιοι
1779 1428 1787 1435 ·

999 1464 1058 1491 ἀλλ’
1072 1465 1114 1491 ὅτι
1133 1464 1189 1500 ὁρῶ
1204 1465 1253 1500 τὴν
1270 1465 1333 1500 περὶ
1347 1465 1446 1497 αὐτοὺς
1459 1464 1596 1498 ἐξουσίαν,
1614 1465 1704 1491 καὶτὸ
1720 1466 1789 1500 κρά-

999 1519 1045 1542 τος
1058 1511 1105 1537 τοῡ
1127 1510 1307 1545 βουλήματος,
1330 1510 1390 1537 ὅλον
1415 1511 1456 1541 είς
1481 1511 1542 1542 τοὺς
1572 1511 1790 1542 καταποντιστὰς

1001 1557 1210 1592 μεταχωρῆσαν.
1239 1557 1286 1583 καὶ
1313 1557 1376 1588 τοὺς
1390 1556 1528 1591 λοχῶντας
1551 1557 1599 1582 καὶ
1613 1557 1647 1583 τὰ
1661 1556 1790 1590 ναυάγια.

1005 1601 1076 1627 Ἀλλ’
1090 1600 1180 1636 ὕϐρις,
1193 1598 1216 1627 ὦ
1233 1601 1299 1628 καλὲ
1314 1602 1362 1628 καὶ
1377 1601 1474 1636 ἀγαθὲ,
1488 1602 1537 1628 σὺν
1551 1601 1634 1638 τέχνῃ
1647 1602 1790 1636 προϊοῦσα,

1000 1647 1171 1674 λανθάνουσα
1186 1648 1245 1682 μὲν,
1257 1648 1328 1682 τάχα
1344 1656 1371 1674 τι
1390 1649 1438 1675 καὶ
1453 1649 1574 1683 συνήσει,
1590 1647 1640 1683 τῆς
1657 1649 1748 1683 ψυχῆς
1761 1649 1792 1674 τδ

1000 1694 1113 1721 οίδατνον
1127 1694 1180 1726 ἔξω
1196 1693 1330 1730 ῥηγνῦσα,
1345 1694 1542 1730 παρηγοροῦσά
1553 1703 1582 1721 τε
1599 1695 1646 1721 καὶ
1657 1695 1794 1730 διαπραΰ-

1000 1748 1083 1767 νουσα
1093 1748 1100 1756 ·
1116 1739 1244 1767 ἐπειδ¹ἃν
1258 1740 1287 1767 δὲ
1302 1740 1464 1776 κατάφωρος
1486 1740 1609 1775 γένηται,
1636 1742 1677 1772 είς
1693 1741 1794 1767 ταύτὸν

1001 1786 1089 1813 ἄτοπα
1102 1785 1189 1812 πολλὰ
1214 1786 1335 1819 συνάγει’
1352 1783 1418 1822 ἦθος
1446 1786 1533 1822 βαρὺ,
1555 1786 1640 1822 ψογὺν
1663 1787 1795 1819 ἐπαίνους

1002 1833 1233 1868 ὑποκρινόμενον*
1266 1832 1407 1868 αἰσχύνην,
1434 1832 1477 1866 ἐφ’
1502 1830 1543 1865 οἷς
1558 1832 1572 1858 ὁ
1598 1832 1729 1868 κρύπτων
1743 1834 1795 1859 οὐκ

1001 1878 1107 1905 ἔλαθεν.
1117 1878 1172 1904 Καὶ
1193 1878 1358 1913 παρατρέχω
1375 1877 1410 1904 τὰ
1426 1877 1547 1905 πλείονα.
1571 1879 1682 1911 Καίτοι,
1698 1879 1724 1905 εί
1743 1879 1796 1914 μὲν

1003 1923 1125 1958 ὑδρίζειν
1153 1923 1206 1950 ἔδει
1218 1944 1226 1956 ,
1253 1922 1295 1954 τίς
1311 1924 1327 1958 ὴ
1356 1923 1464 1958 μηχανὴ
1492 1922 1539 1949 τοῦ
1556 1923 1708 1959 κρύπτειν;
1722 1924 1747 1950 εί
1765 1924 1796 1950 δὲ

1001 1970 1093 1998 λαϐεῖν
1108 1971 1202 2005 ἐχρῆν,
1217 1970 1328 2004 ἄμεινον
1341 1966 1375 2004 ἦν
1395 1969 1464 2004 μηδέ
1482 1969 1531 2004 τὴν
1545 1969 1632 2004 ἀρχὴν
1642 1969 1682 2001 είς
1698 1968 1797 2004 ὕϐρεις

1002 2015 1101 2043 ἐλθεῖν.
1121 2015 1150 2042 '0
1159 2015 1187 2042 δὲ
1200 2014 1331 2050 κρύπτων
1346 2014 1394 2050 μὲν
1402 2015 1431 2041 ὲν
1442 2013 1481 2050 τῷ
1494 2015 1628 2050 μαργάρῳ
1639 2015 1688 2050 τὴν
1699 2015 1795 2050 ὕϐριν,

1001 2061 1094 2088 λαθεῖν
1107 2060 1136 2087 δὲ
1161 2060 1211 2087 οὐκ
1227 2059 1296 2095 ἔχων
1314 2059 1363 2094 τὴν
1389 2059 1505 2095 τέχνην,
1521 2060 1571 2086 οὐκ
1589 2057 1636 2086 οἷδ’
1652 2060 1737 2093 ὅπως,
1755 2058 1798 2086 ὧν

1003 2109 1127 2145 βούλεται
1142 2108 1171 2134 οὺ
1188 2107 1370 2134 διαπεσεῖται.
1388 2105 1457 2132 Οὔτε
1470 2105 1525 2140 γὰρ
1544 2104 1640 2132 ἔλαθεν
1663 2105 1796 2140 ὑϐρίσας,

1003 2155 1050 2182 καὶ
1068 2154 1119 2191 τὴν
1135 2153 1236 2189 σκηνὴν
1260 2151 1314 2188 (ἵνα
1343 2150 1426 2187 μηδὲν
1440 2151 1510 2178 εἴπω
1536 2150 1628 2186 πλέον)
1649 2150 1798 2186 ἐλέγχεται

161 2196 206 2229 do,
227 2200 255 2224 et
271 2196 438 2224 sedatiorem
457 2197 606 2231 operando.
634 2197 669 2224 At
688 2204 750 2224 cum
764 2196 872 2232 publice
886 2203 948 2224 con-

1004 2200 1092 2236 μάτην
1119 2198 1286 2229 διαπλώσας.
1313 2196 1407 2223 Βούλει
1435 2195 1609 2231 μαργαρίδας
1634 2195 1698 2227 τοὺς
1729 2196 1801 2227 σοὺς

161 2243 278 2270 vicietur
293 2243 402 2278 aliquis,
420 2243 519 2271 multas
542 2243 733 2279 superinducit
756 2243 950 2276 absurditates,

161 2289 348 2317 intolerandos
371 2297 473 2322 mores,
486 2289 651 2324 vituperium
672 2288 723 2316 sub
737 2293 869 2324 praetextu
892 2288 952 2316 lau-

162 2335 213 2368 dis,
244 2335 462 2370 pudefactionem
477 2335 511 2363 de
528 2335 561 2362 iis
579 2343 640 2370 quae
653 2335 749 2368 voluit,
768 2335 815 2362 sed
830 2334 930 2362 frustra
942 2355 950 2369 ,

162 2381 310 2409 occultare.
344 2381 463 2409 Plurima
485 2386 628 2416 praetereo.
648 2381 726 2414 Quod
753 2381 776 2408 si
805 2381 952 2408 conviciari

162 2428 331 2463 propositum
343 2427 405 2460 fuit,
422 2428 488 2463 quid
505 2435 575 2462 opus
586 2427 742 2455 occultandi
757 2427 893 2454 artiﬁcio?
908 2427 950 2454 sin

162 2474 231 2502 clam
253 2482 315 2502 esse
339 2479 367 2502 et
394 2475 478 2502 latere
497 2495 505 2507 ,
520 2479 597 2502 certe
621 2473 793 2509 praestitisset
821 2473 856 2500 ab
876 2472 951 2500 omni

163 2527 275 2556 prorsus
300 2520 465 2548 contumelia
487 2519 653 2547 abstinuisse
668 2520 695 2547 in
710 2519 799 2546 initio.
817 2518 869 2551 Qui
887 2526 952 2546 vero

162 2566 356 2594 contumeliam
374 2574 423 2601 per
445 2567 619 2602 margaritam
643 2566 784 2598 occultat,
799 2573 851 2592 nec
865 2564 952 2592 celare

163 2612 401 2645 novitartiliciose,
417 2617 519 2645 tamen,
534 2612 627 2640 nescio
640 2619 694 2647 quo
711 2616 800 2646 pacto,
815 2618 829 2637 a
841 2618 889 2646 spe
904 2618 953 2638 sua

163 2668 218 2687 non
233 2658 333 2687 excidit
358 2662 386 2686 et
403 2658 546 2687 desiderio.
566 2657 658 2693 Neque
686 2657 759 2684 enim
779 2656 858 2684 latuit
881 2664 950 2684 con-

163 2706 334 2733 tumeliosius
350 2713 442 2741 agens,
462 2710 490 2732 et
504 2712 614 2732 scenam
630 2704 712 2737 illam,
722 2711 757 2731 ne
767 2703 831 2738 quid
845 2703 952 2738 gravius

165 2751 266 2784 dicant,
278 2751 378 2779 frustra
393 2751 565 2779 convincitur
579 2741 828 2779 adomasseIVisne
843 2750 951 2777 amicis-

205 2840 225 2855 “
239 2841 262 2867 ll
277 2841 348 2868 Tim.
366 2850 402 2874 Iv,
420 2844 446 2870 8.
485 2843 507 2859 "
522 2843 531 2870 l
546 2842 607 2870 Cor.
625 2850 662 2877 lx,
676 2843 720 2876 26,
736 2843 782 2871 27.

1001 2245 1176 2281 ἐξονομάζειν
1189 2244 1299 2279 φίλους;
1315 2243 1352 2278 μὴ
1370 2242 1469 2270 σαῠτδν
1496 2241 1639 2277 δισταγμῷ
1660 2243 1799 2277 περιτρέ-

1002 2299 1074 2324 ποις,
1097 2291 1136 2322 ὡς
1152 2290 1183 2317 τὸ
1211 2289 1308 2316 λευκὸν
1322 2288 1372 2324 τῆς
1401 2287 1511 2322 ἀγάπης
1528 2287 1577 2314 καὶ
1596 2287 1734 2323 λαμπρὸν,
1756 2289 1802 2319 εἰς

1001 2337 1051 2372 τὴν
1066 2336 1198 2372 μέλαιναν
1224 2334 1389 2369 διαχύσωσιν
1417 2332 1531 2368 ἐχθραν·
1550 2332 1619 2368 μηδέ
1646 2331 1753 2368 sane;
1769 2333 1804 2359 τὸ

1002 2385 1052 2422 τῆς
1070 2384 1216 2414 διαθέσεως
1245 2381 1373 2417 ἒντορον,
1405 2380 1453 2407 καὶ
1469 2379 1640 2415 πανταχόθεν
1661 2378 1719 2406 [σον
1747 2379 1806 2406 καὶ

1003 2430 1135 2466 καθαρὸν,
1151 2429 1189 2461 ὡς
1203 2429 1243 2460 είς
1257 2428 1366 2458 ἀνίσους
1378 2426 1479 2462 γωνίας
1497 2425 1620 2460 πλαστῆς
1642 2425 1806 2461 περιθραυς

1005 2477 1136 2512 σθήσεται
1147 2473 1269 2510 γνώμης.
1290 2473 1371 2500 Ἀλλὰ
1380 2473 1493 2508 δειλιᾷς,
1515 2472 1553 2506 μὴ
1569 2472 1680 2507 ἁρπαγῇ
1699 2481 1751 2498 σου
1772 2473 1807 2500 τὸ

1004 2521 1180 2558 τιμιώτατον.
1202 2520 1259 2547 Οὐκ
1272 2519 1345 2546 ἐστιν
1362 2519 1466 2554 ἄψυχος
1489 2517 1549 2544 οὐδὲ
1566 2517 1696 2552 ἀκίνητος
1714 2518 1731 2544 ὸ
1755 2519 1808 2553 φί-

1005 2568 1050 2600 λος
1064 2567 1114 2603 τὴν
1142 2567 1239 2602 φύσινο
1259 2566 1292 2593 ὲκ
1307 2565 1353 2592 τοῦ
1384 2566 1504 2600 χείρονος
1521 2565 1538 2599 ἡ
1564 2563 1675 2599 τοιαύτη
1696 2565 1809 2600 χρῆσις

1005 2613 1052 2640 τοῦ
1065 2612 1301 2649 παραδείγματος·
1318 2611 1365 2638 καὶ
1375 2611 1389 2637 ὁ
1399 2611 1448 2646 τὴν
1461 2609 1589 2646 ἁρπαγὴν
1601 2609 1689 2644 λέγων
1708 2610 1811 2637 δεδιέ-

1007 2669 1070 2693 ναι,
1095 2660 1145 2695 τῆς
1170 2659 1273 2690 εἰκόνος
1295 2656 1466 2684 ἐπιϐουλεύει
1493 2657 1524 2683 τὸ
1536 2657 1683 2692 χρήσιμον.
1715 2657 1812 2685 Ἀλλὰ

1005 2706 1086 2741 φοϐῇ,
1100 2705 1138 2741 μὴ
1153 2704 1288 2740 ἅρπαγμα
1303 2704 1360 2736 τοῖς
1378 2703 1478 2738 λοχῶσι
1490 2702 1611 2737 γένηται.
1630 2702 1687 2729 Καὶ
1709 2703 1744 2730 τί
1767 2704 1814 2740 μὴ

1005 2752 1094 2787 λέγεις
1118 2751 1229 2785 ἁπλῶς
1254 2750 1323 2779 ἀλλὰ
1352 2749 1486 2785 φοϐοῦμαι
1517 2749 1553 2786 μὴ
1567 2747 1650 2780 αὐτὸς
1672 2749 1815 2783 ἀποστὰς
