1928 3097
141 146 195 179 913

717 147 985 178 EPISTOLARUM
1004 148 1121 179 LIBER
1139 150 1178 179 Il.

1709 150 1762 181 914

139 202 220 238 ἡμῶν
236 200 305 236 μετὰ
327 200 382 227 τῶν
394 200 536 236 λοχώντων
557 201 687 236 γένηται·
712 201 749 238 μὴ
764 201 927 236 ὲπιλήσηται

979 202 1062 230 simos
1083 207 1143 232 tuos
1169 205 1256 239 palam
1281 205 1424 233 nominare
1469 205 1481 232 ?
1505 205 1566 233 Noli
1594 206 1770 241 temetipsum

141 245 242 281 φιλίας,
258 244 357 278 πόνων,
376 245 475 277 ἄθλων,
492 244 539 276 οὓς
550 245 595 271 διὰ
605 245 721 280 Χριστὸν
749 245 798 273 καὶ
814 246 863 282 τὴν
875 245 925 272 αὐ-

140 290 188 318 τοῦ
209 289 372 325 Ἐκκλησίαν
383 289 549 325 ἠνέγκαμεν.
563 290 656 322 Οὕτως
668 291 683 317 ὀ
694 290 782 325 λέγων
797 291 843 318 καὶ
855 290 924 318 ἁπο-

141 335 286 363 καλύπτων
304 335 355 368 τῆς
371 335 492 368 ἀγωνίας
504 334 534 361 τὸ
543 336 638 367 αἴτιον,
652 336 699 362 καὶ
711 336 746 362 τὰ
760 336 858 363 ἑαυτοῦ
871 346 925 372 χω-

143 381 185 415 ρὶς
199 381 324 416 μηχανῆς
337 381 462 416 πράττει,
479 381 527 408 καὶ
541 381 587 408 τὸν
600 381 686 408 αῐτιον
701 382 787 417 ῥᾷστα
802 382 924 417 διορθοῦ-

141 436 195 460 ται,
210 427 256 454 καὶ
277 427 394 454 δεικνύει
422 427 534 464 θαρῤεἶν
549 428 655 458 ἑαυτὸν.
680 425 720 459 οἷς
737 428 871 455 ὲπικαλεί.
895 429 925 455 '0

141 472 170 499 δὲ
184 473 287 508 σκηνὴν
297 474 413 508 πηγνὺς,
425 471 485 501 εἶτα
494 473 709 510 δραματουργῶν
721 474 750 501 ὲν
761 474 841 510 αὐτῇ,
857 475 927 509 μετὰ

142 519 314 553 προσωπείου
326 520 356 546 τὸ
367 519 537 556 βλάσφημον,
552 520 611 546 ἀντὶ
629 519 677 546 τοῦ
698 520 801 556 σκηνὴν
822 521 927 556 ἑτέροις

141 563 296 599 προϐαλεῖν,
324 564 485 600 λαὸύρινθον
512 565 601 600 ἑαυτῷ
614 566 740 594 λανθάνει
755 567 906 602 περιτιθείς
918 576 924 583 ·

141 609 180 641 ὡς
197 609 245 636 καὶ
256 609 303 636 νῦν
315 611 382 645 ὁρᾷς
396 611 446 638 οὐκ
461 611 535 638 ἔστιν
563 610 691 644 ἐξελθεῖν.
725 611 796 639 Ἀλλ’
811 612 871 639 ὅθεν
895 613 928 640 ἄν

140 663 182 685 τις
195 655 334 690 προκύψαι
349 657 504 693 πειραθείη,
516 658 680 685 ἀπαντῶσαν
689 657 746 694 ἔχει
761 659 928 694 πανταχόθεν

142 699 189 726 τοῦ
206 699 368 736 λαϐυρίνθου
395 702 444 737 τὴν
460 703 643 738 κατασκευήν.
673 703 765 738 Χωρὶς
796 703 852 739 γὰρ
873 704 927 731 τῶν

143 746 307 781 εἰρημένων,
323 748 347 773 εί
364 748 413 782 μὲν
427 747 474 775 νῦν
484 747 585 784 δειλιᾷς
599 749 649 784 τὴν
660 749 762 783 φιλίαν,
779 749 805 775 τί
826 748 863 785 μὴ
886 749 928 785 ρί-

143 800 213 827 πτῃς
224 796 247 825 υ,
265 792 282 828 ἡ
295 801 324 818 σε
341 792 385 819 διὰ
399 793 457 828 βίου
474 793 623 820 σαλεύουσα
635 794 728 826 παίζει
742 802 750 826 ;
766 794 797 821 Et
808 794 836 820 δὲ
847 794 928 830 ἐθάρ-

144 838 242 872 ῥηκας,
258 837 316 869 πῶς
336 839 367 864 ὲκ
382 837 429 865 τοῦ
441 839 585 874 παρόντος,
602 839 726 875 καὶπερὶ
739 839 794 866 τῶν
817 839 928 875 μελλόν-

142 870 197 909 των
211 882 241 909 οὐ
257 882 404 918 λαμϐάνεις
415 885 464 920 τὴν
476 870 645 919 ἀσφάλειαη
660 870 718 913 ἀλλ’
729 885 769 918 οἷς
784 870 833 922 μὲν
845 887 927 923 ἔχεις,
943 870 967 900 Β

141 928 172 954 οὐ
189 929 295 963 χαίρεις
306 937 314 944 ·
328 929 346 956 ἃ.
359 930 380 956 δ’
399 930 533 963 ὑπονοεῖς,
557 932 595 963 ὼς
606 932 652 959 ὑπ’
667 932 758 959 αὐτῶν
781 933 929 969 κατειλημ-

144 974 234 1009 μένος,
252 975 354 1007 στένεις
366 984 372 991 ·
386 976 486 1011 μᾶλλον
497 977 519 1004 δ’
535 978 568 1005 ἄν
585 987 627 1010 τις
645 978 739 1014 ἔτερος
762 979 877 1006 αἱτιάσοι
887 967 945 1006 ’ξδ’

143 1020 184 1055 (οὐ
199 1019 253 1056 γὰρ
269 1020 357 1055 ἔγωγε
373 1021 407 1048 ἂν
420 1022 514 1058 φαίην)
527 1024 565 1056 ὡς
576 1025 606 1057 ἐξ
617 1021 655 1051 ὧν
672 1025 735 1060 περὶ
748 1025 802 1052 τῶν
818 1026 928 1061 μελλόν-

141 1074 195 1092 των
209 1065 403 1102 τεθορύϐησαι,
419 1068 492 1104 ἔργῳ
508 1069 559 1096 κᾶν
578 1071 615 1106 μὴ
626 1071 697 1106 λόγῳ
709 1071 878 1107 διομολογῇς,
891 1072 929 1103 ὼς

141 1111 202 1138 οὐδὲ
214 1112 247 1138 τὰ
257 1113 378 1148 παρόντα
393 1123 434 1141 σοι
447 1109 587 1151 πέπηγεν·
604 1115 662 1143 ἀλλ’
687 1117 778 1152 ἡμεῖς,
796 1114 818 1143 ὦ
841 1117 928 1152 φίλος,

142 1153 187 1182 οἷα
213 1157 340 1193 λέγομεν,
368 1159 441 1186 ἁπλᾶ
461 1160 509 1187 καὶ
531 1161 606 1197 σαφῆ
636 1162 844 1190 συνεπισκόπει.
872 1163 930 1190 Οὐκ

142 1202 283 1238 ἐπιτρέπω
298 1204 349 1239 μέν
360 1213 401 1232 σοι
416 1206 559 1241 προδοῦναι
583 1207 630 1233 τὸν
645 1207 820 1243 μαργαρίτην
830 1216 836 1223 ·
861 1208 929 1236 ἀλλὰ

144 1246 209 1283 μηδ’
225 1249 386 1284 εὐπρόδοτον
396 1250 514 1285 λογίζου·
532 1252 611 1279 τοῦτο
627 1253 682 1288 γὰρ
698 1253 751 1288 πρὸ
764 1253 870 1281 ἐκείνου
883 1263 929 1281 πι-

142 1294 261 1330 κροτέρα
273 1296 373 1330 μᾶλλον
387 1298 434 1324 καὶ
449 1297 585 1334 βαθυτέρα
603 1298 743 1335 προδοσία.
764 1299 811 1335 Μὴ
822 1301 930 1336 προδῷς

142 1339 189 1365 τὸν
210 1339 256 1366 σὺν
268 1341 452 1377 μαργαρίτην,
466 1342 534 1369 ἀλλὰ
548 1343 609 1379 μηδ’
624 1343 788 1380 ἀναίσθητον
805 1345 853 1371 καὶ
865 1345 927 1371 ἀκί-

143 1393 223 1420 νητον
237 1386 354 1420 ὑπονόει,
372 1388 439 1423 μηδὲ
449 1389 505 1420 τοῖς
519 1388 626 1424 ἐχθροῖς
640 1390 681 1421 είς
695 1389 795 1418 ἅλωσιν
816 1390 928 1426 πρόχει-

143 1439 206 1467 ρον·
224 1431 261 1467 μὴ
276 1431 360 1459 δειλία
376 1433 426 1468 τὴν
438 1434 539 1468 φιλίαν·
557 1434 635 1470 ὕϐρις
649 1435 708 1462 ἐστὶ
727 1436 836 1468 πάντως
848 1436 866 1472 ἢ
881 1436 929 1463 τοῦ

142 1477 304 1512 δειλιῶντος,
317 1479 334 1514 ἢ
358 1479 423 1515 περὶ
435 1477 474 1507 ὧν
496 1480 693 1516 δειλαινόμεθα.
725 1482 777 1509 Τὸν
800 1482 852 1518 μὲν
874 1483 929 1519 γὰρ

975 250 1143 278 distractioni
1170 250 1314 286 subjicere,
1339 251 1375 278 ita
1395 255 1426 278 ut.
1455 251 1600 278 candorem
1624 251 1723 278 amoris
1741 255 1769 279 et

975 297 1149 332 splendorem
1175 296 1204 323 in
1233 296 1401 332 nigredinem
1438 303 1582 324 convertas
1611 296 1767 324 inimicitia-

975 349 1047 369 rum.
1060 342 1118 370 Noli
1137 342 1174 369 ita
1192 341 1367 369 meticulosus
1377 349 1447 375 esse,
1464 347 1495 370 ut
1517 343 1555 369 tui
1572 342 1688 370 instituti
1700 342 1766 370 soli-

976 388 1100 421 ditatem,
1129 392 1157 415 et
1180 392 1281 414 statum
1301 387 1483 422 undequaque
1511 388 1656 422 aequalem,
1684 392 1767 421 atque

977 432 1037 460 labe
1050 432 1125 460 omni
1142 432 1303 464 immunem,
1321 432 1349 458 in
1358 432 1472 467 angulos
1483 432 1631 467 hiatquales
1644 432 1767 459 conficta:

977 477 1113 512 opinionis
1131 477 1270 505 collidere.
1288 477 1342 504 Sed
1357 484 1450 504 curam
1472 477 1597 512 dejiceris
1609 497 1618 510 ,
1639 484 1674 504 ne
1696 476 1766 504 forte

978 523 1050 558 quod
1073 523 1298 558 pretiosissimum
1312 527 1354 550 est
1390 523 1522 550 violenter
1547 531 1564 550 a
1588 528 1613 550 te
1635 523 1766 557 rapiatur.

977 568 1089 596 Amicus
1109 576 1163 595 non
1179 573 1221 596 est
1240 569 1299 596 sine
1310 568 1412 600 anima,
1437 575 1488 595 nec
1501 568 1647 595 immobilis
1670 571 1766 594 natura

978 622 1052 646 sua;
1076 622 1091 641 a
1117 619 1193 649 parte
1219 614 1352 642 deteriore
1376 614 1519 642 deducitur
1544 614 1626 648 hujus
1649 613 1766 648 exempli

979 668 1056 687 usus.
1073 660 1097 687 Is
1110 661 1154 695 qui
1171 668 1201 688 se
1212 661 1280 687 dicit
1293 660 1416 695 rapinam
1430 664 1564 692 metuere,
1580 659 1652 694 quod
1667 659 1695 686 in
1709 659 1766 693 ipsa

980 706 1096 742 imagine
1122 706 1186 733 utile
1201 705 1317 733 habetur
1329 726 1337 738 ,
1357 706 1429 733 idem
1443 710 1581 741 oppugnat
1602 713 1635 732 ex
1650 704 1764 731 insidiis.

980 751 1078 779 Metuis
1103 759 1194 787 porro.
1215 759 1249 778 ne
1264 751 1455 778 insidiantibus
1472 751 1561 786 praeda
1576 750 1622 777 ﬁat
1636 758 1643 783 ;
1672 748 1766 784 quidni

980 802 1069 824 autem
1082 796 1204 824 disertim
1217 796 1357 823 allirmas?
1378 803 1475 823 vereor
1487 803 1521 822 ne
1545 796 1667 823 desertor
1680 795 1765 821 nostri

983 842 1017 869 ad
1039 846 1130 877 partes
1155 848 1184 869 se
1201 841 1348 868 transferat
1367 840 1578 872 insidiatorum;
1607 846 1704 866 vereor
1730 845 1766 865 ne
1791 874 1793 877 Ι

980 887 1157 916 obliviscatur
1181 887 1317 919 amicitiae,
1332 887 1468 918 laborum,
1488 885 1679 917 certaminum,
1705 892 1766 918 qua:

979 941 1029 970 pro
1048 933 1158 961 Christo
1173 933 1339 961 sustinemus
1360 937 1387 960 ct
1399 931 1528 960 Ecclesia.
1553 931 1617 958 Haec
1630 931 1676 966 qui
1701 937 1766 965 pro-

979 978 1096 1012 nuntiat,
1111 983 1139 1006 et
1152 983 1241 1005 metus
1256 977 1298 1005 sui
1310 984 1418 1005 causam
1435 977 1475 1004 sic
1490 976 1602 1008 revelat,
1616 983 1674 1003 rem
1689 982 1767 1002 suam

979 1026 1034 1059 agit
1051 1024 1111 1051 sine
1127 1023 1262 1056 machina,
1289 1026 1317 1051 et
1335 1030 1398 1050 eum
1425 1022 1504 1050 facile
1519 1022 1624 1049 reducit
1638 1022 1667 1048 in
1693 1021 1767 1048 viam

979 1074 1081 1097 rectam
1092 1070 1138 1104 qui
1153 1075 1195 1096 est
1208 1070 1236 1096 in
1253 1069 1344 1104 culpa,
1365 1072 1393 1096 et
1407 1076 1437 1096 se
1454 1069 1481 1095 in
1496 1067 1529 1095 iis
1542 1075 1616 1101 spem
1627 1074 1704 1094 suam
1717 1073 1766 1101 po-

979 1123 1045 1143 nere
1072 1115 1203 1151 agnoscit,
1227 1123 1295 1150 quos
1309 1115 1423 1141 advocat
1439 1113 1468 1140 in
1491 1113 1633 1140 auxilium.
1656 1114 1693 1140 At
1718 1111 1766 1147 qui

979 1169 1089 1189 scenam
1104 1161 1208 1193 statuit,
1227 1166 1256 1188 et
1273 1160 1300 1187 in
1325 1160 1398 1187 illam
1411 1159 1559 1187 introducit
1582 1163 1698 1191 actores,
1718 1158 1766 1193 qui

978 1215 1110 1243 personas
1121 1207 1271 1235 maledictis
1286 1206 1433 1238 incessant,
1450 1213 1499 1241 pro
1515 1213 1596 1234 scena
1611 1213 1691 1240 quam
1706 1205 1767 1233 aliis

978 1253 1131 1286 adornavit,
1143 1260 1204 1280 sese
1223 1253 1312 1280 induit
1330 1252 1359 1279 in
1370 1252 1566 1287 labyrinthum,
1581 1250 1663 1282 unde,
1692 1249 1765 1285 quod

979 1298 1059 1326 facile
1076 1302 1199 1334 apparet.
1210 1305 1265 1325 non
1277 1297 1341 1325 licet
1355 1297 1502 1330 extricari;
1521 1296 1568 1324 sed
1590 1304 1604 1322 a
1615 1303 1668 1331 qua
1687 1300 1767 1331 parte

979 1344 1040 1380 quis
1063 1343 1218 1379 prospicere
1250 1342 1407 1375 tentaverit.
1430 1347 1557 1370 occursat
1582 1342 1606 1369 ei
1618 1341 1765 1377 labyrinthi

979 1394 1106 1425 paratura
1123 1395 1171 1423 ;ut
1183 1390 1217 1417 ad
1232 1397 1274 1421 ea,
1295 1397 1356 1424 quae
1368 1389 1447 1416 allata
1464 1392 1538 1420 sunt,
1558 1395 1613 1415 non
1629 1387 1764 1420 attendas,

979 1436 1002 1462 si
1019 1436 1108 1464 adhuc
1119 1443 1193 1463 nunc
1206 1435 1352 1463 amicitiam
1368 1433 1538 1467 reformides,
1552 1433 1616 1468 quid
1627 1440 1681 1460 non
1692 1433 1763 1460 illam

978 1483 1084 1517 abjicis,
1096 1490 1157 1517 quae
1173 1481 1212 1509 sic
1227 1485 1253 1508 te
1268 1488 1315 1516 per
1327 1485 1494 1508 totamtuam
1508 1480 1590 1508 vitam
1604 1480 1765 1516 exagitando

144 1524 317 1570 μαργαρίτην
332 1525 433 1561 ἐξαίρει
460 1526 510 1562 τῆς
527 1527 617 1559 αίτίας
629 1527 660 1554 τὸ
682 1527 785 1564 ἄψυχον
796 1537 802 1544 ·
818 1529 864 1556 τὸν
878 1530 926 1557 ἆν-

980 1527 1107 1556 deludit?
1132 1526 1208 1560 Quod
1219 1527 1241 1554 si
1258 1526 1403 1561 aliquando
1422 1525 1588 1558 conﬁdebas,
1602 1533 1650 1552 cur
1663 1533 1717 1553 non
1738 1530 1766 1553 et

143 1568 251 1604 θρωπον
263 1569 292 1596 δὲ
307 1570 382 1598 οὐδὲν
395 1570 448 1602 ἕως
462 1571 495 1598 ἂν
511 1572 653 1607 ἄνθρωπος
667 1573 748 1611 μένῃ.
764 1575 810 1601 καὶ
825 1576 874 1609 τῆς
883 1575 927 1602 ἐπ’

142 1614 226 1649 ἄμφω
256 1616 343 1651 ῥοπῆς
362 1616 474 1653 Κύριος.
491 1617 524 1644 Τί
554 1618 637 1652 duo;
667 1619 714 1656 Μὴ
747 1619 840 1655 νόμιζε
865 1622 929 1653 τοὺς

142 1659 238 1693 ἁγίους
251 1661 353 1697 ταύτην
369 1662 418 1698 τὴν
431 1663 530 1690 δειλίαν
544 1665 654 1699 νοῆσαι·
676 1666 714 1701 μὴ
730 1666 762 1692 σύ
776 1674 819 1700 γε,
832 1663 855 1693 ὧ
867 1667 929 1702 βέλ-

141 1714 227 1738 τιστε,
245 1707 305 1743 μηδ’
318 1709 364 1735 ἐπὶ
374 1709 460 1745 ταύτῃ
483 1710 603 1746 καθαρὸς
618 1711 727 1738 ἀπιέναι
749 1712 853 1747 μῶμων
864 1721 871 1728 ·
891 1713 929 1749 μὴ

143 1753 184 1779 ὅτι
204 1761 236 1787 γε
251 1755 390 1788 στεφάνων
408 1756 456 1782 σὺν
472 1756 564 1788 αὐτοῖς
578 1756 732 1790 τεύξεσθαι.
744 1758 839 1791 Οὕτως
847 1760 929 1795 ἡμεῖς

144 1807 185 1825 σοι
203 1800 430 1836 προσφερόμεθα·
448 1801 521 1829 οὕτω
533 1803 579 1830 καί
589 1812 618 1830 σε
633 1804 737 1839 πρέπον
756 1804 822 1839 ἡμῖν
842 1814 929 1841 προσ-

141 1844 289 1878 φέρεσθαι·
305 1845 499 1881 ὲπιτιμηθῆναι
513 1848 572 1881 δεῖ;
602 1848 729 1883 καθαρῶς
755 1850 927 1886 ἐπιτίμησον.

142 1890 228 1917 Οὐδὲν
242 1891 364 1924 ἀπαίτει,
394 1893 461 1927 μηδὲ
478 1893 548 1928 μετὰ
561 1893 660 1929 τέχνης
673 1895 819 1922 ἐπίϐαλλε·
844 1897 929 1932 ἀφορ-

143 1936 198 1971 μὰς
213 1935 368 1972 δεδώκαμεν
378 1938 495 1971 δειλίας;
515 1939 617 1971 ταύτας
628 1940 760 1974 ὲπιδείξον
772 1950 778 1956 ·
791 1942 842 1969 οὐκ
856 1942 930 1978 ἔχεις

142 1982 241 2008 εἰπεῖν·
267 1982 335 2018 μηδὲ
351 1983 381 2010 ἐν
391 1984 495 2019 ἐχθρῶν
509 1984 658 2020 προσώπῳ,
673 1985 734 2012 καθ’
747 1986 827 2022 ἡμῶν
845 1987 928 2024 ῥίπτῃ

140 2028 187 2054 τὸν
195 2027 307 2055 δνειδον·
326 2031 374 2055 καὶ
394 2029 479 2065 μυρία
495 2028 518 2056 δ’
546 2029 580 2057 ἂν
594 2030 736 2066 κατόψαιτ⁹
749 2032 782 2059 ἄν
798 2040 851 2065 τις,
875 2033 930 2060 ἀπὸ

140 2074 195 2100 τῶν
210 2074 351 2110 ὑμετέρων
367 2075 538 2113 γραμμάτων
559 2076 765 2112 προκύπτοντα·
788 2077 845 2104 ἀλλ’
865 2077 930 2110 (om;

141 2121 190 2145 καὶ
202 2119 287 2146 ταῦτα
298 2120 416 2157 πλέον,ἢ
432 2123 493 2148 κατ’
505 2122 649 2158 ἐπιστολῆς
663 2122 772 2158 νόμους.
786 2123 822 2150 Τὸ
836 2123 929 2151 λοιπὸν

142 2164 269 2199 ἁνδρίζου
290 2165 339 2199 τὴν
365 2166 468 2200 φιλίαν,
488 2169 536 2194 καὶ
559 2168 674 2200 ἔκτεινε,
699 2169 748 2196 καὶ
762 2170 928 2196 κατευοδοῦ·

980 1575 1008 1602 in
1027 1574 1167 1610 praesenti,
1185 1581 1233 1609 per
1255 1577 1355 1601 statum
1368 1580 1432 1599 eum
1451 1573 1497 1607 qui
1519 1577 1560 1599 est
1576 1577 1603 1599 et
1617 1572 1651 1599 de
1674 1572 1768 1599 futuro

979 1621 1028 1649 tibi
1041 1620 1158 1656 acquiris
1171 1620 1346 1647 securitatem
1357 1621 1368 1646 ’ί
1381 1619 1433 1647 Sed
1447 1620 1481 1646 de
1495 1619 1576 1646 rebus
1588 1618 1767 1654 praesentibus

979 1666 1092 1693 minime
1115 1665 1226 1697 laetaris,
1246 1673 1306 1700 quae
1326 1665 1472 1700 suspicaris
1496 1663 1597 1697 futura,
1610 1672 1665 1692 non
1689 1665 1768 1692 aliter

980 1711 1076 1746 gemis,
1091 1719 1172 1746 quam
1187 1711 1210 1738 si
1228 1710 1323 1738 iisdem
1339 1710 1505 1738 constrictus
1516 1710 1657 1737 tenereris.
1669 1710 1767 1738 Adhuc

980 1757 1066 1792 magis
1089 1761 1116 1784 te
1132 1760 1241 1784 accuset
1258 1755 1355 1790 aliquis
1370 1755 1406 1790 (is
1420 1756 1493 1782 enim
1508 1759 1615 1790 egomet
1630 1763 1683 1782 non
1708 1763 1767 1790 pro-

980 1801 1058 1829 fiteor
1079 1801 1151 1836 esse)
1175 1801 1248 1836 quod
1276 1806 1414 1835 utcunque
1433 1807 1488 1827 non
1506 1800 1590 1827 verbo
1617 1808 1647 1827 re
1676 1805 1766 1827 tamen

980 1849 1038 1883 ipsa
1067 1849 1213 1883 profiteris,
1229 1855 1263 1875 ex
1283 1846 1316 1874 iis
1336 1854 1396 1881 quae
1416 1850 1529 1873 ventura
1546 1851 1621 1878 sunt,
1641 1846 1713 1880 quod
1739 1851 1769 1873 te

980 1893 1156 1924 conturbant,
1171 1897 1197 1920 te
1214 1899 1249 1919 ne
1268 1891 1378 1927 quidem
1395 1890 1575 1926 praesentibus
1590 1890 1719 1917 adhibere
1733 1889 1766 1917 ti-

979 1937 1051 1965 dem.
1067 1936 1107 1964 Tu
1117 1940 1218 1969 autem,
1230 1935 1316 1963 amice
1326 1935 1372 1968 mi,
1386 1943 1446 1970 qua:
1462 1943 1478 1962 a
1492 1942 1535 1962 me
1546 1935 1684 1967 dicuntur,
1700 1935 1766 1962 sim-

979 1983 1084 2019 pliciler
1111 1988 1139 2010 et
1152 1987 1246 2017 aperte
1274 1982 1355 2010 velim
1369 1981 1543 2015 consideres;
1563 1989 1619 2008 non
1638 1982 1766 2016 permitto

979 2033 1006 2056 te
1020 2033 1094 2056 tuam
1105 2028 1222 2063 prodere
1231 2027 1415 2063 margaritam,
1430 2035 1491 2062 qua:
1502 2031 1593 2054 tamen
1611 2027 1690 2055 facile
1704 2036 1768 2063 pro-

980 2074 1006 2103 di
1022 2082 1076 2101 non
1102 2078 1211 2108 potest;
1227 2077 1269 2100 est
1283 2073 1340 2100 haec
1353 2076 1416 2099 ante
1430 2072 1503 2100 illam
1514 2073 1638 2100 acerbior
1651 2077 1678 2101 et
1701 2081 1766 2108 pro-

979 2119 1063 2148 funda
1081 2118 1168 2155 magis
1184 2118 1310 2154 proditio.
1321 2116 1360 2144 Ne
1376 2122 1450 2145 tuam
1462 2118 1561 2153 prodas
1574 2117 1766 2154 margaritam;

980 2165 1029 2193 sed
1041 2172 1093 2193 nec
1102 2164 1269 2192 insensatam
1281 2164 1361 2192 crede
1374 2164 1418 2191 vel
1429 2164 1606 2197 immobilem,
1617 2171 1668 2191 nec
1679 2164 1768 2191 hosti-

141 2211 206 2241 τοὺς
221 2211 355 2246 πειρατὰς
370 2211 418 2238 καὶ
429 2212 576 2248 λοχῶντας,
593 2214 641 2240 καὶ
651 2213 677 2241 ετ
688 2223 714 2240 τι
726 2214 791 2242 ἄλλο
806 2224 927 2252 κακουρ‹

979 2211 998 2238 li
1013 2211 1159 2247 direptioni
1173 2211 1338 2246 expositam:
1354 2210 1502 2237 amicitiam
1518 2217 1552 2236 ne
1573 2211 1708 2243 metuito;
1725 2215 1767 2237 est

142 2255 191 2289 γὺν
205 2255 294 2290 γένος,
308 2256 348 2288 είς
356 2257 405 2292 τὴν
417 2257 467 2292 τῆς
479 2258 609 2294 αἰσχύνης
619 2259 737 2286 ἀπωθῶν
748 2261 795 2287 καὶ
808 2261 926 2296 βυθίξων

143 2301 281 2329 θάλασσαν
299 2310 307 2317 ⁶
326 2303 424 2330 σαυτὸν
437 2303 460 2329 δ’
475 2304 579 2331 ἐκεῖθεν
594 2304 718 2339 ἀνάγων,
737 2305 783 2332 τὺν
802 2306 927 2342 λαμπρό-

142 2347 222 2374 τατόν
234 2356 281 2374 σου
290 2347 424 2383 λαμπρῶς
436 2348 595 2384 περιφέρων
608 2349 782 2385 μαργαρίτην
791 2358 799 2366 θ
811 2351 861 2378 κᾶν
873 2352 928 2384 πᾶς

143 2393 282 2429 ὀφθαλμὸς
293 2395 362 2430 πρὸς
374 2394 456 2421 αὐτὸν
467 2394 676 2430 ὲπιστρέψηται,
688 2396 706 2431 ἢ
721 2396 929 2433 ὲποφθαλμιῶν,

143 2439 160 2474 ἢ
178 2439 321 2466 ἀπολαύων
334 2439 382 2466 τοῦ
396 2440 520 2474 κάλλους,
537 2440 597 2467 ὅλον
621 2441 693 2476 ἔχειν
708 2442 784 2477 παρὰ
814 2443 855 2469 σοὶ
870 2444 929 2470 κεί-

145 2493 226 2520 μενον
242 2482 345 2520 νόμιζε.
374 2486 467 2513 Ταῦτα
498 2487 604 2519 παίζων
631 2487 690 2522 ἆμα
706 2488 752 2514 καὶ
770 2489 929 2521 σπουδάζων

143 2530 253 2565 ἔγραψα
264 2537 271 2544 ·
288 2531 378 2563 παίζω
393 2532 452 2567 μὲν,
469 2532 513 2559 ἵνα
530 2532 614 2568 γνῷς,
642 2533 680 2564 ὡς
707 2534 765 2560 ἐστὶ
790 2534 837 2560 καὶ
863 2536 930 2570 ἡμῖν

143 2578 461 2613 καταρρητορευομένοις
471 2579 524 2606 ὑπὸ
542 2579 597 2606 τῶν
624 2579 800 2615 σφριγῶντων
814 2581 864 2616 τὴν
880 2582 930 2617 ρη-

142 2622 248 2658 τορίαν,
265 2623 372 2659 ἀμύνης
397 2624 484 2660 ἀκμὴ,
502 2625 550 2652 καί¹
565 2625 643 2660 λόγος
660 2625 731 2653 λύων
754 2627 911 2662 σοφίσματα
922 2636 928 2643 ·

143 2669 302 2702 σπουδάζων
316 2670 354 2702 δὲ,
371 2670 414 2697 ἶνα
430 2671 529 2707 μηκέτι
543 2672 629 2704 δειλὸς
643 2669 686 2709 ᾖς,
699 2673 763 2708 περὶ
787 2670 824 2700 ὧν
846 2681 928 2709 προσ-

981 2258 1054 2286 enirn
1067 2257 1146 2292 plane
1162 2256 1227 2284 illud
1248 2256 1347 2291 injuria
1362 2255 1405 2282 vel
1420 2255 1575 2285 metuentis.
1593 2255 1635 2282 vel
1661 2255 1695 2282 de
1711 2256 1768 2290 qui-

979 2305 1031 2332 bus
1058 2304 1216 2331 metuimus.
1234 2302 1405 2336 Margaritam
1423 2301 1501 2336 culpa
1518 2301 1623 2334 eximit,
1636 2301 1708 2336 quod
1733 2302 1769 2330 sit

980 2350 1162 2378 inanimatum
1186 2348 1251 2384 quid
1267 2347 1425 2380 ;hominem
1441 2347 1510 2374 nihil
1536 2349 1636 2374 eximet
1648 2347 1769 2382 quandiu

979 2400 1073 2424 manet
1092 2395 1184 2427 homo,
1212 2398 1241 2421 et
1258 2392 1386 2420 dominus
1401 2396 1444 2419 est
1463 2391 1646 2419 inclinationis
1661 2399 1718 2420 sum
1740 2393 1770 2420 in

980 2447 1124 2476 utramque
1147 2443 1262 2474 partem.
1277 2436 1382 2471 Ecquid
1399 2436 1473 2463 aliud
1493 2435 1596 2462 restat?
1611 2435 1670 2462 Noli
1689 2443 1768 2463 acce-

979 2489 1046 2516 dere
1058 2490 1168 2514 sanctos
1182 2485 1256 2512 hunc
1265 2483 1389 2510 timorem
1399 2481 1573 2509 intellexisse.
1588 2481 1681 2517 Neque
1694 2482 1767 2509 enim

981 2541 1010 2563 tu
1034 2535 1086 2562 hoc
1101 2532 1182 2560 modo
1203 2539 1218 2558 a
1234 2529 1446 2566 reprehensione
1472 2529 1601 2556 immunis
1622 2529 1740 2557 abiveris
1759 2538 1766 2562 ;

982 2590 1033 2610 nec
1048 2588 1162 2609 coronas
1179 2586 1241 2607 cum
1260 2578 1313 2605 illis
1327 2584 1487 2604 communes
1506 2577 1699 2611 consequeris:
1724 2580 1767 2603 at-

981 2634 1036 2663 que
1048 2627 1101 2654 hoc
1124 2624 1206 2652 modo
1218 2631 1268 2659 ego
1294 2627 1320 2650 te
1336 2622 1470 2649 allocutus
1486 2629 1565 2654 sum;
1585 2622 1622 2648 ita
1637 2625 1664 2649 et
1677 2625 1704 2648 te
1724 2628 1769 2648 me

982 2673 1083 2708 alloqui
1110 2679 1159 2708 par
1172 2675 1237 2703 cst;
1258 2669 1278 2697 si
1299 2673 1471 2704 correptione
1497 2675 1566 2704 opus
1585 2667 1631 2700 sit,
1661 2668 1768 2695 sincere

786 2779 903 2807 VARUE
923 2775 1128 2807 LECTIONES.

184 2860 197 2874 ο
210 2856 252 2884 ισ.
269 2859 384 2892 ῥίπτεις.
