1928 3097
149 159 200 191 915
714 159 846 190 ΡΗΟΤΙΙ
865 159 953 190 ΡΑΤῙ

1006 159 1117 190 RCH/E
1138 161 1191 190 (ΞΡ.
1735 162 1785 195 916

148 217 281 253 corripias
296 216 378 245 velim
395 225 402 250 ;
418 217 476 244 noli
490 216 592 252 aliquid
606 216 773 252 efﬂagitare;
789 217 844 245 noli
860 217 939 252 quid-

1005 218 1061 253 ᾗκεν
1075 218 1259 254 ἀνδρίζεσθαι.
1281 218 1312 246 Ἡ
1327 219 1355 246 δὲ
1370 219 1591 255 παρακαταθήκη
1606 219 1651 255 (σὺ
1665 219 1693 247 δὲ
1708 210 1786 248 πάλιν

148 272 230 300 quam
247 264 394 291 artiﬁciose
408 263 525 298 adjicere
539 273 547 297 ;
568 263 727 291 occasiones
738 263 937 291 meticulosita-

1005 263 1103 297 ἱειλία),
1122 264 1169 290 καὶ
1184 263 1301 295 σώζεται
1314 265 1361 290 καὶ⁹
1373 264 1538 300 σωθήσεται.

147 314 182 341 tis
208 312 355 341 dedimus?
379 311 461 339 hasce
484 311 584 344 revela.
613 312 661 339 sed
686 311 809 346 proferre
832 313 940 347 nequis.
961 310 1021 338 Noli
1033 311 1115 347 igitur
1145 316 1310 346 personatus
1329 311 1415 340 hostis
1433 312 1460 339 in
1492 320 1536 339 me
1552 312 1786 347 exprobrationem

148 362 301 396 projicere:
317 370 432 397 quormn
448 362 514 389 satis
535 365 637 388 tantam
653 359 848 395 supellectilem
868 367 883 386 e
900 359 954 386 tuis
990 359 1089 386 litteris
1113 359 1332 394 prorcptantium
1350 359 1444 386 videre
1470 359 1553 392 licet;
1581 364 1609 386 et
1634 359 1692 388 hate
1720 359 1787 389 forte

148 406 272 440 pluribus
297 415 378 442 quam
413 406 564 434 secundutn
588 407 662 442 leges
684 405 848 440 epistolicas.
869 405 946 438 Quod
966 409 1061 438 restat,
1096 404 1203 433 fortiter
1222 409 1299 432 tuere
1326 405 1489 438 amicitiam;
1503 413 1562 432 eam
1576 405 1704 437 extende,
1715 411 1786 434 recta

114 482 118 487 ἢ
149 450 263 482 incede:
282 452 395 487 piratas,
422 451 605 483 insidiatores,
623 457 651 478 et
679 450 942 478 caeterosmaleﬁcos
962 450 988 477 in
1005 451 1118 485 pudoris
1139 451 1251 486 pelagus
1282 451 1413 486 propelle,
1437 455 1464 478 et
1477 451 1606 486 demerge
1641 452 1786 487 profundo.

149 496 251 531 Expedi
272 502 303 525 ,ιο
330 498 403 530 inde,
427 503 455 525 et
475 497 644 532 splendidam
669 497 741 524 illam
767 497 941 532 margaritam
982 501 1056 524 tuam
1081 498 1223 532 splendide
1244 497 1431 528 circumferto.
1466 498 1562 526 oculus
1585 499 1740 534 quicunque
1761 499 1786 525 in

148 551 212 571 eam
238 549 424 575 convertetur,
449 544 491 571 vel
506 543 677 578 lippitudine,
696 543 738 570 vel
766 551 816 571 sua
838 543 1042 579 pulchritudine
1076 543 1221 577 l'ruisceus,
1251 549 1278 571 tu
1293 551 1383 572 tamen
1393 545 1465 579 apud
1478 550 1505 572 te
1532 545 1683 580 depositam
1700 549 1790 573 custo-

150 590 229 618 dito:
254 589 312 617 haec
336 590 434 625 partim
460 590 543 620 serio,
565 589 663 624 partim
688 591 750 624 joco
774 589 882 625 scripsi.
911 589 944 617 Et
964 589 1025 617 ideo
1054 589 1166 624 quidem
1196 590 1283 624 jocor,
1303 595 1333 617 ut
1353 590 1487 624 intelligas
1501 591 1572 625 apud
1604 599 1647 618 me
1674 591 1789 618 rhetori-

151 641 258 664 cantem
286 644 347 663 esse
362 640 390 663 et
407 635 497 670 vigere
518 636 628 666 ultionis
649 631 745 668 aciem',
765 641 793 663 et
818 636 940 664 solvendi
959 636 1129 671 sophismata
1161 636 1294 663 scientem
1315 636 1447 664 orationis
1470 638 1538 670 vim,
1571 637 1604 664 ab
1618 637 1651 665 iis
1667 638 1786 665 eductam

151 683 197 718 qui
215 682 400 710 valentissime
414 683 633 711 rhetoricantur:
651 683 722 711 serio
743 689 835 710 autem
850 684 949 716 scribo,
971 692 1006 711 ne
1025 683 1153 718 deinceps
1176 684 1214 711 sis
1228 683 1418 716 meticulosus,
1436 683 1480 711 ubi
1506 684 1594 711 virum
1611 688 1695 711 temet
1723 692 1790 719 prau-

152 736 225 760 stare
249 735 366 766 oportet.
390 731 549 766 Depositum
564 739 628 760 vero
641 732 712 767 apud
735 739 778 760 me
795 736 882 765 tuum,
910 737 937 759 et
957 737 1083 760 servatur
1103 737 1142 764 et,
1161 732 1216 760 noli
1233 736 1368 764 metuere,
1379 732 1544 759 servabitur.

466 800 576 829 EPIST.
598 801 629 829 C.

499 846 601 873 Eidem.

1306 802 1418 828 ΕΠΙΣΤ.
1436 802 1475 829 P'.

1323 848 1365 880 Τῷ
1381 847 1472 880 αὐτῷ.

769 907 906 932 Montaeut.
922 906 975 938 (ep.
987 907 1043 937 244,
1054 913 1079 938 p.
1094 906 1160 937 3'“).

190 955 246 983 Nec
270 964 378 984 scenam
392 965 442 992 ego
457 965 508 985 nec
527 958 663 985 theatrum
679 958 730 985 sub
745 959 793 986 alis
809 959 877 986 meis
900 968 945 995 ge-

155 1006 232 1029 stans
244 1003 398 1038 prodigiose
418 1011 478 1031 sum
495 1004 601 1032 locutus
619 1013 626 1036 ;
643 1005 689 1032 sed
702 1006 774 1040 quod
787 1013 896 1040 (equum
915 1011 943 1033 et

154 1048 258 1083 justum
272 1049 332 1082 fuit,
356 1049 441 1078 libere
458 1059 506 1086 pro
523 1051 638 1078 veritate
666 1052 796 1085 constiti;
818 1060 867 1088 ego
890 1060 946 1080 non

156 1099 252 1121 contra
268 1095 379 1127 amicos,
395 1096 442 1123 sed
454 1101 482 1123 et
497 1104 547 1124 nec
563 1101 657 1124 contra
673 1097 766 1124 hostes
782 1098 843 1129 tela.
856 1106 947 1130 arcus,

157 1140 222 1167 belli
234 1141 346 1168 ordines
360 1141 466 1169 institui
481 1165 488 1175 ,
512 1143 602 1170 nullos
616 1143 720 1174 hostes,
735 1144 843 1179 clypeos
862 1145 951 1172 nullos

157 1186 289 1214 somniavi
305 1196 312 1221 ;
338 1192 369 1215 ut
383 1189 472 1215 solent
487 1188 534 1221 illi,
549 1189 595 1223 qui
613 1196 674 1216 eum
691 1197 754 1216 aere
776 1189 950 1224 depugnant;

157 1233 206 1260 sed
220 1233 306 1261 libere
319 1234 427 1261 locutus
444 1242 504 1262 sum
521 1242 570 1269 pro
586 1235 690 1262 amicis.
709 1236 786 1268 Quod
803 1236 826 1264 si
846 1236 894 1263 tibi
909 1244 952 1263 ar-

158 1280 240 1314 ridet,
262 1286 289 1308 ut
307 1281 341 1308 ab
357 1281 495 1308 ulceribus
513 1281 571 1308 suis
596 1281 714 1309 Lazarus
730 1282 871 1314 liberetur,
890 1282 951 1318 qui-

157 1327 210 1355 bus
221 1327 405 1360 conﬂictatur,
419 1335 471 1355 nec
484 1328 615 1363 deinceps
630 1328 664 1355 ab
685 1328 717 1355 iis
733 1329 886 1356 molestiam
904 1337 952 1364 pa—

159 1373 244 1400 tiatur
262 1373 305 1406 ;si
315 1381 424 1401 omnem
440 1375 572 1401 lluetuum
595 1374 780 1409 ingruentium
795 1375 849 1402 vim
865 1375 893 1402 in
908 1383 953 1403 ca-

158 1424 208 1455 put
221 1420 368 1455 pirataram
377 1425 530 1453 convertas,
542 1425 600 1448 tum
609 1421 799 1449 demummarc
805 1422 866 1449 vitae
875 1422 954 1449 istius

158 1466 218 1494 sine
226 1471 299 1494 metu
310 1466 584 1503 licetnavigare.Vide
592 1472 694 1500 autem,
703 1468 775 1503 quod
783 1475 833 1503 ego
842 1469 953 1496 minime

160 1512 208 1539 tibi
225 1512 338 1540 insidias
361 1517 465 1541 struam
478 1522 527 1549 per
545 1515 597 1542 hoc
621 1515 775 1550 exemplum
791 1524 798 1549 ;
814 1523 865 1542 nec
885 1515 955 1542 indi-

1034 958 1102 986 Οὔτε
1116 958 1218 994 σκηνὴν
1232 958 1278 985 καὶ
1292 957 1405 993 θέατρον
1417 957 1469 985 ὑπὺ
1485 957 1572 993 μάλης
1592 958 1720 994 φέροντες
1731 959 1790 986 ἐτε-

1001 1005 1200 1041 ρατευσάμεθα·
1230 1005 1322 1039 δικαίᾳ
1345 1005 1373 1031 δὲ
1389 1005 1476 1039 λόγων
1495 1005 1636 1040 ἐλευθερίᾳ
1662 1006 1712 1040 τῆς
1728 1005 1793 1041 ἀλη-

1001 1052 1076 1084 θείας
1091 1053 1264 1088 προέστημεν
1274 1059 1280 1066 ·
1296 1050 1357 1077 οὕτε
1375 1051 1446 1078 κατὰ
1460 1051 1555 1086 φίλων,
1579 1051 1637 1078 ἀλλ’
1654 1052 1714 1078 οὐδὲ
1729 1053 1791 1080 κατ’

1002 1097 1106 1133 ἐχθρῶν
1121 1097 1300 1132 ὡπλισάμεθα
1315 1097 1378 1132 βέλη
1393 1098 1440 1124 καὶ
1453 1098 1517 1129 τόξα
1543 1097 1591 1125 καὶ
1609 1098 1772 1133 παρατάξεις
1782 1107 1790 1113 ·

1001 1144 1047 1170 καὶ
1062 1143 1206 1178 πολεμίους
1223 1143 1271 1169 καὶ
1286 1143 1402 1174 ἀσπίδας
1418 1143 1638 1178 ὀνειρώττοντες,
1658 1143 1752 1178 ὥσπερ
1766 1144 1792 1170 οἱ

1001 1189 1070 1224 πρὸς
1087 1190 1156 1224 ἀέρα
1168 1189 1350 1221 πυκτεύοντες
1363 1198 1370 1205 ο
1397 1189 1455 1216 ἀλλ’
1475 1190 1545 1224 ὑπὲρ
1568 1190 1652 1224 φίλων
1669 1191 1792 1225 ἐπαρῤη-

1003 1235 1166 1270 σιασάμεθα.
1183 1235 1215 1262 Εἰ
1230 1234 1319 1270 βούλει
1332 1235 1370 1267 δὲ,
1389 1235 1436 1261 καὶ
1452 1234 1494 1261 ἵνα
1506 1236 1520 1262 ὁ
1532 1235 1655 1270 Λάζαρος
1672 1235 1792 1262 ἀπαλλα-

1001 1283 1037 1317 γῇ
1050 1281 1097 1308 τοῦ
1113 1281 1338 1316 παραλυποῦντας
1367 1281 1474 1313 ἕλκους,
1501 1282 1549 1308 καὶ
1576 1281 1713 1317 ἀνώτερος
1743 1282 1792 1308 τοῦ

1001 1327 1170 1361 διοχλοῠντος
1185 1326 1310 1361 γένηται,
1326 1328 1417 1354 πᾶσαν
1440 1327 1570 1362 κυμάτων
1593 1328 1726 1362 ἐπιφορὰν
1752 1328 1792 1359 εἰς

1002 1373 1051 1404 τὰς
1066 1373 1121 1400 τῶν
1139 1373 1276 1408 πειρατῶν
1292 1373 1414 1408 κεφαλὰς
1435 1373 1661 1409 ὲπαναστρέφων,
1677 1373 1722 1400 καὶ
1739 1372 1793 1400 λοι-

1004 1420 1054 1446 πὸν
1067 1419 1152 1451 ἀδεῶς
1166 1419 1289 1446 διαπλέοι
1303 1419 1350 1446 τοῦ
1364 1419 1422 1455 βίου
1441 1419 1491 1455 τὴν
1505 1420 1653 1446 θάλασσαν.
1677 1421 1732 1446 Καὶ
1744 1420 1793 1454 ὅρα

1003 1465 1041 1496 ὡς
1054 1465 1103 1500 οὺχ
1115 1464 1283 1492 ἐπιϐουλεύει)
1292 1464 1329 1499 τῷ
1338 1465 1551 1500 παραδείγματι,
1563 1465 1624 1492 οὐδὲ
1636 1465 1796 1500 περιτρέπω

1004 1510 1052 1536 τοῦ
1065 1511 1236 1546 κεχρημένου
1250 1509 1280 1536 τὸ
1292 1509 1428 1545 βούλημα,
1440 1510 1485 1536 τὸν
1498 1509 1626 1536 πλούσιον
1635 1509 1794 1540 ὲπιστένων,

159 1558 248 1593 gentis
263 1559 429 1587 voluntatem
446 1561 585 1593 subverlo,
602 1569 664 1588 cum
679 1561 823 1597 gemitibus
838 1561 949 1588 divitem

1005 1557 1051 1583 καὶ
1066 1557 1115 1591 τὴν
1129 1556 1263 1591 ἄστηκτον
1273 1555 1363 1591 δίψαν,
1383 1556 1472 1583 καὶτὸ
1489 1556 1583 1591 χάσμα
1593 1576 1600 1588 ,
1618 1556 1665 1581 καὶ
1681 1555 1712 1581 τὸ
1729 1554 1794 1588 πῦρ.

159 1612 318 1640 prOSequor,
346 1611 372 1633 et
398 1606 471 1634 sitim
499 1607 763 1642 inexstinguibilem,
785 1612 813 1634 et
836 1608 947 1634 chasma

159 1651 236 1683 illud,
266 1656 294 1678 et
315 1652 403 1687 ignem
421 1674 429 1686 ,
446 1658 472 1680 et
491 1658 634 1681 tormenta.
664 1653 722 1681 Non
741 1655 813 1681 enim
834 1661 849 1681 a
873 1660 949 1689 parte

159 1697 295 1725 deteriore
312 1698 477 1734 (quanquam
492 1704 565 1727 recte
589 1705 616 1727 ιιι
632 1700 698 1727 illud
713 1700 739 1727 in
761 1708 859 1728 manus
873 1709 949 1728 sum-

159 1744 268 1780 pseris),
285 1745 332 1773 Sed
356 1746 383 1773 in
409 1746 521 1773 meliore
536 1746 671 1779 sumitur;
694 1747 809 1774 arbitror
834 1755 949 1775 menon

161 1791 260 1819 frustra
288 1800 398 1827 operam
425 1793 533 1820 dedisse
549 1793 665 1820 libertati
691 1793 790 1829 linguas
807 1803 814 1826 ;
830 1794 902 1828 quod
928 1795 950 1821 si

161 1837 227 1864 mihi
254 1837 342 1864 virum
365 1838 560 1865 amicissimum
583 1839 704 1866 nancisci
728 1840 840 1875 contigit
868 1839 950 1875 (quod

161 1891 177 1909 a
195 1888 220 1910 te
241 1885 372 1918 scriptum
396 1884 493 1919 gaudio
509 1892 553 1912 me
570 1885 684 1921 replevit
708 1889 736 1912 et
758 1885 878 1920 laetitia),
905 1886 951 1920 qui

163 1930 334 1957 timiditatem
352 1938 405 1965 qua
422 1931 491 1957 male
517 1932 691 1966 premebatur
706 1932 783 1967 longe
795 1940 810 1958 a
822 1939 851 1959 se
863 1940 953 1959 remo-

163 1976 212 2007 vit,
225 1976 284 2010 ejus
298 1980 387 2004 autem
403 1976 462 2004 loco
478 1977 558 2012 elegit
569 1977 620 2004 sibi
637 1978 760 2006 moribus
770 1977 827 2005 suis
841 1983 867 2005 et
881 1983 953 2005 recte

164 2021 244 2048 factis
254 2030 399 2056 congruam
417 2027 445 2050 et
463 2030 645 2058 congenerem
665 2024 874 2058 fortitudinem;
893 2025 954 2059 qui-

164 2076 218 2104 quc
229 2068 329 2102 piratas
345 2068 404 2095 illos
419 2077 482 2096 cum
499 2070 556 2097 suis
572 2070 694 2098 artiﬁciis
705 2075 733 2097 et
748 2071 954 2098 machinamen-

166 2114 199 2142 tis
215 2114 350 2148 profundo
361 2115 501 2143 detnersos
513 2116 614 2147 obruit,
631 2116 691 2150 ipse
715 2122 810 2144 autem
828 2117 955 2145 omnibus

165 2161 298 2188 malorum
336 2166 480 2189 ventorum
514 2162 621 2190 [latibus
651 2167 678 2190 et
711 2163 837 2192 ﬂuctibus
873 2172 956 2199 super

165 2211 287 2239 exstans,
305 2215 353 2242 spe
367 2215 397 2235 se
412 2207 489 2235 fulcit
503 2212 530 2235 et
551 2209 680 2236 sublimat
696 2209 777 2237 bona.
794 2209 858 2237 lltee
874 2217 956 2244 porro

165 2251 289 2287 exempla
316 2260 488 2288 nequaquam
508 2253 576 2280 mala
601 2258 691 2282 mente
707 2262 722 2281 a
742 2262 785 2281 me
809 2254 953 2288 proferun-
970 2255 991 2282 D

166 2302 221 2331 tur,
248 2303 277 2326 et
304 2306 340 2326 ne
367 2299 436 2326 male
469 2299 604 2332 multcnt,
633 2300 764 2327 rationem
799 2300 886 2327 inivi:
913 2300 956 2327 illa

167 2350 259 2372 autem
278 2352 403 2379 quaenam
418 2350 460 2373 est
475 2345 486 2372 ?
499 2345 538 2373 Ne
547 2346 607 2380 quis
622 2345 737 2378 scilicet,
752 2345 854 2373 fontem
865 2350 892 2373 et
907 2345 957 2372 llu-

167 2392 241 2419 vium
265 2400 281 2418 a
303 2397 399 2418 natura
416 2391 522 2423 sincera
539 2391 566 2418 iu
585 2391 738 2425 exemplum
753 2391 864 2418 trahens
893 2391 957 2426 (quo

168 2441 246 2464 tuum
272 2442 298 2464 te
324 2437 430 2472 lapsum
450 2437 587 2464 sustinere
604 2445 684 2472 posse
703 2435 956 2472 exetnplo'putas),

168 2483 270 2511 deinde
285 2488 398 2516 metuat,
416 2491 451 2510 ne
468 2483 518 2510 sibi
531 2483 669 2510 veneratio
683 2483 828 2515 dilabatur,
842 2487 889 2509 aut
911 2482 958 2509 de-

167 2531 256 2566 ploret
267 2535 394 2565 tanquam
414 2531 448 2558 ab
461 2530 520 2557 aliis
534 2538 583 2564 per
598 2529 700 2557 rivulos
712 2529 838 2561 deducta,
854 2529 958 2564 dispar-

169 2582 215 2604 eat
232 2585 239 2603 :
255 2584 307 2604 nec
320 2576 416 2604 metuit
430 2584 465 2603 ne
486 2575 631 2611 aliquando
654 2583 748 2602 ansam
765 2575 818 2602 illis
831 2575 877 2601 det
907 2574 957 2602 sibi

168 2622 353 2659 applaudcndi
376 2623 410 2649 de
426 2622 508 2655 furto,
522 2622 568 2656 qui
596 2626 625 2649 ut
636 2621 762 2649 auferant
784 2621 957 2653 insidiantur,

169 2675 217 2696 aut
230 2668 347 2704 negligat
365 2668 550 2705 insidiatores,
571 2668 669 2702 quibus
683 2667 708 2694 id
729 2667 756 2694 in
771 2667 839 2694 votis
851 2671 902 2699 cst,
929 2671 960 2693 ut

169 2718 308 2741 amatores
321 2714 393 2748 justa
409 2712 540 2739 fruitione
555 2713 728 2739 defraudem.
743 2711 807 2739 ιιωο
819 2720 870 2738 uos
881 2711 958 2738 senili

169 2759 284 2787 consilio
307 2758 458 2786 secundum
480 2758 623 2786 veritatem
642 2758 768 2790 diximus,
783 2766 837 2785 non
869 2762 959 2785 autem

170 2805 326 2833 ostentandi
341 2814 390 2832 nos
413 2804 508 2840 gratia,
523 2808 569 2831 aut
579 2809 608 2831 ut
620 2804 735 2839 juvenes
751 2805 849 2836 solent,
872 2804 958 2831 disse-

173 2852 288 2877 ruimus.
311 2851 455 2883 Quocirca,
474 2858 527 2877 non
544 2850 643 2877 hortati
664 2858 758 2877 smnus
772 2854 802 2876 ut
822 2850 959 2877 abrenun-

174 2896 226 2922 ties
250 2896 377 2924 amicitia:
403 2897 495 2932 (absit,
516 2900 546 2924 ut
563 2896 654 2932 aliqua
667 2897 811 2925 rhetoricae
842 2896 959 2932 gravitas

1001 1602 1048 1630 καὶ
1061 1603 1111 1638 τὴν
1129 1602 1254 1637 βάσανον.
1271 1603 1308 1628 Ob
1323 1602 1377 1637 γὰρ
1392 1603 1424 1628 ὲκ
1439 1601 1485 1628 τοῦ
1503 1602 1625 1637 χείρονος
1636 1601 1704 1636 (ἀλλ’
1732 1601 1798 1634 εὖτέ

1002 1659 1043 1676 σοι
1057 1647 1307 1685 μεταχειριζομένῳ
1318 1649 1388 1674 κατὰ
1397 1647 1427 1674 τὸ
1439 1647 1542 1682 βέλτιον
1553 1647 1704 1682 εἴληπται),
1716 1645 1795 1681 οἶμαι

1000 1696 1023 1722 δ’
1035 1695 1072 1727 ὡς
1087 1695 1148 1722 οὐδὲ
1166 1695 1255 1731 μάτην
1270 1695 1287 1730 ἡ
1301 1694 1453 1729 παρρησία,
1466 1695 1513 1720 καὶ
1528 1694 1559 1720 τὸ
1582 1693 1725 1728 ἐλεύθερον
1744 1694 1798 1728 τῆς

1001 1741 1124 1777 γλώττης
1141 1749 1186 1776 μοι
1202 1740 1420 1767 διεσπούδασται.
1436 1740 1470 1766 Εἴ
1485 1748 1516 1774 γε
1530 1739 1576 1766 τὸν
1597 1739 1724 1774 φίλτατον
1737 1739 1799 1774 ἐχο-

1004 1797 1052 1823 μεν
1068 1788 1115 1824 (ὡς
1128 1790 1176 1815 καὶ
1190 1789 1222 1815 σὺ
1238 1788 1358 1823 γράφεις
1371 1788 1459 1824 χαρᾶς
1471 1788 1546 1823 ἡμᾶς
1563 1788 1610 1814 καὶ
1625 1787 1798 1822 εὐφροσύνης

1003 1834 1128 1870 πληρῶν)
1154 1835 1352 1870 παρωσάμενον
1378 1835 1428 1870 μὲν
1455 1834 1506 1868 τὴν
1539 1833 1688 1868 οὐδαμόθεν
1722 1833 1799 1867 αὐτῷ

1004 1881 1197 1917 προσήκουσαν
1209 1881 1328 1914 δειλίαν,
1344 1881 1525 1916 ἀνθελόμενον
1548 1880 1577 1907 δὲ
1602 1880 1651 1915 τὴν
1676 1879 1799 1914 συγγενῆ

1004 1927 1057 1953 τῶν
1077 1927 1164 1954 ἄλλων
1186 1927 1295 1962 τρόπων
1323 1927 1370 1954 καὶ
1394 1926 1615 1961 κατορθωμάτων
1644 1925 1775 1961 ἀνδρείαν
1791 1933 1798 1939 ⁵

1004 1975 1051 2001 καὶ
1066 1974 1140 2009 βυθῷ
1158 1974 1206 2009 μὲν
1229 1975 1293 2006 τοὺς
1320 1974 1464 2009 πειρατὰς,
1491 1974 1586 2006 αὑταῖς
1601 1975 1737 2009 μηχαναῖς
1752 1974 1801 2000 καὶ

1004 2020 1114 2054 τέχναις
1129 2020 1178 2055 τῆς
1194 2019 1269 2053 σφῶν
1288 2019 1440 2054 βδελυρίας,
1453 2018 1637 2045 ἐπικλύσαντα
1651 2026 1658 2033 ·
1677 2017 1758 2048 αὑτὸν
1772 2017 1801 2043 δὲ

1006 2066 1097 2101 πάσης
1111 2065 1258 2101 τρικυμίας
1275 2065 1400 2101 πονηρῶν
1430 2064 1653 2100 ὑπερανασχόντα
1676 2063 1801 2098 πνευμά-

1007 2121 1072 2144 των,
1082 2112 1129 2138 καὶ
1145 2113 1206 2142 ταῖς
1218 2111 1314 2142 καλαῖς
1325 2111 1432 2137 ἐλπίσιν
1442 2111 1625 2145 γεγενημένον
1640 2111 1801 2145 μετάρσιον.

1009 2156 1050 2183 Τὰ
1066 2157 1114 2191 μέν
1129 2165 1171 2182 τοι
1185 2156 1394 2191 παραδείγματα
1409 2156 1438 2182 οὐ
1460 2155 1509 2190 μὲν
1532 2153 1579 2181 οὖν
1595 2155 1625 2181 οὐ
1645 2154 1802 2189 κεκακούρ-

1009 2212 1091 2239 γηται
1105 2203 1170 2238 παρ’
1187 2203 1276 2237 ἡμῶν,
1297 2201 1354 2229 ἀλλ’
1370 2202 1413 2228 ἵνα
1434 2202 1472 2238 μὴ
1491 2201 1701 2237 κακουργῆται,
1721 2200 1804 2234 λόγον

1007 2251 1167 2286 ἀπείληφεν.
1184 2249 1216 2276 Τί
1227 2258 1258 2282 γε
1271 2249 1360 2283 λέγω;
1378 2249 1422 2275 ἵνα
1436 2250 1471 2284 μή
1486 2257 1528 2280 τις
1545 2249 1637 2283 πηγὴν
1653 2249 1702 2274 καὶ
1716 2256 1803 2273 ποτα-

1010 2297 1071 2332 μὸν,
1086 2297 1133 2323 ἐπὶ
1148 2296 1198 2331 τῆς
1215 2296 1355 2330 ἀκηράτου
1367 2295 1475 2336 φύσεως
1490 2295 1644 2329 ὑπόδειγμα
1664 2293 1757 2320 λαὸὼν
1773 2294 1805 2327 (ὃ

1008 2344 1055 2370 καὶ
1069 2343 1100 2369 τὸ
1114 2342 1158 2369 σὺν
1172 2342 1279 2377 ἀνέχειν
1295 2341 1448 2376 ὑπείληφας
1465 2340 1682 2376 παρολίαθημα),
1703 2339 1804 2366 ἔπειτα

1007 2391 1037 2416 τὸ
1057 2389 1094 2424 μὴ
1110 2388 1274 2424 διαρρυῆναι
1289 2388 1363 2422 αὐτῷ
1375 2388 1406 2414 τὸ
1419 2386 1500 2418 σέϐας
1511 2387 1597 2422 ὃειλιᾷ
1609 2395 1615 2402 ·
1629 2386 1690 2422 μηδ’
1703 2387 1741 2418 ὡς
1757 2386 1805 2421 ὑφ’

1008 2437 1110 2471 ἑτέρων
1122 2434 1357 2470 παροχετούμενον
1367 2433 1548 2467 κατοδύρηται
1559 2442 1568 2449 ο
1598 2433 1659 2468 μηδ’
1676 2433 1735 2467 ἔχοι
1752 2433 1806 2467 φό-

1009 2484 1065 2515 ϐον,
1081 2483 1118 2514 ὡς
1128 2483 1185 2514 τοῖς
1195 2481 1365 2517 ἐνεδρεύουσι
1377 2489 1441 2507 ποτε
1452 2480 1510 2516 δοίη
1524 2480 1657 2515 κροτῆσαι
1668 2479 1718 2515 τὴν
1730 2479 1807 2506 ἆλω-

1009 2538 1052 2556 σιν
1065 2537 1072 2544 ·
1089 2528 1106 2563 ἢ
1122 2528 1185 2559 τοὺς
1199 2527 1335 2562 λοχῶντας
1360 2526 1532 2562 περιόψεται,
1550 2526 1713 2559 ἀποστερεῖν
1740 2525 1807 2551 ἐπι-

1009 2575 1167 2611 χειροῦντας
1181 2574 1230 2605 τὰς
1244 2573 1364 2608 ἐραστὰς
1376 2573 1461 2599 αὑτοῦ
1484 2572 1534 2607 τῆς
1555 2571 1662 2603 δικαίας
1678 2571 1809 2598 ἀπολαύ-

1010 2628 1089 2651 σεως.
1103 2618 1196 2650 οὕτως
1213 2619 1294 2653 ἡμεῖς
1310 2616 1502 2653 πρεσϐυτικῶς
1514 2625 1545 2643 τε
1566 2617 1615 2643 καὶ
1629 2616 1806 2652 φιλαλήθως,

1009 2665 1128 2693 ἀλλὀὐκ
1142 2664 1342 2696 ἐπιδεικτικῶς,
1359 2664 1421 2690 οὐδὲ
1449 2663 1521 2699 κατᾲ
1543 2663 1712 2694 νεανίσκους,
1738 2664 1811 2698 περὶ

1009 2708 1047 2739 ὧν
1063 2711 1157 2747 ἐχρῆν,
1169 2710 1355 2745 διεξήλθομεν.
1371 2710 1471 2746 Διόπερ
1483 2709 1543 2736 οὐδὲ
1553 2709 1603 2745 τὴν
1616 2709 1708 2743 φιλίαν
1724 2709 1811 2743 ῥίψαι

1010 2757 1225 2793 προύτρέψαμεν
1243 2757 1292 2792 (μὴ
1310 2765 1357 2791 μοι
1373 2756 1478 2791 γένοιτο
1493 2756 1531 2791 μὴ
1545 2755 1616 2782 οὕτω
1635 2755 1685 2790 τῆς
1701 2755 1812 2790 πολλῆς

1009 2805 1088 2840 ὴμῶν
1104 2803 1255 2839 ἁπλότητος
1281 2803 1311 2830 τὸ
1328 2803 1415 2830 δεινὸν
1430 2804 1479 2838 τῆς
1499 2802 1628 2838 ρητορίας
1649 2810 1809 2836 κατεντρυ-

1010 2851 1110 2886 φάτω),
1127 2850 1184 2876 ἀλλ’
1211 2850 1270 2885 ἥτις
1299 2851 1356 2876 ἐστὶ
1378 2851 1441 2881 τοὺς
1470 2849 1562 2884 φίλους
1579 2848 1726 2881 παίζουσα,
1743 2849 1812 2883 ἣτις

1012 2898 1172 2932 σαλεύουσαι,
1191 2897 1297 2933 ἐκείνην
1315 2896 1524 2930 ἀποσείσααθαι,
1547 2895 1654 2930 ἐκείνην
1674 2894 1773 2930 ῥίψαι·
1793 2894 1816 2930 ἡ
