1928 3097
142 141 194 174 917

718 142 985 173 EPISTOLABUM
1007 143 1123 173 LIBER
1138 143 1181 173 II.

1714 141 1765 173 918

142 200 173 227 τὸ
186 207 218 234 γε
233 199 332 235 ἑαυτῆς
349 199 431 235 μέρος
447 199 620 235 προαπέστη,
646 200 694 228 καὶ
716 200 910 228 καταλέλοιπεν
921 208 928 216 '

986 202 1020 229 sic
1033 201 1199 236 simplicitati
1229 207 1295 227 mea:
1309 200 1444 235 insultet),
1456 200 1503 228 sed
1519 200 1557 228 illi
1572 200 1699 227 nuntium
1723 209 1768 228 re-

142 245 250 280 ὲκείνην
268 245 305 281 μὴ
316 246 411 281 φέρειν
422 246 504 281 ἄχθος
521 245 646 281 μάταιον,
666 247 717 282 τὴν
727 247 824 281 -λόγοις
851 247 932 282 μόνον

142 291 336 327 ἐπιμειδιῶσαν
346 300 354 308 ο
379 292 453 328 ἔργῳ
474 292 502 319 δὲ
516 292 547 319 τὸ
562 293 723 328 σκυθρωπὸν
735 294 782 320 καὶ
796 293 845 328 τὴν
865 301 931 320 κατ-

142 337 242 372 ήφειαν
253 338 323 373 μετὰ
337 338 390 365 τῶν
400 338 505 374 ἐχθρῶν
517 338 748 370 συσκευάζουσαν,
761 339 802 366 Τὰ
816 339 838 366 δ’
852 339 930 371 ἄλλα.

143 383 238 419 ὥσπερ
250 383 363 419 ᾔτησας,
378 384 514 419 πτέρυγες
529 384 620 419 φιλίας
639 385 779 419 ἥρπασαν,
798 385 845 412 καὶ
862 393 929 420 προ-

144 427 218 459 νοίας
234 428 395 463 περιέπουσι
410 428 526 464 θάλαμοι
540 451 547 462 ,
564 429 612 456 καὶ
635 429 789 465 οἰκειοῦμαι
805 429 839 456 τὰ
854 428 910 464 ὲμά
922 436 929 443 ·

143 474 191 500 καὶ
206 474 297 501 οὐκέτι
309 474 405 510 δέομαι
422 475 588 510 φαρμάκων,
606 475 666 502 οὐδὲ
689 475 854 510 θεραπείας,
870 475 933 511 μηδ’

144 519 287 551 ἰλεοῠντος,
303 520 384 552 αὐτός
397 529 439 554 γε,
457 521 524 556 μηδὲ
537 520 750 556 πρεσϐεύοντος.
776 520 851 555 Ἔχω
877 520 931 554 γὰρ

142 565 188 591 τὸν
201 566 368 599 ποθούμενον
383 566 472 601 πάσης
485 567 641 602 ἀρρωστίας
657 566 798 602 ἀνώτερον
809 574 815 581 ·
839 566 886 593 καὶ
900 566 931 592 τὸ

144 610 217 645 ῐχνος
231 611 296 637 αὐτὸ
310 611 358 638 τοῦ
371 613 534 648 νοσήματος,
548 613 596 647 τὴν
615 613 719 648 μικρὰν
729 612 841 646 δειλίαν,
856 612 932 646 εὐγε-

143 656 197 688 νῶς
211 665 240 683 τε
253 657 300 683 καὶ
314 658 408 693 ὥσπερ
432 658 568 694 ηὐχόμην,
584 658 785 694 ἀπορρίψαντα.

983 246 1158 276 mittendum.
1191 253 1251 280 quae
1265 245 1353 273 illudit
1376 245 1479 274 amicos
1493 266 1500 278 ,
1520 253 1581 280 qua:
1603 244 1713 273 ﬂuctuat
1741 251 1770 274 et

982 291 1091 319 vacillat
1105 300 1113 324 ;
1143 290 1216 318 illam
1229 290 1405 325 rejiciendam
1421 299 1491 324 esse,
1511 298 1571 326 quae
1586 292 1657 326 quod
1683 291 1770 326 ipsam

982 341 1097 372 spectat,
1125 336 1182 372 jam
1207 337 1321 364 recessit
1335 341 1363 364 et
1379 337 1486 372 reliquit
1510 337 1613 371 sedem,
1626 345 1689 364 cum
1715 345 1770 364 non

982 387 1055 410 esset
1069 382 1146 410 oneri
1174 381 1333 409 sustinendo
1350 390 1409 417 par,
1425 391 1484 417 quae
1502 384 1592 411 verbis
1613 388 1691 411 lenus
1702 383 1773 411 arri-

982 429 1028 456 det
1044 432 1147 456 tantum
1160 448 1167 460 ,
1187 435 1218 455 re
1230 432 1321 455 autem
1341 428 1399 463 ipsa
1423 436 1471 464 per
1487 430 1659 457 tetricitatem
1673 435 1700 456 et
1724 429 1771 457 de-

979 474 1084 510 jectum
1101 474 1204 502 vultum
1224 482 1239 501 a
1261 473 1384 508 partibus
1396 474 1520 502 consistit
1536 475 1665 502 hostium.
1695 474 1772 507 Quod

981 519 1115 554 reliquum
1132 525 1187 552 est,
1202 519 1229 546 id
1244 518 1316 554 quod
1338 519 1456 552 volebas,
1474 520 1523 547 alae
1533 520 1681 547 amicitiam
1698 520 1772 547 abri—

979 574 1064 602 puere
1075 586 1082 597 ,
1102 569 1130 593 et
1147 565 1324 601 providentiae
1340 565 1493 594 refocillant
1508 567 1619 594 thalami
1640 576 1647 594 :
1663 574 1714 602 ego
1728 574 1773 593 res

980 619 1055 639 meas
1069 611 1134 638 mihi
1146 611 1230 639 reddo
1249 611 1398 639 familiares
1414 620 1422 645 ;
1440 619 1491 639 nec
1504 612 1593 639 adhuc
1608 612 1675 639 milii
1687 612 1773 639 medi-

978 657 1039 684 cina
1055 664 1123 691 opus
1150 660 1202 689 est,
1219 662 1265 684 aut
1291 657 1432 684 curatione
1454 657 1518 690 ulla,
1536 658 1580 685 vel
1602 665 1617 684 a
1636 665 1773 692 quoquam

144 702 331 735 miseratione,
355 704 457 731 nedum
471 704 586 739 alicujus
608 704 813 732 intercessione.
843 702 930 736 Quem
948 702 1022 730 enim
1050 702 1184 734 desidero,
1204 703 1276 729 hunc
1290 703 1426 737 possideo,
1444 703 1517 729 omni
1552 702 1646 730 morbo
1663 706 1690 730 et
1705 702 1774 729 vale-

144 749 237 776 tudine
261 750 441 784 superiorem,
474 751 575 786 quique
602 750 746 786 vestigium
777 749 867 777 omnis
899 747 1070 784 aegritudinis
1099 753 1202 775 metum
1244 747 1286 775 vel
1310 748 1454 775 minimum
1479 756 1619 784 generose,
1643 753 1674 775 ut
1694 753 1773 783 opta-

144 795 242 828 verim,
260 795 374 830 rejiciat.
398 819 407 827 ,

440 851 550 879 ΕΠΙΣΤ.
568 852 630 878 PA'.

145 897 291 931 Εὐσεϐείᾳ
300 898 472 940 μρναῑζοψιζῃ
485 897 551 940 καὶ-
559 897 711 940 ἡγουμένῃ
722 898 934 940 ,παραμυθητι-

300 933 350 967 κὴ,
369 933 420 960 ἐπὶ
433 933 551 968 ἀδελφῇ
562 933 782 968 τελευτησάσῃ.

1295 851 1404 879 EPIST.
1425 850 1468 878 Cl.

986 895 1108 924 Eusebia
1133 898 1277 931 monac/ue,
1305 901 1330 924 et
1354 897 1504 932 [tegumenta
1528 897 1560 922 de
1583 895 1681 922 sororis
1693 896 1773 929 obitu,

1287 931 1471 959 consolatorie.

757 978 890 1003 Montacut.
907 978 959 1010 (ep.
971 977 1026 1009 9J5,
1038 985 1062 1009 p.
1074 978 1140 1009 372).

179 1031 211 1057 Ei
231 1031 279 1066 μὲν
302 1031 348 1066 ἀφ’
362 1026 446 1066 ἡμῶν
462 1031 476 1057 ὸ
501 1031 615 1063 θάνατος
639 1031 749 1066 ήρχετο,
765 1031 814 1058 καὶ
829 1030 932 1064 πρῶτοι

1022 1030 1050 1057 Si
1069 1038 1083 1057 a
1100 1030 1179 1057 nobis
1191 1037 1265 1057 mors
1289 1029 1436 1064 inciperet,
1451 1033 1479 1056 et
1493 1028 1617 1056 omnium
1635 1029 1662 1055 in
1677 1036 1776 1064 genere

145 1076 190 1103 διὰ
204 1076 249 1103 τοῦ
262 1076 358 1110 γένους
372 1077 411 1108 εἰς
427 1077 526 1112 πεῖραν
540 1075 621 1103 αὑτοῦ
639 1075 828 1110 καθιστάμεθα
840 1095 847 1106 ,
863 1075 935 1101 είκό-

146 1130 200 1153 τως
214 1121 246 1148 ἂν
269 1122 307 1153 ὡς
333 1122 528 1157 ἀπροσδοκήτῳ
554 1122 602 1148 καὶ
627 1121 713 1156 καινῷ
739 1121 934 1156 περιπεσόντες

145 1167 348 1202 ὲθορυῦούμεθα
358 1168 396 1203 τῷ
411 1167 594 1202 συμπτώματι
605 1175 613 1182 ο
630 1167 692 1193 ἐπεὶ
706 1167 745 1199 δὲ,
757 1167 804 1202 ἀφ’
814 1163 845 1194 οὗ
857 1167 937 1201 γεγό-

146 1221 225 1240 νασιν
241 1213 393 1248 ἄνθρωποι,
417 1213 473 1249 ζωῇ
490 1213 537 1240 καὶ
557 1213 665 1248 θανάτῳ
692 1212 872 1248 μεριζόμεθα,
888 1212 936 1238 καὶ

145 1260 308 1295 προγονικὸν
334 1260 453 1295 ὑπάρχει
467 1260 498 1286 τὸ
512 1259 650 1295 ἐπιτίμιον
659 1267 666 1274 ·
694 1259 741 1286 καὶ
754 1259 805 1285 οὐκ
818 1259 892 1286 ἐστιν
906 1258 936 1290 ὃς

146 1305 270 1340 ζήσεται,
283 1306 328 1332 καὶ
343 1306 393 1332 οὐκ
406 1305 503 1341 ὄψεται
514 1305 644 1332 θάνατον·
659 1305 685 1331 τί
695 1305 725 1332 τὸ
741 1305 831 1332 κοινὸν
856 1305 936 1340 χρεὺς

148 1351 216 1378 ἰδίαν
231 1351 333 1386 ζημίαν
344 1350 508 1385 λογιζόμεθα
519 1358 526 1383 ;
542 1350 600 1383 καὶ,
612 1350 650 1382 ὡς
660 1349 756 1385 καινὴν
771 1349 935 1384 ἁπαιτηθέν-

145 1406 192 1428 τες
202 1396 345 1431 εἴσπραξιν
351 1395 588 1432 ἁπολοφυρόμεθα;
601 1396 648 1423 καὶ
657 1395 671 1422 ὂ
681 1395 754 1432 [οὐκ]
761 1396 835 1423 ἐστὶν
848 1396 935 1427 ἄλλως

146 1442 288 1477 γενέσθαι,
306 1443 360 1469 οὐδ’
376 1443 392 1479 ἡ
411 1442 491 1477 φύσις
503 1443 584 1470 ἄλλον
595 1442 678 1478 νόμον
692 1442 846 1474 ἐπίσταται,
857 1442 894 1473 ὡς
908 1442 935 1468 τὶ

149 1489 204 1515 τῶν
230 1489 389 1524 παραδόξων
412 1487 709 1524 ὑπερεκπληττόμεθα;
736 1487 783 1515 καὶ
807 1488 934 1523 διδόαμεν

149 1535 263 1565 ἑαυτοὺς
279 1535 329 1561 οὐκ
353 1534 477 1569 εὐαγῶς,
510 1535 571 1562 οὐδὲ
595 1535 668 1562 κατὰ
690 1535 754 1566 τοὺς
773 1535 873 1570 νόμους
886 1533 934 1560 τοῦ

147 1579 313 1614 πνεύματος,
328 1580 405 1612 ὅλους
421 1581 454 1615 τῇ
466 1579 539 1616 λύπῃ
556 1580 736 1615 βαπτίζεσθαι
749 1589 756 1612 ;
773 1581 820 1607 καὶ
836 1580 935 1607 λανθά-

147 1632 240 1659 νομεν,
265 1624 380 1651 θάνατον
410 1624 550 1658 συγγενῶν
564 1624 742 1660 ὀδυρόμενοι,
771 1625 877 1656 ἑαυτοῖς
895 1623 935 1658 τῷ

148 1669 238 1705 θρήνῳ
251 1669 296 1696 τὸν
312 1669 426 1696 θάνατον
438 1669 757 1704 συγκατασκευάζοντες
772 1670 887 1702 Καίτοι,
910 1671 934 1696 εἰ

149 1716 200 1750 μὲν
214 1715 331 1750 χαλεπὸν
343 1717 356 1742 ὁ
367 1715 490 1748 θάνατος,
504 1715 531 1742 τί
544 1716 638 1742 τοῦτον
653 1716 761 1747 ἑαυτοῖς
774 1717 935 1751 ἐπιταχύνο-

149 1770 217 1795 μεν;
234 1762 279 1788 καὶ
291 1762 336 1788 τὸν
350 1763 411 1797 ὅρον
423 1761 470 1788 τοῦ
485 1761 607 1792 Πλάστου
621 1761 936 1797 φθάσαιδιανιστάμεθα;

148 1806 181 1833 Εε
195 1806 217 1832 δ’
231 1807 332 1840 ἀγαθὸν
360 1807 407 1833 καὶ
424 1807 568 1842 σωτήριον,
581 1807 608 1834 τί
621 1808 685 1838 τοὺς
709 1807 936 1842 ἁποικουμένους,

148 1852 197 1878 καὶ
210 1851 270 1878 τότε
282 1852 372 1886 κρίσει
386 1852 433 1878 τοῦ
448 1852 598 1885 Δεσπότου,
616 1853 688 1888 πέρα
700 1853 748 1879 τοῦ
764 1853 875 1889 μετρίου
892 1863 937 1881 κο-

148 1897 290 1932 πτόμεθα;
323 1897 436 1933 Ἀδελφή
452 1906 496 1932 με⁷
520 1899 616 1933 φησὶν,
632 1898 822 1932 ἐγκατέλιπεν.
836 1900 853 1934 ἡ
870 1899 938 1935 μόνη

150 1944 220 1978 μετὰ
231 1943 297 1970 Θεὸν
315 1944 476 1980 παραψυχὴ,
495 1944 549 1971 τῶν
561 1944 691 1979 λυπηρῶν
713 1946 730 1980 ἡ
755 1945 937 1980 παράκλησις,

148 1989 203 2016 τῶν
215 1989 347 2024 ἀλγεινῶν
362 1991 379 2026 ή
389 1990 521 2024 διάλυσις,
533 1992 550 2026 ἡ
563 1990 658 2027 πρώτη
671 1990 725 2017 τῶν
738 1991 938 2027 εὑφραινόντων

148 2035 287 2068 ὑπόθεσις.
315 2037 371 2064 Καὶ
398 2038 424 2064 τί
442 2037 537 2070 τοῦτο;
561 2039 608 2064 καὶ
631 2039 722 2073 πατήρ
733 2047 764 2064 σε
783 2038 829 2064 καὶ
846 2038 938 2075 μήτηρ

150 2083 338 2118 προλέλοιπεν,
363 2084 410 2110 καὶ
439 2084 580 2117 συγγενεῖς
605 2083 679 2110 ἄλλοι
694 2104 702 2115 ,
721 2084 768 2111 καὶ
794 2083 824 2111 τὸ
843 2084 939 2120 μέχρις

155 2128 243 2163 ’Δδὰμ
253 2128 331 2162 γένος
347 2129 560 2164 ἀναφερόμενον.
575 2129 611 2156 Σὺ
630 2129 659 2156 δὲ
671 2129 753 2156 πάλιν
776 2129 873 2162 ἄλλους
889 2139 939 2158 κα-

149 2174 299 2208 ταλείψεις,
312 2175 359 2201 καὶ
370 2175 419 2201 οὐκ
434 2175 507 2202 ἔστιν
518 2175 620 2211 εὑρεῖν,
634 2175 663 2202 ὃν
677 2176 707 2202 οὑ
721 2176 842 2204 πλεῖστοι
853 2185 938 2204 κατα-

149 2219 338 2254 λιμπάνουσιν.
359 2220 472 2255 Ἀδελφὴ
485 2221 631 2248 κατέλιπεν
645 2221 762 2257 ἀδελφήν
772 2231 779 2238 ·
790 2222 848 2249 ἀλλ’
860 2220 940 2258 εὗρεν

149 2266 214 2295 τοὺς
230 2264 416 2300 προλαὸόντας
430 2266 609 2301 γεννήτορας·
637 2267 782 2294 κατέλιπεν
809 2268 938 2304 ἀδελφὴν,

149 2311 210 2338 ἀλλ’
223 2312 263 2343 εἰς
278 2311 324 2338 τὸν
340 2311 430 2338 κοινὸν
454 2312 592 2347 Δεσπότην
609 2313 655 2339 καὶ
670 2313 780 2348 Πατέρα
793 2315 939 2350 ἀπεδήμη-

986 1080 1083 1103 nostro
1110 1076 1191 1111 primi
1206 1083 1256 1103 nos
1277 1075 1350 1103 illam
1365 1075 1562 1111 experiremur,
1588 1075 1687 1102 merito
1715 1074 1777 1110 qui-

986 1122 1058 1155 dem,
1070 1126 1099 1149 ut
1109 1122 1144 1150 de
1158 1129 1188 1149 re
1211 1122 1394 1157 inexspectata
1406 1127 1433 1148 et
1447 1122 1577 1149 inusitato
1589 1130 1653 1149 casu
1667 1127 1777 1149 contur-

987 1168 1124 1195 baremur.
1140 1166 1175 1195 At
1189 1175 1251 1194 cum
1266 1171 1327 1202 post
1345 1167 1469 1195 homines
1479 1167 1597 1202 primum
1615 1172 1693 1195 natos
1705 1168 1777 1194 inter

987 1213 1069 1240 vitam
1097 1215 1125 1239 et
1146 1216 1262 1239 mortem
1289 1211 1460 1244 dividamur,
1488 1219 1604 1247 cumque
1628 1211 1777 1247 majoribus

985 1259 1087 1287 nostris
1104 1258 1235 1286 inﬂictum
1249 1259 1285 1286 sit
1308 1259 1471 1294 supplicium
1486 1279 1493 1291 ,
1508 1266 1559 1286 nec
1578 1258 1614 1286 sit
1631 1259 1677 1294 qui
1698 1258 1774 1291 vivit,

985 1305 1052 1339 quin
1069 1304 1188 1339 gustabit
1202 1308 1318 1331 mortem
1330 1313 1337 1331 :
1349 1312 1495 1332 commune
1509 1304 1631 1331 debitum
1644 1312 1775 1339 quorsum

985 1358 1036 1377 nos
1063 1354 1094 1377 ut
1108 1350 1246 1385 peculiare
1262 1350 1392 1377 damnum
1413 1355 1583 1385 reputamus,
1596 1354 1624 1377 et
1645 1354 1774 1385 tanquam

986 1396 1020 1424 ad
1034 1397 1140 1424 noviter
1156 1396 1378 1431 superinductam
1400 1396 1563 1424 solutionem
1584 1396 1672 1432 adacti
1690 1397 1774 1432 gemi-

986 1443 1113 1470 mus?et
1126 1450 1188 1470 cum
1217 1442 1296 1469 aliter
1325 1442 1382 1470 ﬁeri
1409 1450 1463 1470 non
1488 1442 1583 1477 possit,
1609 1450 1661 1470 nec
1689 1443 1783 1478 legem,

986 1489 1112 1516 admittat
1127 1494 1224 1515 natura
1240 1488 1333 1520 aliam,
1351 1495 1400 1515 cur
1414 1493 1544 1523 tanquam
1558 1493 1657 1523 przetcr
1668 1489 1776 1523 opinio-

985 1542 1049 1562 nem
1072 1534 1276 1570 contingentem
1289 1534 1323 1561 ad
1336 1541 1396 1561 eam
1419 1534 1624 1566 conturbamur,
1641 1539 1667 1561 el
1700 1534 1778 1561 tradi-

986 1588 1046 1607 mus
1064 1587 1113 1607 nos
1136 1579 1245 1607 mterori
1262 1579 1478 1615 immergendos,
1493 1587 1547 1606 non
1569 1584 1663 1606 sancto
1686 1578 1778 1613 aliqua

986 1633 1072 1659 more,
1097 1631 1144 1653 aut
1168 1625 1319 1653 secundum
1340 1625 1413 1660 leges
1439 1625 1551 1659 spiritus
1565 1624 1684 1653 ?'Nosue
1714 1624 1779 1651 latet

986 1673 1050 1699 dum
1068 1676 1182 1699 mortem
1198 1671 1278 1698 nobis
1299 1670 1420 1698 aﬂinium
1433 1671 1567 1706 Iugemus,
1584 1677 1635 1697 nos
1660 1675 1777 1697 mortem

987 1717 1141 1752 nobisipsis
1156 1724 1204 1752 per
1219 1717 1323 1744 luctum
1339 1715 1494 1744 adornare?
1512 1716 1590 1749 Quod
1609 1716 1632 1743 si
1649 1723 1693 1743 res
1708 1716 1777 1742 adeo

987 1764 1054 1790 dura
1068 1770 1141 1790 mors
1161 1767 1214 1794 est,
1231 1770 1280 1789 cur
1294 1770 1355 1789 eam
1371 1762 1408 1788 ita
1423 1762 1502 1789 nobis
1519 1762 1705 1789 acceleramus
1719 1761 1730 1787 ?
1752 1765 1781 1787 et

987 1813 1081 1836 contra
1100 1809 1187 1843 legem
1210 1808 1345 1835 Creatoris
1365 1807 1449 1835 nostri
1469 1806 1644 1842 insurgimus,
1661 1811 1692 1834 ut
1718 1813 1779 1833 eam

988 1853 1186 1888 praeveniamus
1201 1853 1212 1879 Ἰ
1226 1852 1274 1880 Sin
1290 1860 1305 1879 e
1320 1853 1399 1880 bonis
1415 1852 1451 1879 sit
1464 1857 1490 1879 et
1507 1851 1680 1884 salutaribus,
1696 1859 1780 1886 quor-

988 1907 1048 1926 sum
1077 1898 1219 1926 dei‘unetos
1242 1898 1276 1925 de
1297 1897 1402 1925 Domini
1422 1897 1557 1925 sententia
1574 1897 1644 1924 ultra
1670 1904 1780 1924 omnem

988 1945 1099 1973 modum
1114 1945 1306 1980 deploramus?
1321 1944 1404 1971 Soror
1416 1951 1459 1970 me
1476 1943 1595 1978 reliquit,
1607 1943 1723 1978 inquies,
1734 1951 1780 1970 so-

989 1992 1044 2019 lum
1062 1996 1123 2027 post
1151 1992 1236 2019 Deum
1258 1991 1380 2019 solamen
1399 1998 1501 2022 meum,
1527 1990 1627 2017 doloris
1649 1989 1778 2021 lenimen,

988 2038 1144 2066 acerbitatis
1161 2038 1327 2074 dissipatrix,
1349 2039 1496 2075 principale
1511 2039 1611 2067 laetitiae
1624 2047 1692 2067 meae
1715 2040 1780 2067 sub-

987 2085 1101 2119 jectum.
1119 2084 1152 2111 Et
1172 2084 1237 2119 quid
1252 2089 1307 2112 tum
1328 2089 1422 2120 postea
1437 2086 1449 2112 ?
1466 2085 1546 2112 Pater
1565 2090 1591 2113 te
1608 2090 1636 2112 et
1649 2090 1735 2113 mater
1746 2093 1782 2112 an

989 2138 1045 2158 non
1057 2130 1271 2165 dereliquerunt,
1286 2131 1394 2166 cognati
1405 2130 1580 2167 quoque'alii,
1595 2136 1623 2159 et
1632 2132 1667 2158 ab
1677 2131 1782 2159 Adamo

989 2176 1098 2212 longum
1118 2175 1227 2211 genus?‘
1242 2179 1270 2203 et
1292 2181 1320 2203 tu
1344 2182 1406 2211 post
1425 2181 1452 2204 te
1469 2177 1606 2211 relinques
1629 2177 1707 2208 alios.
1729 2184 1781 2204 nec

991 2220 1114 2248 invenies
1127 2220 1216 2247 virum
1226 2228 1307 2255 quem
1319 2229 1375 2248 non
1398 2221 1507 2256 plurimi
1524 2221 1681 2248 deseruere.
1698 2221 1782 2249 Soror

990 2266 1114 2294 deseruit
1130 2274 1264 2299 sororem,
1287 2267 1334 2294 sed
1348 2270 1478 2301 parentes
1497 2267 1601 2294 invenit
1622 2267 1782 2302 praeceden—

991 2317 1052 2346 tes;
1069 2312 1191 2340 deseruit
1205 2320 1339 2345 sororem,
1350 2312 1408 2340 Ised
1429 2312 1463 2340 ad
1480 2313 1623 2340 Dominum
1639 2317 1667 2340 et
1682 2321 1782 2348 paren-

151 2364 198 2382 σεν
208 2364 216 2372 ⁸
229 2356 296 2383 ἀλλὰ
311 2357 378 2392 πρὸς
397 2355 504 2391 εκείνην
524 2356 574 2391 τὴν
589 2357 738 2390 πολιτείαν,
761 2358 828 2392 πρὸς
843 2359 877 2394 ἢν
890 2359 935 2385 καὶ

993 2363 1046 2386 tem
1062 2366 1235 2386 communem
1251 2359 1318 2386 abiit
1333 2367 1340 2391 ;
1359 2358 1387 2386 iu
1407 2358 1479 2386 illam
1493 2359 1619 2395 migravit
1631 2359 1781 2395 rempubli-

148 2404 232 2438 ἡμεῖς
245 2403 431 2439 πορευόμεθα.
456 2400 524 2429 Εἶτα
537 2403 577 2429 ὅτι
598 2403 648 2437 μέν
664 2411 693 2429 σε
709 2404 879 2437 κατέλειπεν,
895 2405 940 2431 λο-

148 2449 234 2485 γίξῃ’
249 2450 322 2481 οἴους
336 2449 364 2476 δὲ
381 2448 532 2476 κατέλαὸεν
545 2449 595 2475 οὐκ
614 2450 734 2482 ὲννοείς;
762 2450 817 2476 Καὶ
842 2451 872 2478 τὸ
890 2451 940 2486 μὲν

150 2495 232 2530 σῶμα
247 2496 351 2527 στένεις
376 2495 417 2522 ὃτι
446 2495 495 2530 οὐχ
514 2495 581 2531 ὁρᾷς
591 2503 597 2510 ·
613 2496 629 2530 ἡ
643 2495 672 2522 δὲ
697 2495 770 2532 ψυχὴ
782 2497 822 2523 ὅτι
839 2497 940 2532 μᾶλλον

149 2541 289 2569 ἀκώλυτον
305 2539 383 2577 εὗρεν
401 2541 451 2576 τὴν
467 2541 536 2577 πρὸς
553 2542 584 2568 σε
600 2543 758 2577 συνάφειαν,
785 2543 815 2569 οὐ
832 2542 940 2578 χαίρεις

150 2587 283 2622 συνορᾷν·
311 2587 359 2614 καὶ
383 2587 424 2613 ὅτι
451 2587 501 2622 μὲν
529 2587 659 2624 φθαρτῶν
686 2588 842 2625 ἀπηλλάγη,
864 2590 939 2617 δεινὰ

148 2634 237 2664 ποιεῖς
247 2641 254 2649 ·
268 2633 309 2660 ὅτι
325 2633 352 2659 δὲ
362 2633 416 2659 τῶν
428 2633 574 2669 ἀφθάρτων
584 2634 726 2666 ἀπολαύει,
743 2635 774 2662 οὐ
789 2636 861 2670 μέγα
871 2637 937 2672 ἡγῇ.

149 2679 214 2709 Πῶς
237 2678 281 2705 δαὶ
293 2678 341 2705 καὶ
357 2679 521 2712 κατέλιπεν;
536 2680 561 2706 εί
576 2679 626 2714 μὲν
638 2681 679 2712 εἰς
686 2680 716 2707 τὸ
731 2681 768 2716 μὴ
783 2681 814 2707 ὂν
830 2682 937 2717 ὑπεχώ-

150 2734 247 2762 ρησεν,
262 2726 287 2752 εἰ
298 2725 344 2752 ὑπ’
355 2725 438 2761 ἄλλην
448 2726 574 2760 ἐξουσίαν
589 2727 637 2754 καί⁹
651 2727 802 2763 κυριότητα
816 2729 937 2764 γέγονεν,

149 2771 212 2797 τότε
242 2770 275 2798 ἂν
301 2770 376 2806 ἡμᾶς
401 2770 439 2802 ὠς
455 2771 563 2806 ἀληθῶς
589 2772 795 2805 ἐγκατέλειπεν.
819 2774 851 2801 Εἰ
866 2774 938 2810 δὲτῇ

150 2816 220 2850 αὺτῇ
247 2816 358 2852 παλάμῃ
378 2818 536 2851 φρουρεῖται
565 2817 612 2844 τοῦ
639 2818 804 2853 Πλάσαντος,
831 2821 939 2847 καὶτὸν

153 2861 233 2888 αὺτὺι
248 2861 349 2897 Κύριιν
362 2861 525 2894 δεσπόζοντα
541 2872 570 2890 τε
584 2865 632 2891 καὶ
659 2865 855 2901 προνοούμενον
877 2867 938 2903 ἐχο-

991 2414 1061 2439 cam,
1087 2406 1121 2433 ad
1139 2414 1218 2440 quam
1234 2413 1285 2433 nos
1299 2413 1409 2440 quoque
1428 2406 1575 2441 pergimus.
1589 2406 1641 2438 Tu,
1658 2407 1730 2441 quod
1757 2411 1784 2434 te

989 2453 1122 2484 deseruit,
1137 2459 1353 2486 commemoras;
1374 2457 1402 2479 at
1416 2459 1486 2487 quos
1498 2452 1612 2486 invenit,
1626 2461 1681 2480 non
1703 2461 1783 2481 reco-

989 2499 1043 2531 lis;
1067 2498 1138 2533 quod
1167 2506 1266 2533 corpus
1282 2505 1343 2536 non
1363 2498 1504 2532 intuearis,
1531 2500 1618 2535 gemis
1632 2508 1639 2532 ;
1653 2505 1681 2528 at
1710 2500 1786 2535 quod.

989 2544 1080 2571 anima
1095 2551 1151 2570 non
1169 2542 1372 2578 impediendam
1394 2547 1484 2571 tecum
1503 2545 1723 2580 conjunctionem
1741 2545 1783 2572 in-

991 2591 1076 2622 venit,
1100 2590 1154 2617 hoc
1173 2597 1229 2616 non
1243 2597 1451 2624 commemoras,
1475 2598 1538 2618 cum
1553 2591 1651 2626 gaudio
1679 2590 1782 2618 intueri

992 2643 1047 2662 non
1065 2642 1156 2662 curas.
1173 2634 1251 2667 Quod
1262 2643 1278 2662 a
1294 2635 1471 2670 corruptione
1483 2636 1610 2671 expedita
1623 2636 1668 2669 sit,
1686 2644 1780 2671 grava-

993 2682 1041 2709 tim
1068 2681 1147 2714 fers;
1172 2681 1244 2716 quod
1259 2681 1367 2708 fruatur
1381 2681 1585 2717 incorruptione
1605 2690 1660 2710 non
1690 2683 1781 2719 magni

994 2728 1070 2755 facis.
1083 2726 1183 2755 Verum
1203 2732 1229 2755 te
1251 2728 1387 2763 quomodo
1410 2728 1554 2763 dereliquit
1575 2728 1586 2754 ?
1607 2729 1687 2756 Certe
1706 2728 1737 2756 si'
1752 2730 1781 2757 in

994 2782 1047 2801 non
1068 2781 1117 2801 ens
1132 2773 1276 2806 reciderit,
1301 2774 1366 2801 siin
1386 2774 1502 2801 alienam
1515 2774 1734 2809 jurisdictionem
1754 2781 1783 2803 et

994 2825 1158 2856 potestatem
1169 2820 1245 2854 abiit,
1262 2827 1318 2848 tum
1337 2820 1442 2848 fatebor
1453 2827 1573 2847 eamnos
1593 2820 1782 2856 dereliquisse.

994 2867 1073 2901 Quod
1091 2867 1113 2895 si
1129 2866 1224 2895 eadem
1240 2866 1396 2895 Conditoris
1409 2866 1450 2894 sui
1467 2865 1593 2894 manibus
1611 2867 1784 2900 custoditur;
