1928 3097
176 150 229 182 919

738 151 870 182 ΡΗΟΤΙΙ
889 150 1142 181 ΡΑΤΗΙΑΗΕΗΑΞ
1159 151 1214 180 CP.

1744 148 1798 180 920

175 208 199 236 sl
222 207 348 236 eumdem
373 215 424 235 nos
442 212 470 236 et
492 207 536 235 illa
562 207 704 235 Dominum
726 208 905 244 imperantem
936 212 964 234 et

1015 215 1076 242 μεν,
1092 208 1140 233 καὶ
1149 208 1167 242 ἡ
1182 205 1252 241 αὑτὴ
1269 206 1409 240 ἑκατέροις
1423 204 1548 240 διατριϐή
1561 212 1592 231 τε
1601 203 1648 230 καὶ
1658 205 1798 239 κατασκή-

176 258 367 289 procurantem
388 253 520 281 habemus
535 262 544 287 ;
567 254 588 281 si
605 255 698 282 eadem
714 255 846 282 habitatio
856 259 884 282 et
895 261 962 282 con-

176 299 295 327 versatio
319 299 440 335 utrisque
465 304 621 334 apparatur,
654 300 677 327 si
709 301 780 327 illam
807 300 889 328 habet
907 299 962 328 vita

178 346 342 373 tumultuum
371 353 487 380 expers,
511 354 562 374 nos
590 350 681 374 autem
708 346 834 374 ﬂuctibus
864 346 962 374 etiam-

177 399 243 419 num
260 392 354 427 jactati
368 392 585 420 eireumferimur
600 402 607 419 ε
623 400 707 427 quare
734 393 847 420 dicenda
862 397 904 421 est
918 392 963 420 illa

177 445 229 466 nos
248 437 450 473 dereliquisse?
470 438 497 465 Si
517 446 573 465 non
597 438 629 466 ad
643 438 769 466 eumdem
785 437 884 473 quietis
898 445 962 472 por-

177 488 235 511 tutn
257 491 338 511 cursu
356 483 452 512 directi
472 484 592 511 feramur
606 493 613 511 :
629 484 650 512 si
671 492 725 511 non
744 484 838 511 eadem
852 484 962 511 insista-

177 537 240 556 mus
254 529 296 556 via
312 539 320 556 :
336 529 358 557 si
370 538 424 557 non
436 534 463 556 et
473 538 522 557 nos
531 537 638 564 quoque
650 530 711 557 linis
724 529 795 557 idem
807 533 962 564 exspectet;

179 578 236 601 tum
255 574 471 602 ratiocinandum
488 575 541 601 fuit
562 583 620 602 eam
636 575 831 609 dereliquisse;
849 579 904 601 tum
920 575 963 601 di-

177 621 297 648 rortium
320 621 420 649 factum
444 622 640 656 deplorandum
661 621 721 649 fuit.
739 621 786 649 Sin
800 629 863 648 vero
876 622 963 656 quod-

178 674 296 701 cumque.
310 667 370 702 quis
385 666 498 694 consilio
513 667 605 702 agitet,
619 671 646 694 et
658 667 762 702 agendo
773 667 906 702 perﬁciat.
930 674 963 694 eo

179 716 284 739 tantum
305 712 472 738 contendat:
499 711 562 746 quid
579 711 677 738 frustra
698 710 871 746 plangimus?
893 710 964 743 Quid

177 756 229 791 legi
246 761 348 784 natura),
360 757 596 784 obmurmuramus
608 777 616 789 ,
629 765 662 784 eo
672 757 754 792 quod,
771 765 832 785 cum
843 757 964 785 mortalis

177 801 329 833 exsisteret,
342 801 421 829 morti
437 802 601 829 subservivit
615 810 623 834 ;
646 802 718 836 quod
730 802 878 836 mqualibus
899 809 963 835 spa-

178 847 223 874 tiis
237 854 299 874 cum
315 851 400 881 patre,
418 851 515 879 matre,
536 847 665 874 universo
678 854 777 882 genere
793 847 874 874 vitam
892 846 963 874 bane

1013 261 1094 284 νωσις
1115 252 1307 288 έτοιμάζεται·
1338 253 1391 279 κᾶν
1406 252 1456 287 τὴν
1481 251 1530 286 μὲν
1546 251 1596 286 ἤδη
1614 250 1737 286 θορύϐων
1748 250 1799 286 ἔχῃ

1014 299 1069 334 βίος
1084 299 1237 333 ἐλεύθερος,
1254 299 1334 334 ἡμείς
1347 298 1375 324 δὲ
1390 298 1430 324 ἔτι
1445 297 1485 332 τῷ
1508 296 1669 332 κυμαίνοντι
1685 304 1799 331 περιφε-

1013 345 1133 380 ρόμεθα·
1150 346 1210 377 πῶς
1235 346 1308 381 ἡμᾶς
1332 344 1541 378 ὲγκατέλειπενς
1557 343 1592 370 Et
1608 343 1645 378 μὴ
1668 343 1736 376 πρὸς
1753 342 1799 368 τὸν

1011 392 1094 419 αὑτὸν
1109 391 1157 418 καὶ
1169 392 1250 427 ἡμεῖς
1262 391 1326 418 κυσε
1332 390 1458 426 ρνώμεθα
1471 390 1520 423 τῆς
1542 387 1740 419 καταπαύσεως
1755 388 1798 414 λι-

1014 437 1092 471 μένα·
1106 437 1129 463 ει
1145 436 1182 472 μὴ
1195 436 1244 472 τὴν
1253 436 1338 471 αὐτὴν
1349 435 1409 463 ὁδὸν
1419 434 1588 470 διανύωμεν·
1602 436 1627 461 εί
1641 434 1678 470 μὴ
1688 434 1720 461 τὸ
1732 434 1798 460 αὐτὸ

1011 482 1087 516 ἡμᾶς
1107 480 1246 516 ἐκδέχεται
1259 480 1351 511 τέλος·
1372 479 1426 506 ἔδει
1439 479 1501 506 τότε
1517 478 1672 512 λογίζεσθαι
1684 478 1734 513 τὴν
1748 479 1796 512 ἑγ-

1013 526 1181 562 κατόιλειψιν,
1197 527 1250 553 ἔδει
1269 527 1330 554 τότε
1353 525 1463 552 πενθεῖν
1488 524 1538 560 τὴν
1561 524 1710 551 διάστασιν.
1723 524 1754 550 El
1769 524 1797 550 δὲ

1012 574 1061 601 ὅσα
1076 573 1108 600 ἄν
1122 582 1163 605 τις
1178 573 1225 600 καὶ
1241 572 1371 608 βουλεύσῃ
1389 580 1419 599 τε
1435 571 1483 598 καὶ
1502 570 1603 607 πράξῃ,
1617 571 1707 597 πάντα
1728 569 1798 605 πρὸς

1012 619 1120 654 ἐκείνην
1131 619 1180 655 τὴν
1194 619 1276 655 μονὴν
1289 619 1390 650 ἀπάγει
1399 625 1408 634 ⁸
1422 617 1449 644 τί
1467 617 1556 653 μάτην
1578 616 1754 651 κοπτόμεθα;
1771 615 1799 641 τί

1012 665 1040 692 δὲ
1055 667 1126 693 κατὰ
1147 665 1194 692 τοῦ
1217 666 1300 701 νόμου
1318 665 1369 699 τῆς
1394 665 1500 700 φύσεως
1516 663 1715 698 χαλεπαίνομεν
1729 684 1735 693 ,
1755 662 1798 688 ὅτι

1013 712 1108 748 θνητὸς
1126 712 1164 739 ὢν
1175 712 1224 747 τὴν
1243 711 1324 746 φύσιν
1335 711 1478 746 ἄνθρωπος
1491 710 1531 745 τῷ
1542 710 1650 744 θανάτῳ
1663 709 1799 742 ὲλειτούρυ

1012 766 1112 793 γησεν;
1126 758 1167 785 ὅτι
1180 758 1214 785 τὰ
1225 757 1271 784 ῐσα
1284 757 1332 784 καὶ
1342 757 1422 792 ὃμοια
1436 756 1521 792 πατρὶ
1538 756 1586 782 καὶ
1602 754 1685 790 μητρὶ
1703 752 1799 787 καὶτῷ

1012 804 1098 840 λοιπῷ
1123 803 1197 838 γένει
1221 803 1268 830 τὸν
1285 802 1409 838 παρόντα
1437 803 1494 838 βίον
1518 801 1695 836 διεπέρασεν;
1717 799 1750 825 Τί
1772 798 1796 825 δ’

1012 851 1096 886 ἐχρῆν
1111 851 1155 884 ἐφ’
1170 849 1249 884 ἡμῶν
1262 848 1341 884 μόνον
1355 848 1545 882 ἀνατραπῆναι
1568 846 1618 881 τὴν
1644 845 1735 881 φύσιν,
1750 844 1799 871 καὶ

179 893 303 920 transivit
316 893 328 920 ?
345 893 386 920 An
402 898 461 922 erat
473 901 579 928 aequum
596 898 626 920 ut
638 898 729 920 nostra
740 900 821 920 causa
845 893 959 921 subrue-

1015 895 1180 932 συγχυθῆναι
1192 895 1255 926 τοὺς
1269 894 1349 929 ὅρους
1368 894 1419 929 τῆς
1431 893 1545 923 κτίσεως
1556 900 1564 924 ;
1577 891 1603 918 τί
1618 891 1672 926 γὰρ
1692 889 1801 925 προκύ-

180 943 254 965 retur
270 943 365 965 natura
378 958 386 970 ,
403 943 431 966 et
447 943 476 966 ut
488 938 633 966 creationis
648 939 756 966 termini
766 938 964 967 confunderen-

180 984 243 1011 tur?
256 984 324 1010 Nam
337 984 402 1018 quid
423 991 541 1018 unquam
566 983 666 1018 prodiit
680 991 729 1019 per
748 984 962 1020 generationem,

179 1027 252 1062 quod
267 1036 322 1055 non
340 1029 449 1056 demum
463 1036 512 1063 per
525 1028 728 1056 dissolutionem
749 1033 777 1056 et
791 1034 905 1057 mortem
917 1036 963 1056 re-

180 1075 331 1110 mergitur?
349 1075 450 1103 Omitto
466 1075 564 1103 herbas
584 1075 722 1108 ﬂorentes,
745 1076 878 1111 pulchras,
900 1075 962 1111 qui-

178 1119 230 1147 bus
239 1127 293 1146 nou
302 1120 382 1147 modo
390 1121 472 1153 oculi,
485 1120 532 1148 sed
541 1125 567 1147 et
574 1128 670 1148 sensus
678 1120 767 1147 caeteri
775 1120 944 1148 obiectantur
954 1129 961 1148 :

180 1165 336 1201 plantarum
365 1171 472 1194 transeo
489 1167 626 1200 decorem,
647 1171 676 1194 et
691 1166 880 1194 universorum
904 1167 963 1194 ani-

178 1211 292 1239 malium
309 1219 416 1247 greges,
431 1220 492 1247 quae
512 1213 603 1240 omnia
616 1212 782 1248 temporibus
809 1217 961 1246 transeunt,

179 1260 207 1283 et
225 1256 375 1284 sortiuntur
401 1257 603 1293 generationem
629 1265 700 1290 eam,
717 1265 776 1292 qua:
801 1259 962 1293 promuiiurn

179 1302 271 1338 pangit
293 1303 476 1331 dissolutioni.
506 1303 559 1330 Sed
581 1304 670 1331 recole
691 1308 826 1331 astrorum
847 1304 962 1331 chorum

180 1348 250 1375 bene
262 1347 466 1383 dispositorum,
479 1353 579 1384 quanta
590 1348 717 1377 ﬁrmitate
727 1353 859 1377 exornant
873 1349 964 1376 firma-

179 1397 313 1426 mentum,
341 1394 533 1422 illustrioribus
549 1402 641 1422 aerem
654 1395 790 1422 coloribus
810 1395 907 1423 ﬂorum
935 1396 962 1423 in

180 1447 284 1467 morem
318 1440 523 1474 illuminantes;
551 1446 660 1469 noctem
684 1442 800 1477 qualiter
825 1443 963 1472 funalibus

179 1490 321 1519 exornant,
344 1486 409 1514 dum
434 1487 620 1516 borriditatem
648 1488 720 1516 illius
749 1489 832 1516 radiis
857 1489 963 1517 emissis

180 1535 343 1565 temperant,
355 1532 392 1560 ita
402 1537 506 1568 gratum
522 1534 866 1570 hominibusspeetaculum
883 1535 961 1564 exhi-

180 1576 272 1603 bentia
286 1585 293 1603 :
306 1576 396 1604 lunam
407 1577 534 1614 deinceps
545 1579 662 1613 intuere,
672 1588 732 1615 quae
745 1585 865 1608 mutuata
877 1589 891 1609 a
905 1582 962 1610 sole

180 1623 268 1651 lucem
282 1631 370 1658 suam,
389 1624 447 1652 sine
461 1625 523 1653 dote
538 1626 621 1661 gratis
632 1635 722 1654 aerem
735 1627 860 1661 illustrat,
871 1633 899 1657 et
913 1629 963 1656 do-

180 1676 246 1695 num
257 1674 398 1704 acceptum
422 1670 542 1705 impertit
552 1671 630 1707 longe
646 1672 753 1706 lateque
766 1692 774 1705 ,
788 1673 825 1701 ita
835 1678 865 1701 ut
891 1674 962 1702 diem

180 1714 235 1743 diei
251 1715 464 1743 antecedaueum
487 1717 652 1746 constituere
672 1718 783 1746 nitatur.
801 1719 854 1747 Sed
870 1721 964 1747 termi-

182 1768 248 1788 num
276 1761 328 1788 ista
340 1762 431 1789 omnia
457 1763 606 1798 respiciunt
629 1771 719 1797 suum,
737 1765 858 1793 debitum
882 1774 965 1802 agno-

182 1811 263 1834 scunt
275 1815 365 1840 suum,
381 1812 409 1835 et
420 1808 454 1835 ad
471 1808 621 1836 faciendam
637 1810 799 1837 solutionem
817 1815 963 1838 maturant.

183 1853 228 1880 Sol
245 1853 303 1888 ipse
316 1861 408 1880 nonne
425 1854 556 1882 mirabilis
566 1860 608 1881 est
622 1859 744 1890 aspectu.
763 1856 966 1890 pulchritudine

183 1898 265 1933 plane
287 1900 452 1928 admirabilis
471 1900 483 1927 ?
508 1903 543 1928 de
566 1908 621 1935 quo
646 1909 702 1928 non
727 1901 801 1928 aliud
827 1901 966 1935 edixeris,

184 1953 264 1978 quam
274 1946 345 1980 quod
366 1951 395 1972 ut
409 1947 484 1981 gigas
500 1946 613 1974 exsultat
624 1947 748 1982 conﬁcere
761 1955 865 1974 cursum
879 1956 966 1980 suum,

974 1562 997 1593 (Ξ

184 1990 218 2017 ab
232 1999 285 2017 una
297 1991 354 2018 caeli
366 1994 530 2019 extremitate
544 1993 579 2019 ad
589 1993 701 2020 alteram
713 1993 745 2027 “,
758 2001 841 2021 cursu
850 1995 967 2029 quodam

183 2037 310 2064 ordinato
324 2057 331 2070 ,
360 2038 423 2064 licet
447 2039 644 2073 superuaturali
659 2060 666 2072 ,
685 2039 711 2066 in
732 2040 806 2068 orbis
830 2041 919 2068 medio
940 2049 969 2068 se

183 2081 333 2116 explicans,
350 2086 477 2117 tanquam
491 2083 518 2110 in
534 2084 640 2111 theatro
659 2085 858 2118 manifestatur,
875 2090 903 2112 et
927 2093 970 2113 ra-

183 2126 235 2154 diis
262 2127 352 2154 omnia
378 2128 544 2162 percutiens.
560 2129 657 2163 partim
677 2129 731 2156 vita
747 2130 837 2156 dotata
862 2130 970 2163 imbuit,

183 2172 283 2208 partim
299 2173 373 2200 fovet
389 2182 396 2205 ;
413 2178 440 2201 et
459 2174 608 2209 eompingit
623 2174 650 2201 in
668 2182 707 2206 se,
725 2183 893 2210 quaecunque
907 2175 972 2202 sub-

1011 943 1065 978 ψαν
1080 942 1124 968 διὰ
1136 941 1282 976 γενέσεως.
1294 940 1325 966 οὐ
1336 939 1381 966 διὰ
1393 939 1496 970 λύσεως
1509 938 1590 964 πάλιν
1609 937 1656 964 καὶ
1682 936 1798 963 θανάτου

1011 987 1189 1020 καταδύεται;
1208 986 1373 1022 Παραλείπω
1386 984 1505 1020 βοτανῶν
1520 984 1587 1018 ἄνθη
1601 983 1648 1010 καὶ
1658 982 1753 1017 κάλλη,
1766 981 1801 1008 οὐ

1010 1034 1060 1069 τὴν
1073 1031 1135 1068 ὕῷιν
1151 1032 1241 1067 μόνον,
1257 1031 1326 1058 ἀλλὰ
1345 1032 1393 1057 καὶ
1407 1030 1456 1061 τὰς
1472 1029 1555 1061 ἄλλας
1582 1028 1722 1063 αἰσθήσεις
1734 1027 1798 1062 τέρ-

1011 1087 1109 1106 ποντα.
1139 1078 1306 1113 Παρατρέχω
1332 1074 1424 1110 φυτῶν
1448 1074 1630 1110 ὡραιότητας,
1650 1073 1751 1108 ἀγέλας
1766 1080 1799 1098 τε

1012 1123 1190 1152 παντοδαπῶν
1215 1121 1304 1154 ζώων.
1325 1122 1452 1147 Ἀπαντα
1463 1120 1502 1156 τῷ
1517 1120 1605 1155 χρόνῳ
1620 1119 1798 1154 παρέρχεται,

1011 1172 1060 1199 καὶ
1069 1170 1118 1206 τὴν
1131 1170 1239 1203 γένεσιν
1255 1168 1380 1203 εὑρίσκει
1398 1166 1629 1203 προοιμιάζουσαν
1645 1165 1695 1201 τὴν
1708 1164 1798 1192 διάλυ-

1013 1225 1066 1243 σιν.
1088 1215 1157 1242 Ἀλλ’
1175 1214 1260 1241 ὲννόει
1277 1222 1321 1248 μοι
1333 1212 1380 1239 τὸν
1392 1211 1522 1239 εὔτακτον
1534 1212 1616 1247 χορὸν
1643 1211 1698 1237 τῶν
1718 1211 1800 1238 ἀστέ-

1013 1269 1078 1297 ρων,
1091 1261 1165 1291 ὅπως
1175 1269 1205 1286 τε
1221 1258 1391 1286 ποικίλλουσι
1406 1259 1437 1285 τὸ
1448 1258 1600 1293 στερέωμα,
1616 1257 1714 1292 βαφαῖς
1727 1256 1799 1291 λαμ-

1011 1307 1159 1344 προτέραις
1172 1303 1391 1341 περιανθίζοντες
1403 1304 1438 1330 τὰ
1446 1303 1559 1340 οὐράνια
1567 1323 1574 1330 .
1595 1304 1649 1330 Καὶ
1660 1303 1734 1334 ὅπως
1749 1302 1799 1338 δα-

1011 1352 1135 1389 δουχοῦσι
1144 1352 1194 1387 τὴν
1205 1351 1301 1382 νύκτα,
1316 1350 1346 1377 τὸ
1360 1349 1475 1384 στυγνὸν
1488 1349 1574 1383 αὐτῆς
1585 1348 1799 1382 ὑπαυγάζοντες,

1012 1399 1060 1425 καὶ
1077 1398 1127 1433 τὴν
1144 1398 1208 1424 θέαν
1227 1396 1331 1424 ἄλυπον
1352 1396 1408 1427 τοῖς
1422 1394 1507 1430 ὁρῶσι
1533 1394 1734 1429 παρεχόμενοι·
1749 1393 1801 1428 τὴν

1013 1445 1127 1480 σελήνην
1139 1443 1220 1470 πάλιν
1235 1442 1473 1473 ὲπισκόπει,ὅπως
1486 1441 1520 1468 ὲκ
1527 1440 1574 1468 τοῦ
1589 1440 1665 1476 ἡλίου
1677 1439 1801 1471 δανειζο-

1018 1491 1086 1527 μένη
1094 1490 1125 1517 τὸ
1136 1490 1205 1524 φῶς,
1218 1490 1319 1524 προῖκα
1328 1489 1374 1516 τὸν
1384 1487 1453 1523 ἀέρα
1475 1486 1617 1521 πυρσεύει,
1639 1486 1687 1512 καὶ
1697 1486 1800 1519 φιλοτι-

1016 1539 1107 1573 μεῖται
1120 1536 1150 1564 τὸ
1162 1536 1260 1571 δῶρον,
1274 1535 1321 1562 καὶ
1332 1535 1386 1570 πρὸ
1395 1534 1500 1569 ἡμέρας
1509 1533 1594 1567 ἄλλην
1607 1533 1715 1568 ἡμέραν
1727 1531 1804 1566 φιλο-

1013 1583 1099 1609 νεικεῖ
1112 1580 1327 1617 ἀπεργάζεσθαι.
1336 1578 1415 1606 Ἀλλὰ
1428 1579 1475 1606 καὶ
1488 1577 1574 1606 ταῦτα
1589 1578 1677 1604 πάντα
1685 1577 1754 1612 πρὸς
1763 1576 1805 1603 τὲ

1012 1628 1057 1659 λος
1068 1627 1129 1662 ὁρᾷ,
1136 1626 1184 1653 καὶ
1193 1626 1223 1653 τὸ
1232 1625 1311 1661 χρέος
1319 1623 1383 1658 οἵδε,
1393 1624 1440 1652 καὶ
1449 1624 1541 1660 τρέχει
1554 1624 1621 1659 πρὸς
1630 1623 1680 1658 τὴν
1687 1622 1805 1657 ἀπαίτη-

1014 1681 1067 1700 σιν.
1083 1671 1168 1703 Αὐτὸς
1180 1672 1194 1698 ό
1209 1670 1284 1706 ἥλιος
1290 1671 1321 1697 οὺ
1333 1670 1459 1706 λαμπρὸς
1470 1670 1519 1705 μὲν
1532 1670 1605 1701 ἰδεῖν,
1616 1669 1767 1704 θαυμάσιος
1774 1669 1805 1695 δὲ

1012 1718 1044 1745 τὸ
1056 1717 1171 1750 κάλλοςς
1188 1717 1236 1744 καὶ
1255 1716 1281 1743 τί
1303 1716 1358 1751 γὰρ
1376 1716 1440 1744 ἄλλο
1459 1716 1563 1748 εἰπεῖν,
1578 1716 1594 1751 ἢ
1611 1716 1652 1742 ὅτι
1668 1715 1708 1748 ὡς
1719 1715 1805 1750 τίτας

1013 1764 1238 1798 ἀγαλλιώμενος
1246 1762 1369 1797 δραμεῖν
1384 1762 1457 1789 ὁδὸν
1467 1761 1572 1793 αὑτοῦ,
1579 1760 1629 1788 ἀπ’
1644 1759 1739 1793 ἄκρου
1750 1759 1808 1786 τοῦ

1014 1807 1156 1845 οὐρανοῦ,
1164 1808 1220 1842 ἕως
1234 1809 1328 1842 ἆκρσυ
1340 1807 1394 1835 τοῦ
1400 1807 1543 1842 οὐρανοῦ,
1554 1807 1656 1833 ἐκεῖνον
1664 1806 1711 1832 τὸν
1718 1805 1806 1840 ὑπερ-

1016 1856 1071 1892 φυῆ
1087 1856 1186 1892 δρόμον
1198 1856 1246 1882 καὶ
1267 1854 1398 1881 εὔτακτον
1425 1854 1454 1880 ὲν
1470 1852 1544 1888 αὐτῷ
1557 1853 1632 1888 μέσῳ
1656 1851 1695 1887 τῷ
1708 1851 1808 1886 κόσμῳ

1017 1900 1353 1936 ἀνελίττων,θεατρίζειτε
1361 1900 1406 1927 καὶ
1420 1900 1616 1927 ἐπιδείκνυται·
1632 1900 1680 1925 καὶ
1691 1898 1725 1924 τὰ
1734 1898 1805 1932 σύμ.

1018 1956 1105 1975 ποντα
1116 1948 1176 1978 ταῖς
1190 1947 1281 1973 ἀκτῖσι
1298 1945 1412 1981 βάλλων,
1429 1945 1477 1972 καὶ
1490 1944 1570 1971 τοῦτο
1587 1944 1636 1979 μὲν
1651 1942 1808 1977 ζωογονῦν,

1017 1994 1096 2021 τοῦτο
1110 1993 1139 2020 δὲ
1154 1993 1276 2024 θάλπων,
1291 1991 1340 2019 καὶ
1355 1991 1474 2025 συνέχων
1484 1990 1520 2016 τὰ
1530 1989 1657 2024 περίγεια
1672 1988 1744 2022 λόγῳ
1758 1989 1808 2014 καὶ

1019 2039 1095 2074 νόμῳ
1113 2038 1161 2066 τοῦ
1181 2037 1344 2068 κτίσαντος,
1357 2037 1418 2071 οὺχὶ
1433 2036 1552 2071 τοσούτῳ
1581 2036 1698 2070 μακροῖς
1719 2034 1807 2062 ταῦτα

1020 2085 1147 2120 πράττων
1156 2084 1186 2111 οὐ
1196 2083 1330 2118 γηράσκει
1341 2082 1457 2118 χρόνοις,
1468 2082 1524 2109 οὐδ’
1535 2081 1688 2108 ἀλλοιοῦται
1698 2080 1730 2106 τὸ
1742 2080 1808 2106 κάλ-

1020 2131 1076 2162 λος,
1093 2129 1154 2157 οὐδὲ
1167 2130 1213 2156 τὸν
1229 2129 1331 2165 δρόμον
1357 2127 1480 2160 ὀκλάζει,
1497 2127 1552 2154 οὐδ’
1567 2126 1624 2162 ἔχει
1646 2125 1756 2162 πρᾶξιν,
1771 2126 1808 2153 δι’

1021 2174 1050 2205 οὗ
1074 2177 1124 2212 τὴν
1149 2176 1225 2202 λύσιν
1251 2174 1478 2210 ἀπαιτηθήσεται,
1511 2173 1592 2200 Ἀλλὰ
1621 2173 1670 2200 καὶ
1698 2170 1777 2204 οὗτος
1793 2173 1809 2198 ὸ

184 2218 290 2246 lunaria
317 2220 466 2246 secundum
493 2219 612 2247 edictum
643 2220 807 2247 conditionis
820 2229 876 2248 suae
893 2230 900 2248 ε
918 2229 965 2248 ne-

1021 2222 1148 2254 τοσοῦτος
1161 2222 1208 2249 καὶ
1224 2220 1383 2256 τηλικοῦτος
1398 2220 1429 2246 οὐ
1444 2219 1588 2254 διαφεύγει
1601 2218 1632 2245 τὺ
1645 2219 1732 2250 τέλος,
1748 2218 1809 2245 ἀλλ’

183 2273 237 2300 que
252 2265 367 2296 interea,
388 2266 452 2293 dum
467 2266 519 2294 hoc
540 2266 644 2301 peragit
660 2267 741 2293 tantis
753 2271 781 2294 et
795 2271 849 2294 tam
867 2268 970 2302 produ-

184 2312 235 2338 etis
247 2312 341 2346 spatiis
354 2312 536 2344 consenescit,
552 2320 640 2347 neque
651 2313 757 2340 decoris
768 2313 809 2340 sui
820 2313 970 2348 deliquium

186 2358 228 2385 vel
252 2358 461 2386 diminutionem
485 2359 597 2393 patitur,
624 2367 679 2386 non
703 2358 730 2386 iu
753 2367 835 2387 cursu
859 2359 968 2392 fatiscit,

185 2404 252 2431 nihil
267 2405 331 2440 agit,
343 2404 416 2432 unde
441 2405 475 2432 de
488 2405 667 2433 dissolutione
689 2405 841 2439 postuletur
856 2413 863 2438 ;
878 2409 905 2432 et
927 2410 970 2432 ta—

185 2458 248 2477 men
258 2450 303 2477 ille
317 2451 377 2478 talis
397 2455 543 2486 tantusque
554 2451 635 2478 linem
655 2458 735 2478 suum
764 2456 972 2478 etconsumma-

186 2496 287 2523 tionem
302 2503 358 2523 non
374 2496 490 2532 diﬂ‘ugit,
508 2496 556 2524 sed
578 2496 696 2524 decretis
721 2497 875 2524 succumbit
890 2500 972 2524 natu-

185 2541 298 2568 ralibus.
313 2541 410 2568 Omnia
422 2541 523 2577 quippe
544 2542 733 2574 immutantur,
757 2548 809 2568 nec
823 2541 971 2576 quidquam

185 2592 238 2619 est,
266 2587 338 2622 quod
366 2595 415 2622 per
442 2588 643 2623 generationem
666 2588 877 2621 substantiatur,
906 2588 972 2623 quin

186 2638 250 2660 ante
270 2637 385 2660 mortem
405 2634 507 2669 aspir-et
523 2634 764 2662 immortalitatem.
791 2634 862 2667 Quid
885 2634 973 2669 ergo?

187 2677 251 2705 lbec
265 2677 356 2705 omnia
375 2677 553 2712 reﬁnguntur,
571 2683 600 2706 et
624 2686 653 2706 se
679 2678 833 2711 immutaut,
858 2686 911 2706 nec
939 2678 973 2706 de

188 2726 242 2751 line
261 2723 425 2751 conditionis
449 2731 505 2751 suae
525 2728 707 2757 murmurant,
725 2724 773 2751 sed
798 2723 910 2760 Opiﬂcis
930 2724 973 2752 sui

187 2770 388 2804 bcueplaeitum
421 2777 498 2804 aequo
530 2770 623 2798 animo
646 2770 758 2798 ferunt:
786 2775 813 2798 at
838 2778 901 2804 nos,
926 2771 972 2807 qui

228 2861 248 2875 ⁸³
264 2860 335 2888 Psal.
350 2869 427 2895 xvm,
446 2861 472 2888 6.

1024 2268 1176 2295 ὑποκύπτει
1188 2268 1244 2298 τοῖς
1252 2266 1344 2302 νόμοις
1355 2267 1403 2300 τῆς
1419 2265 1537 2300 φύσεως.
1548 2265 1640 2291 Πάντα
1654 2264 1709 2299 γὰρ
1724 2272 1810 2298 μετα-

1023 2313 1160 2346 ϐάλλεται,
1174 2312 1222 2338 καὶ
1233 2311 1322 2342 οὐδὲν,
1343 2310 1358 2336 ὃ
1380 2310 1424 2337 διὰ
1441 2309 1573 2343 γενέσεως
1591 2308 1722 2342 οὺσιώθη,
1748 2309 1810 2334 ἐπι-

1023 2359 1100 2395 ζητεῖ
1119 2358 1172 2394 πρὸ
1183 2357 1230 2384 τοῦ
1246 2357 1361 2384 θανάτου
1377 2355 1471 2391 μαθεῖν
1483 2355 1514 2381 τὺ
1527 2354 1670 2381 ἀθάνατον.
1692 2353 1725 2380 Τί
1739 2353 1788 2380 οὖν
1801 2363 1810 2384 ι

1023 2404 1111 2432 ταῦτα
1119 2403 1207 2431 πάντα
1219 2402 1435 2438 μεταπλάττεται
1449 2400 1496 2428 καὶ
1508 2399 1671 2435 μεταϐάλλει
1683 2400 1813 2434 καὶπρὸς

1023 2450 1070 2477 τὸν
1081 2450 1145 2484 ὅρον
1154 2449 1205 2475 οὐκ
1218 2448 1366 2482 ἀγανακτεῖ
1383 2447 1434 2480 τῆς
1449 2446 1585 2477 πλάσεως,
1601 2445 1658 2472 ἀλλ’
1675 2445 1814 2476 εὐπειθῶς

1023 2495 1101 2530 φέρει
1118 2493 1165 2520 τοῦ
1179 2492 1303 2528 τεχνίτου
1314 2491 1344 2518 τὺ
1360 2491 1483 2532 βούλημα
1495 2498 1502 2505 ·
1517 2490 1599 2525 ἡμεῖς
1616 2488 1645 2515 δὲ
1658 2487 1693 2515 δι’
1707 2485 1746 2514 ὧν
1758 2488 1815 2521 μά-

1023 2550 1072 2576 την
1085 2539 1251 2575 κοπτόμεθα;
1262 2538 1322 2565 καθ’
1335 2538 1413 2573 ἡμῶν
1433 2537 1464 2564 τὸ
1477 2536 1554 2563 Θεῖον
1567 2534 1747 2571 παροργίζειν
1760 2535 1815 2561 οὒκ

1023 2587 1174 2622 ὀκνήσομεν
1185 2594 1192 2617 ;
1202 2584 1250 2612 καὶ
1257 2583 1376 2610 τοσαῦτα
1386 2583 1438 2619 πρὸ
1446 2581 1593 2616 ὀφθαλμῶν
1602 2581 1709 2616 ἔχοντες
1720 2589 1815 2616 παρα-

1023 2633 1157 2668 δείγματα
1166 2653 1174 2665 ,
1188 2631 1240 2658 ὑπὸ
1251 2630 1352 2657 τούτων
1365 2630 1413 2665 μὲν
1427 2628 1533 2660 οὐδενὸς
1547 2627 1739 2662 ἁνανὴψομεν;
1762 2627 1816 2654 ὅσα

1024 2679 1053 2706 δὲ
1065 2679 1095 2705 τὸ
1110 2678 1196 2708 πάθος
1207 2677 1254 2704 καὶ
1268 2678 1283 2703 ὀ
1297 2675 1414 2711 πονηρὸς
1428 2674 1604 2710 ὑπαγορεύει,
1625 2672 1732 2704 τούτοις
1746 2673 1816 2699 ὲαυ-

1027 2725 1090 2755 τοὺς
1105 2723 1320 2759 παραδώσομεν;
1338 2720 1453 2748 Ἔλαϐεν
1472 2721 1487 2747 ὁ
1499 2719 1624 2754 [Ιλάστης
1638 2718 1706 2753 πρὸς
1718 2718 1817 2744 ἑαυτὸν

1027 2771 1057 2798 τὸ
1072 2770 1287 2806 πλαστούργημα
1299 2778 1307 2784 ·
1321 2768 1367 2796 καὶ
1379 2768 1411 2794 σὺ
1423 2768 1472 2794 οὐκ
1485 2766 1570 2801 ἀνέχῃ
1581 2765 1624 2792 ἵνα
1639 2764 1709 2800 λύσῃ
1726 2764 1818 2791 πόνων
