1928 3097
118 138 156 172 921

673 141 945 173 EPISTOLARUM
964 118 1081 174 LlBER
1101 144 1142 174 II.

1674 144 1728 178 922

119 200 157 225 καὶ
168 194 323 233 φροντίδων,
340 194 359 222 ἃ
368 194 408 230 τῷ
422 194 472 230 βίῳ
484 195 593 228 πάντως
616 196 870 224 συνανακύπτουσιν
879 204 886 212 ·

947 197 1040 227 'rustra
1053 199 1216 235 plangimur,
1230 206 1279 235 per
1293 201 1417 226 nostram
1431 198 1505 226 illam
1516 198 1655 234 querelam
1668 199 1728 227 Nu-

119 244 157 270 ttal.
172 243 203 270 σὺ
214 241 400 278 δυσχεραίνεις
417 241 459 268 ἵνα
475 242 614 277 ἀναστήσῃ
628 250 636 258 ·
652 241 701 269 καὶ
712 243 745 269 σὺ
759 241 808 278 τὴν
828 251 891 270 τοσ-

119 288 189 324 αύτην
199 289 280 324 χάριν
295 287 415 323 ὀλοφύρῃ
429 296 436 321 ;
450 288 537 320 Αὐτὸς
559 288 770 322 ἀπαθανατίζει,
782 289 830 316 καὶ
845 290 889 322 σὺ,

119 335 149 366 ὡς
162 334 257 370 μηκέτι
266 333 359 369 οὒσης,
370 334 410 365 εὶς
421 333 555 370 ὀδυρμοὺς
566 334 746 366 καταπίπτεις
757 341 765 349 ⁸
778 334 826 362 καὶ
838 334 890 361 ποῦ

118 380 189 407 ταῦτα
202 380 254 414 τῆς
269 380 318 415 σῆς
334 380 435 416 ἀρετῆς
459 380 540 414 ἄξια;
561 380 618 407 ἀλλ’
633 380 813 415 ἀναλάϐωμεν
827 381 892 408 ἑαυ-

118 428 178 458 τοὺς,
192 426 350 461 ὲπιγνῶμεν
369 426 449 461 ήμῶν
470 426 520 461 τὴν
548 426 640 462 φύσιν,
670 426 829 462 ὲπιγνῶμεν
846 426 892 454 τὸν

119 472 240 507 Ηλάστην,
257 472 430 507 ἐννοήσωμεν
445 472 496 508 τὴν
520 471 639 499 ἀϐυσσον
651 473 703 507 τῆς
722 473 892 507 Δεσποτικῆς

119 515 320 552 φιλανθρωπίας.
340 517 460 545 Ἔδωκεν
477 518 516 550 είς
532 517 671 553 ἐπιτιμίου
685 518 763 553 λόγον
783 519 829 545 τὸν
843 519 892 546 θά-

118 569 201 589 νατον’
217 562 276 589 ἀλλ’
295 562 447 594 ἀθανασίας
471 563 552 590 αὑτὸν
578 563 667 598 πύλην
680 563 714 590 δι’
745 563 810 590 ίδίου
828 572 893 597 μετ-

118 609 253 635 εσκεύασεν
263 608 391 637 θανάτου.
415 609 516 644 Ὀργῆς
538 608 586 636 καὶ
595 609 808 645 ἀγανακτήσεως
821 609 892 636 ἀπό-

118 663 188 689 φασις
201 653 250 689 ἦν·
277 655 347 682 ἀλλά
375 655 425 689 τὴν
437 655 525 690 ἄκραν
554 654 712 691 ἀγαθότητα
731 655 779 682 τοῦ
796 655 892 691 κριτοῦ

119 701 205 736 μηνύει
216 709 224 718 ο
237 701 296 728 ἀλλ’
315 701 474 736 ὑπερϐαίνει
497 700 634 736 λογισμῶν
664 701 793 736 μεθόδους
807 702 837 728 τὺ
849 702 893 728 ὲν-

117 745 206 780 νόημα.
222 745 287 772 Λύει
306 745 355 781 μὲν
367 745 422 780 γὰρ
433 745 540 781 θανάτῳ
552 745 600 781 τὴν
610 745 701 780 φύσιν,
714 746 775 781 ἥτις
789 746 833 773 διὰ
846 746 893 773 τοῦ

117 790 270 825 προγονικοῦ
288 790 430 826 συνετρίϐη
447 790 684 826 παραπτώματος’
697 791 754 818 ἁλλ³
778 792 796 826 ἠ
817 791 894 823 λύσις

116 836 249 871 προοίμιον
262 835 311 870 τῆς
326 835 506 867 ἀναπλάσεως
515 835 630 870 γίνεται.
645 836 750 871 Διαιρεί
772 835 819 863 τοῦ
837 836 891 863 σώ-

941 252 1004 272 men
1020 245 1128 273 irritare
1142 252 1197 272 non
1213 251 1377 280 gravamur:
1394 251 1484 279 neque
1494 252 1555 271 cum
1572 248 1612 272 tot
1628 244 1730 272 habea-

941 298 1003 318 mus
1016 298 1072 326 prae
1085 291 1172 318 oculis
1186 290 1321 325 exempla,
1334 290 1369 318 ad
1380 297 1475 317 eorum
1492 290 1599 325 aliquod
1618 292 1729 319 excitati

942 336 1016 364 velut
1029 336 1063 364 de
1077 336 1183 364 somnio
1201 336 1322 371 sapimus
1334 356 1342 369 ,
1363 336 1410 364 sed
1430 337 1520 371 potius
1536 344 1586 364 nos
1599 337 1632 364 iis
1648 338 1731 365 tradi-

943 390 1003 410 mus
1017 382 1201 418 exagitandos,
1214 391 1274 418 quae
1297 383 1422 411 diabolus
1438 384 1558 418 suggerit
1574 388 1602 411 et
1614 384 1730 412 allectus

941 429 1039 456 nostri.
1052 427 1204 456 Transtulit
1222 428 1362 464 opiﬁcium
1379 437 1458 457 suum
1476 430 1510 456 ad
1527 430 1647 465 seipsum
1662 430 1728 457 arti-

942 474 1006 507 fex;
1022 478 1053 502 tu
1075 478 1168 502 autem
1187 481 1259 510 aegre
1271 473 1326 501 fers
1339 494 1348 507 ,
1368 478 1397 501 ut
1412 482 1427 501 a
1439 474 1576 502 laboribus
1597 479 1626 502 et
1645 475 1728 508 curis,

942 527 1002 554 qua
1024 520 1127 554 passim
1155 527 1204 555 per
1216 519 1278 547 vitae
1293 527 1403 547 cursum
1426 525 1583 551 occurrunt.
1596 528 1626 548 se
1648 528 1731 555 expe-

943 565 1009 593 diat.
1030 565 1090 594 Pati
1104 573 1159 593 non
1180 571 1258 601 potes
1273 570 1302 593 ut
1324 569 1448 602 resurgat
1468 566 1529 599 illa;
1543 566 1591 594 sed
1603 567 1683 594 talem
1703 570 1732 594 et

945 616 1046 639 tantam
1061 612 1174 647 gratiam
1194 611 1321 640 collatam
1337 611 1423 639 doles.
1452 611 1522 639 Deus
1540 612 1613 639 illam
1637 612 1731 640 reddi-

943 657 983 685 dit
1010 657 1202 690 immortalem,
1220 662 1248 685 et
1275 661 1305 684 tu
1332 657 1445 690 ideirco,
1472 657 1550 692 quasi
1568 665 1622 685 non
1643 657 1732 685 adhuc

944 708 1064 732 exstaret
1093 704 1204 736 alicubi,
1227 703 1256 731 in
1286 703 1374 731 lessus
1408 708 1435 731 te
1460 703 1537 731 dedis
1553 707 1580 731 et
1601 704 1730 731 lamenta.

945 749 1073 778 llaeecine
1088 755 1162 777 tuam
1177 757 1213 777 an
1234 757 1290 777 non
1306 749 1440 777 dedecent
1454 750 1603 776 virtutem?
1616 749 1732 776 Recolli—

945 803 1039 831 gamus
1054 803 1105 824 nos
1130 796 1203 831 ipsos
1226 800 1329 828 autem,
1345 800 1470 823 naturam
1493 800 1615 824 nostram
1630 796 1733 823 recola-

946 843 1021 876 musf,
1047 842 1221 870 Conditorem
1257 849 1459 877 agnoscamus.
1484 843 1608 877 abyssum
1633 842 1733 870 divinae

117 870 195 916 ματος
218 881 268 916 τὴν
284 880 390 916 ψυχήν⁸
406 881 454 907 καὶ
479 881 495 915 ή
511 880 642 916 διαίρεσις
652 870 724 916 ἀρχὴ
746 880 893 916 συναφείας

947 888 1139 916 misericordia:
1149 888 1310 924 cogitemus.
1326 887 1440 915 Mortem
1464 888 1509 915 ille
1522 888 1662 915 constituit
1672 893 1733 915 tan—

115 926 301 962 λαμπροτέρας
315 935 345 953 τε
365 926 412 953 καὶ
425 926 564 962 θειοτέρας
585 927 752 962 εὑρίσκεται·
770 927 894 961 Σπείρε-

115 981 157 1000 ται
172 972 225 1008 γὰρ
241 971 327 1007 σῶμα
335 972 481 1007 ψυχικὸν,
496 973 639 1007 ἐγείρεται
650 972 736 1007 σῶμα
759 981 894 1007 πνευμα-

114 1018 208 1045 τικόν
230 1018 384 1052 σπείρεται
404 1017 439 1045 ἐν
465 1018 576 1052 ἀτιμίᾳ,
599 1018 742 1053 ἐγείρεται
755 1018 791 1045 ἐν
805 1018 893 1053 δόξῃ.

120 1063 311 1099 ’Δναλαμϐάνει
323 1063 353 1090 τὸ
367 1063 552 1099 φιλοτέχνημα
570 1063 626 1092 τῶν
644 1065 752 1091 οἰκείων
766 1064 864 1100 χειρῶν
879 1065 894 1091 ὁ

113 1109 277 1144 Δημιουργὺς
290 1128 298 1142 ,
322 1109 397 1136 ἕλκει
416 1109 486 1145 πρὸς
502 1109 599 1136 ἑαυτόν
611 1117 619 1125 ·
643 1110 754 1145 χωρίζει
775 1110 825 1145 μὲν
838 1109 894 1136 τῶν

111 1155 284 1191 ἀνθρωπίνων
300 1155 458 1191 ὀφθαλμῶν,
486 1155 544 1182 ἀλλ’
574 1155 627 1182 ὑπὸ
647 1157 707 1187 ταῖς
734 1155 894 1190 ἀγγελικαϊς

111 1201 262 1237 ἀστραπαῖς
269 1201 316 1228 καὶ
327 1200 516 1236 λαμπρότησιν
524 1200 718 1234 ὲγκατοικίζει.
737 1201 793 1228 Ποῦ
807 1201 895 1228 ταῦτα

112 1246 224 1282 θρήνων,
254 1244 306 1272 ποῦ
330 1245 359 1272 δὲ
372 1245 516 1281 δακρύων;
532 1245 614 1272 πόσον
628 1245 727 1281 ἀπέχει
742 1246 845 1273 τούτων
863 1247 894 1274 τὸ

110 1291 204 1324 πένθος
216 1300 223 1326 ;
237 1291 329 1319 Ταῦτα
341 1291 521 1327 διανοουμένη
535 1291 583 1318 καὶ
592 1292 708 1327 μελέτην
718 1292 828 1328 ἔχουσα,
847 1294 895 1320 καὶ

112 1340 163 1374 πρό
175 1347 207 1374 γε
219 1338 323 1366 τούτων
336 1338 464 1366 ἀπάντων
477 1339 564 1365 ἐκεῖνο
575 1338 695 1365 λαϐοῦσα
708 1339 759 1373 τῆς
772 1339 893 1375 μνήμης,

109 1386 149 1413 ὅτι
163 1387 195 1413 ὲκ
208 1385 326 1421 βρέφους
338 1385 399 1421 Θεῷ
413 1384 573 1420 ὲκολλήθης,
586 1384 635 1411 καὶ
651 1384 691 1420 τῷ
700 1384 832 1420 ἀφθάρτῳ
847 1385 895 1411 καὶ

109 1432 234 1467 ἀθανάτῳ
247 1431 356 1466 νυμφίῳ
368 1430 479 1466 Χριστῷ
495 1429 689 1465 συνηρμόσθης
698 1450 706 1463 ,
730 1432 895 1467 γεννήτορας

110 1479 160 1513 μὲν
170 1479 218 1505 καὶ
231 1478 362 1513 ἀδελφοὺς
374 1478 422 1504 καὶ
432 1478 594 1512 συγγένειαν
604 1478 695 1504 πᾶσιν
706 1477 894 1513 ἀρνησαμένη,

943 941 1024 969 quam
1048 941 1177 969 poenam,
1207 934 1255 962 sed
1282 942 1331 970 per
1349 934 1486 969 propriam
1514 942 1591 962 suam
1616 939 1733 962 mortem

941 980 1053 1016 januam
1070 980 1279 1008 immortalitatis
1288 985 1405 1008 mortem
1419 980 1563 1008 constituit
1575 989 1583 1007 :
1597 981 1733 1008 sententia

944 1026 996 1054 fuit
1026 1026 1098 1059 irati,
1122 1030 1150 1054 et
1167 1027 1336 1062 indignantis
1347 1026 1406 1058 Dei,
1427 1027 1475 1054 sed
1489 1030 1582 1054 tamen
1606 1027 1734 1054 eximiam

942 1071 1041 1106 iudicis
1058 1071 1209 1099 bonitatem
1238 1072 1361 1104 indicat;
1388 1072 1501 1099 rationis
1527 1072 1599 1099 viam
1623 1079 1733 1098 omnem

944 1122 1090 1153 exsuperat
1100 1117 1237 1153 cogitatio.
1253 1117 1305 1145 Per
1317 1122 1433 1145 mortem
1453 1121 1550 1145 natura
1564 1117 1678 1145 solvitur
1689 1125 1732 1150 ea,

944 1172 1005 1199 quae
1016 1164 1210 1192 conterebatur
1225 1171 1275 1199 per
1302 1163 1382 1198 primi
1405 1163 1526 1198 parentis
1539 1163 1733 1198 transgressio-

944 1219 1027 1245 nem;
1044 1212 1091 1239 sed
1120 1211 1165 1238 illa
1187 1211 1330 1239 dissolutio
1347 1211 1377 1239 ﬁt
1392 1210 1552 1246 prooemium
1575 1215 1675 1238 nostra:
1690 1218 1735 1237 re-

944 1257 1102 1285 creationis.
1130 1256 1236 1290 Corpus
1258 1260 1286 1284 et
1301 1255 1419 1283 animam
1441 1258 1549 1290 separat
1578 1261 1671 1286 mors;
1688 1253 1735 1281 illa

945 1308 1036 1331 autem
1049 1302 1252 1337 coniunctionis
1269 1302 1381 1330 alterius
1399 1306 1426 1329 et
1440 1300 1596 1328 illustrioris
1611 1305 1639 1327 et
1663 1300 1735 1328 divi-

944 1349 1030 1377 ninris
1062 1349 1170 1376 initium
1195 1349 1350 1384 reperitur:
1371 1347 1524 1376 Seminetur
1548 1346 1619 1374 enim
1641 1353 1736 1381 corpus

945 1395 1075 1427 animale,
1088 1396 1173 1431 surgit
1188 1403 1284 1430 corpus
1305 1395 1464 1429 spirituale;
1477 1393 1624 1421 seminatur
1641 1401 1737 1427 corpus

946 1443 973 1469 in
987 1441 1121 1474 dedecore,
1134 1444 1218 1477 surgit
1236 1442 1265 1468 in
1278 1441 1363 1477 gloria
1379 1441 1412 1467 ".
1430 1440 1505 1475 Opus
1519 1440 1593 1467 enim
1605 1447 1737 1467 manuum

946 1493 1056 1513 suarum
1073 1486 1190 1513 assumit
1201 1485 1308 1521 Opifex,
1325 1485 1358 1512 ad
1371 1493 1401 1513 se
1416 1485 1545 1513 transfert
1558 1493 1566 1518 ;
1582 1485 1690 1520 seponit
1701 1484 1739 1511 ab

108 1524 183 1560 αὺτῷ
199 1524 227 1551 δὲ
238 1524 312 1560 μόνῳ
325 1524 371 1551 τὸν
386 1524 441 1560 βίον
454 1524 513 1551 ὅλον
524 1523 572 1550 καὶ
580 1523 631 1559 τὴν
640 1522 713 1558 ζωὴν
725 1523 894 1558 καθυποσχο-

949 1531 1074 1559 humanis
1104 1531 1211 1564 oculis,
1228 1531 1276 1559 sed
1301 1531 1424 1558 habitare
1448 1531 1514 1558 facit
1527 1531 1555 1558 in
1577 1535 1739 1558 coruscante

110 1572 195 1606 μένη”
215 1571 253 1606 μὴ
268 1570 418 1605 καθύϐριζε
439 1571 496 1602 τοῖς
519 1569 647 1606 ὀδυρμοῖς
674 1569 723 1605 τὴν
738 1570 894 1605 ὁμολογίαν,

109 1618 178 1653 μηδὲ
193 1617 233 1654 τῷ
248 1617 342 1644 πένθει
354 1617 404 1653 τὴν
418 1617 498 1652 χάριν
510 1617 617 1652 ἐκείνην
627 1616 812 1653 ἀμαυρώσῃς,
829 1617 897 1653 μηδὲ.

107 1666 142 1701 τῇ
156 1664 204 1692 νῦν
216 1665 422 1700 σκυθρωπότητι
440 1664 490 1700 τὴν
504 1665 558 1691 τῶν
574 1664 700 1698 ἀγγέλων
724 1664 786 1691 τότε
810 1665 897 1700 χαρὰν

107 1711 273 1748 ἀνταλλάξῃ.
292 1711 342 1738 "Av
352 1711 405 1747 γὰρ
420 1709 461 1743 οἷς
476 1712 576 1737 ἐκεῖνοι
592 1711 652 1738 νυνὶ
666 1710 808 1746 χαίρουσιν
826 1719 898 1745 παρ-

107 1758 187 1785 θένον
200 1757 289 1793 ψυχὴν
301 1758 348 1784 καὶ
362 1758 419 1784 τῶν
436 1757 531 1784 παθῶν
549 1757 700 1792 ἀνωτέραν,
725 1758 765 1789 είς
776 1757 898 1792 ἀναπλή-

108 1811 197 1839 ρωσιν
209 1802 265 1829 τῶν
280 1802 472 1838 ἀπορρυέντων
484 1802 631 1837 δαιμονίων
653 1802 849 1837 εἰσδεξάμενοι,
866 1803 898 1830 σὺ

106 1849 196 1876 ταῦτα
213 1848 328 1881 πένθους
345 1848 559 1880 κατασκευάζεις
571 1848 710 1876 ὑπόθεσιν.
732 1849 805 1884 Ὅρα
824 1849 899 1880 ὅπως

105 1897 166 1927 τοῖς
179 1895 317 1929 δευτέροις
334 1894 440 1929 πικρῶς
454 1894 605 1929 ὲξυϐρίζεις
615 1894 649 1921 τὰ
659 1894 789 1930 πρότερα.
805 1894 900 1926 οὐδεὶς

105 1941 244 1977 ἀκμάζων
255 1940 294 1976 τῷ
307 1939 374 1976 πρὸς
389 1940 434 1966 τὸν
454 1940 571 1974 νυμφίον
582 1939 674 1975 ἔρωτι,
691 1940 779 1967 λείπει
792 1940 841 1975 μὲν
852 1940 901 1967 τὸν

105 1988 206 2022 πόθον,
220 1987 324 2022 γίνεται
336 1987 366 2014 δὲ
377 1986 425 2013 τοῦ
439 1986 565 2019 πένθους.
591 1987 646 2014 Καὶ
671 1986 713 2013 ὃτι
735 1987 786 2022 μὲν
797 1987 900 2014 ἐκεῖνον

105 2036 180 2071 ἔχει,
196 2034 423 2062 ἐπιλανθάνεταιο
449 2032 582 2064 θανάτους
607 2032 636 2059 δὲ
659 2034 824 2068 περισκοπεῖ
851 2032 900 2060 καὶ

103 2081 325 2116 περιεργάζεται
341 2080 390 2107 καὶ
405 2079 512 2112 τούτοις
532 2079 750 2115 περιοδυνεῖται·
768 2079 807 2115 τῷ
818 2078 900 2106 πάθει

105 2127 158 2153 τὸν
179 2126 262 2153 πόθον
277 2125 425 2160 βαπτίζων.
440 2125 489 2152 καὶ
513 2125 563 2160 τὴν
588 2125 677 2161 χαρὰν
701 2124 844 2160 προδιδοὺς
865 2125 899 2160 τῇ

105 2171 186 2209 λύπῃ
200 2171 383 2207 αἰχμάλωτον.
401 2171 432 2198 Et
450 2171 500 2205 μὲν
513 2169 560 2198 οὖν
576 2171 591 2197 ὁ
603 2171 778 2206 τελευτήσας,
798 2170 900 2206 μᾶλλον

949 1577 1146 1605 illuminatione
1159 1577 1326 1613 angelorum.
1346 1578 1388 1604 An
1409 1577 1533 1611 lacrymte
1547 1576 1592 1603 hic
1599 1575 1655 1610 jam
1668 1583 1737 1602 con-

949 1623 1073 1660 gruunt?
1085 1631 1120 1650 an
1137 1623 1256 1650 lamenta
1269 1622 1281 1649 ?
1297 1630 1378 1657 quam
1400 1621 1480 1657 longe
1502 1620 1568 1649 hinc
1582 1624 1736 1648 removetur

951 1670 1075 1705 planctus
1090 1669 1102 1696 ‘l
1118 1667 1181 1696 Haec
1192 1673 1222 1695 tu
1237 1667 1391 1700 revolvens,
1405 1674 1432 1694 et
1441 1661 1514 1701 apud
1527 1666 1647 1693 animum
1660 1669 1738 1692 tuum

950 1715 1085 1750 cogitans,
1097 1718 1125 1742 et
1135 1717 1233 1749 praeter
1246 1713 1305 1741 haec
1318 1713 1410 1741 omnia
1428 1713 1500 1740 illius
1516 1711 1650 1747 imprimis
1662 1711 1740 1738 remi~

951 1761 1071 1794 niscens,
1099 1760 1171 1795 quod
1190 1760 1246 1788 Deo
1260 1760 1294 1787 ab
1313 1758 1486 1786 incunabulis
1508 1757 1615 1785 addicta
1635 1757 1739 1788 fueras,

951 1806 1151 1841 iucorruptibili
1177 1810 1206 1833 et
1217 1805 1364 1832 immortali
1381 1811 1483 1839 sponso
1503 1803 1614 1831 Christo
1630 1801 1741 1837 copula—

951 1858 989 1886 ta,
1004 1857 1143 1888 parentes,
1157 1852 1267 1884 fratres,
1281 1850 1501 1886 consanguineos
1513 1849 1661 1885 abnegans,
1688 1847 1740 1883 ipsi

951 1900 1004 1928 soli
1018 1900 1103 1928 vitam
1116 1898 1273 1926 universam
1286 1902 1314 1925 et
1328 1897 1436 1925 vivendi
1451 1896 1586 1924 rationem
1600 1894 1739 1930 stipulata.

952 1945 1012 1973 Noli
1024 1945 1105 1981 igitur
1120 1945 1295 1972 lamentando
1307 1944 1380 1971 illam
1389 1947 1463 1970 tuam
1476 1942 1675 1978 professionem
1691 1941 1740 1968 de-

952 1992 1101 2025 decorare;
1117 1991 1171 2018 noli
1185 1991 1260 2018 luctu
1269 1990 1340 2017 illam
1351 1989 1466 2025 gratiam
1484 1988 1628 2021 oll‘useare,
1640 1996 1676 2015 ne
1690 1995 1743 2024 pro

953 2037 1079 2073 praesenti
1096 2036 1242 2065 tetricitate
1255 2037 1383 2072 gaudium
1403 2040 1556 2064 commutes
1570 2035 1741 2071 angelorum.

953 2083 982 2110 Si
1004 2082 1088 2114 enim,
1108 2082 1207 2117 quibus
1217 2082 1255 2109 illi
1268 2089 1343 2109 nunc
1370 2081 1507 2114 laetantur,
1528 2080 1648 2107 animam
1664 2079 1742 2114 virgi-

952 2134 1033 2155 neam
1048 2127 1220 2163 passionibus
1230 2126 1403 2162 superiorem
1416 2125 1555 2157 humanis,
1566 2125 1599 2151 ad
1613 2124 1742 2159 supplen-

953 2174 1018 2202 dum
1048 2174 1137 2201 locum
1161 2178 1187 2200 et
1212 2177 1314 2200 statum
1333 2172 1541 2203 daemoniorum,
1565 2171 1611 2205 qui
1634 2170 1668 2198 de
1695 2170 1744 2197 illo

101 2219 135 2245 δὲ
150 2218 229 2253 ἡμᾶς
247 2218 265 2252 ἡ
279 2217 454 2251 προλαϐοῦσα
467 2217 521 2243 τῶν
531 2216 640 2252 ἀμελῶς
652 2217 700 2244 καὶ
713 2217 764 2244 οὐκ
780 2216 895 2249 εὐσεϐῶς

952 2220 1122 2252 exciderunt,
1134 2218 1331 2253 suscipientes,
1348 2222 1376 2244 tu
1396 2217 1422 2244 in
1434 2220 1624 2252 argumentum
1639 2214 1743 2242 doloris

102 2263 286 2300 βεϐιωκότων
300 2263 449 2298 ἐτύγχανεν
459 2271 467 2278 '
482 2263 554 2298 τάχα
566 2263 600 2290 ἂν
618 2262 783 2298 συγγνώμην
796 2258 869 2298 εῖχεν
885 2263 900 2290 ό

101 2311 267 2346 στεναγμὸς
283 2310 331 2337 καὶ
340 2310 376 2336 τὰ
391 2309 509 2344 δάκρυα,
525 2308 613 2336 καίτοι
629 2317 662 2344 γε
672 2310 687 2336 ό
702 2309 805 2344 Κύριος
820 2309 901 2344 ήμῶν

100 2358 157 2385 καὶ
171 2356 279 2392 Σωτὴρ,
291 2356 307 2392 ἡ
318 2356 368 2391 τῆς
380 2354 586 2390 φιλανθρωπίας
594 2355 681 2390 πηγὴ,
692 2355 753 2382 οὐδὲ
761 2354 830 2389 πρὸς
840 2353 901 2381 τού-

98 2409 174 2432 τους
187 2400 401 2436 ἐπιστρέφεσθαι
412 2402 468 2431 τοῖς
484 2399 642 2426 ἀκολουθεῖν
665 2399 741 2435 αύτῷ
751 2407 900 2435 προαιρου-

100 2447 205 2482 μένοις
215 2447 297 2482 νόμον
307 2446 394 2474 ἔθετο.
424 2447 517 2481 ’Ἄφες
527 2446 591 2482 γὰρ,
605 2447 668 2482 ἔφη,
681 2446 752 2479 τοὺς
773 2446 901 2480 νεκροὺς

98 2492 206 2527 θάψαι
231 2492 302 2526 τοὺς
323 2492 438 2519 ἑαυτῶν
459 2492 586 2526 νεκρούς
598 2500 605 2508 ·
625 2492 668 2519 σὺ
681 2492 715 2519 δὲ
742 2493 903 2520 ἀκολούθει

92 2547 170 2574 μοι,
193 2538 272 2566 Ἐπεὶ
285 2539 313 2566 δὲ
328 2540 383 2566 τῶν
395 2539 477 2570 ὁσίως
493 2540 541 2566 καὶ
556 2538 689 2573 θεοφιλῶς
702 2538 900 2574 διαζησάντων,

95 2587 154 2614 καὶ
174 2586 236 2622 Θεῷ
247 2585 297 2620 τὴν
319 2586 410 2613 πίστιν
428 2586 551 2622 καθαρὰν
564 2585 766 2621 τετηρηκότων,
782 2587 814 2612 τὸ
829 2594 900 2620 παρε-

94 2632 217 2660 οενικὺν
234 2633 322 2658 ἐκεῖνο
335 2633 382 2659 καὶ
399 2633 534 2668 μακάριον
547 2632 645 2663 σκεῦος
660 2631 810 2667 ἐτύγχανεν
821 2639 829 2646 ”
840 2631 900 2664 πῶς

92 2679 154 2714 τὴν
169 2678 340 2714 Δεσποτικὴν
362 2679 454 2713 φωνὴν
479 2679 509 2705 οὺ
536 2678 753 2714 δυσωπούμεθα;
775 2677 838 2710 ’πῶς
852 2678 902 2714 οὐχ

92 2725 275 2761 εὑρίσκομεν
284 2726 314 2752 ὲν
325 2725 393 2761 αὐτῇ
405 2726 497 2752 πᾶσαν
507 2726 659 2761 κατηφείας
670 2725 793 2754 διάλυσιν
803 2734 811 2759 ;
820 2725 851 2752 Ὀ
860 2731 903 2752 πι-

93 2772 228 2799 στεύων
240 2772 285 2806 εις
298 2772 362 2807 ἐμὲ,
371 2771 430 2800 κᾶν
439 2772 588 2807 ἀποθάνῃ,
603 2772 740 2808 ζήσεται·
760 2773 804 2799 διά
818 2771 902 2800 θανά-

142 2864 169 2881 ⁸⁵
189 2864 200 2892 l
216 2865 279 2894 Cor.
293 2875 338 2901 xv,
355 2867 398 2895 Η.

954 2266 1138 2297 transtuleris,
1154 2266 1214 2294 vide
1224 2273 1260 2293 an
1273 2272 1328 2292 non
1343 2264 1435 2298 priora
1447 2267 1492 2290 tua
1507 2268 1581 2289 recte
1594 2261 1675 2295 facta,
1693 2269 1744 2296 per

954 2314 1006 2340 ista
1039 2313 1189 2348 posteriora
1223 2311 1313 2339 vities.
1339 2308 1426 2337 Nemo
1457 2317 1550 2336 amore
1574 2309 1617 2336 sui
1647 2308 1743 2343 sponsi

954 2359 1137 2387 inﬂammatus
1162 2357 1249 2386 amori
1264 2356 1391 2384 nuntium
1418 2355 1550 2385 remittet.
1569 2360 1598 2381 ut
1617 2362 1646 2381 se
1660 2353 1743 2381 dedat

953 2405 1055 2433 luctui:
1072 2404 1174 2432 oblitus
1184 2402 1257 2438 quod
1272 2401 1348 2429 illum
1366 2400 1556 2435 amplectatur,
1572 2402 1673 2425 mortes
1685 2397 1740 2425 cir-

953 2451 1111 2486 cumspicit,
1122 2453 1148 2477 et
1161 2448 1267 2475 curiose
1279 2445 1408 2481 inquirat.
1419 2450 1447 2472 et
1454 2445 1489 2472 ob
1498 2444 1557 2471 illas
1565 2444 1740 2471 vehementer

949 2505 979 2525 se
994 2496 1104 2532 allliget,
1113 2493 1286 2530 passionibus
1301 2492 1465 2527 immergens
1475 2489 1640 2518 desiderium
1648 2497 1740 2521 suum,

949 2547 978 2571 et
993 2543 1119 2579 gaudium
1135 2542 1164 2568 in
1184 2539 1300 2567 vinculis
1320 2537 1498 2566 constrictum
1511 2536 1595 2564 luctui
1612 2536 1715 2563 dedens
1731 2545 1738 2563 :

949 2590 1084 2621 si.’autem
1101 2588 1146 2615 illa
1159 2594 1210 2614 suo
1224 2586 1280 2614 fato
1298 2585 1402 2616 functa,
1418 2584 1461 2612 vel
1478 2587 1510 2610 ut
1532 2583 1625 2610 verius
1639 2582 1739 2613 dicam,

950 2645 1010 2672 qua:
1024 2643 1076 2663 nos
1091 2633 1248 2665 antecessit,
1266 2633 1294 2660 in
1314 2639 1408 2660 earum
1425 2631 1521 2658 fuisset
1533 2637 1658 2662 numero,
1679 2636 1741 2663 qua:

950 2689 1055 2710 securus
1093 2679 1145 2712 sui,
1175 2687 1230 2706 nec
1273 2678 1424 2706 secundum
1465 2677 1551 2705 Deum
1589 2676 1739 2706 vixerant,

951 2734 1008 2758 tum
1045 2732 1120 2755 certe
1164 2725 1310 2763 gemitibus
1345 2724 1541 2760 indulgendum
1567 2722 1616 2750 tibi
1654 2721 1737 2749 foret.

953 2775 1020 2802 Nam
1048 2772 1182 2801 Dominus
1193 2776 1222 2800 et
1241 2771 1370 2800 Servator
1384 2773 1479 2798 noster
1489 2767 1535 2797 ille
1548 2767 1611 2796 fons
1623 2772 1652 2796 et
1661 2766 1740 2803 origo
