  <div class='ocr_page' id='page_1' title='image "/cluster/home/n/w/nwhite01/storage/ocr_20150623/102/njp.32101010943874/483.png"; bbox 0 0 1928 3097; ppageno 0'>
   <div class='ocr_carea' id='block_1_1' title="bbox 210 179 263 211">
    <p class='ocr_par' dir='ltr' id='par_1_1' title="bbox 210 179 263 211">
     <span class='ocr_line' id='line_1_1' title="bbox 210 179 263 211; baseline -0.019 0"><span class='ocrx_word' id='word_1_1' title='bbox 210 179 263 211; x_wconf 71' lang='lat'><strong>923</strong></span> 
     </span>
    </p>
   </div>
   <div class='ocr_carea' id='block_1_2' title="bbox 780 175 1817 210">
    <p class='ocr_par' dir='ltr' id='par_1_2' title="bbox 780 175 1817 210">
     <span class='ocr_line' id='line_1_2' title="bbox 780 175 1817 210; baseline -0.001 -2"><span class='ocrx_word' id='word_1_2' title='bbox 780 178 909 209; x_wconf 88' lang='lat' dir='ltr'><strong>PIIOTII</strong></span> <span class='ocrx_word' id='word_1_3' title='bbox 929 178 1180 208; x_wconf 77' lang='lat' dir='ltr'><strong>PATRIARCH/E</strong></span> <span class='ocrx_word' id='word_1_4' title='bbox 1201 179 1257 210; x_wconf 78' lang='lat' dir='ltr'><strong>GP.</strong></span> <span class='ocrx_word' id='word_1_5' title='bbox 1774 175 1817 208; x_wconf 71' lang='grc'><strong>924</strong></span> 
     </span>
    </p>
   </div>
   <div class='ocr_carea' id='block_1_3' title="bbox 208 232 1012 270">
    <p class='ocr_par' dir='ltr' id='par_1_3' title="bbox 208 233 1001 270">
     <span class='ocr_line' id='line_1_3' title="bbox 208 233 1001 270; baseline -0.003 -9"><span class='ocrx_word' id='word_1_6' title='bbox 208 233 323 261; x_wconf 83' lang='lat' dir='ltr'><strong>humani</strong></span> <span class='ocrx_word' id='word_1_7' title='bbox 341 234 442 261; x_wconf 82' lang='lat' dir='ltr'><strong>ameris</strong></span> <span class='ocrx_word' id='word_1_8' title='bbox 460 241 591 269; x_wconf 86' lang='lat' dir='ltr'><strong>sequaces</strong></span> <span class='ocrx_word' id='word_1_9' title='bbox 607 243 671 263; x_wconf 86' lang='lat' dir='ltr'><strong>suos</strong></span> <span class='ocrx_word' id='word_1_10' title='bbox 683 241 853 270; x_wconf 83' lang='lat' dir='ltr'><strong>nequaquam</strong></span> <span class='ocrx_word' id='word_1_11' title='bbox 878 233 1001 268; x_wconf 88' lang='lat' dir='ltr'><strong>permisit</strong></span> 
     </span>
    </p>
   </div>
   <div class='ocr_carea' id='block_1_4' title="bbox 1049 232 1818 270">
    <p class='ocr_par' dir='ltr' id='par_1_4' title="bbox 1049 232 1818 268">
     <span class='ocr_line' id='line_1_4' title="bbox 1049 232 1818 268; baseline 0 -9"><span class='ocrx_word' id='word_1_12' title='bbox 1049 241 1097 260; x_wconf 84' lang='grc' dir='ltr'><strong>του</strong></span> <span class='ocrx_word' id='word_1_13' title='bbox 1110 232 1183 268; x_wconf 77' lang='grc' dir='ltr'><strong>ζωὴν</strong></span> <span class='ocrx_word' id='word_1_14' title='bbox 1198 233 1332 261; x_wconf 79' lang='grc' dir='ltr'>ἀθάνατον</span> <span class='ocrx_word' id='word_1_15' title='bbox 1345 233 1445 268; x_wconf 77' lang='grc' dir='ltr'><strong>εὕρατο</strong></span> <span class='ocrx_word' id='word_1_16' title='bbox 1455 240 1463 248; x_wconf 81' lang='grc'><strong>⁸</strong></span> <span class='ocrx_word' id='word_1_17' title='bbox 1477 233 1522 261; x_wconf 75' lang='grc' dir='ltr'><strong>διὰ</strong></span> <span class='ocrx_word' id='word_1_18' title='bbox 1543 232 1645 264; x_wconf 84' lang='grc' dir='ltr'>λύσεως</span> <span class='ocrx_word' id='word_1_19' title='bbox 1658 232 1707 267; x_wconf 73' lang='grc' dir='ltr'><strong>τὴν</strong></span> <span class='ocrx_word' id='word_1_20' title='bbox 1726 232 1818 259; x_wconf 83' lang='grc' dir='ltr'><strong>ἀδιάλυ-</strong></span> 
     </span>
    </p>
   </div>
   <div class='ocr_carea' id='block_1_5' title="bbox 210 279 996 314">
    <p class='ocr_par' dir='ltr' id='par_1_5' title="bbox 210 279 996 314">
     <span class='ocr_line' id='line_1_5' title="bbox 210 279 996 314; baseline 0 -8"><span class='ocrx_word' id='word_1_21' title='bbox 210 280 309 307; x_wconf 87' lang='lat' dir='ltr'><strong>talibus</strong></span> <span class='ocrx_word' id='word_1_22' title='bbox 337 279 526 308; x_wconf 80' lang='lat' dir='ltr'><strong>allectionibus</strong></span> <span class='ocrx_word' id='word_1_23' title='bbox 551 281 648 309; x_wconf 84' lang='lat' dir='ltr'><strong>abduci</strong></span> <span class='ocrx_word' id='word_1_24' title='bbox 674 290 680 308; x_wconf 87' lang='lat'><strong>:</strong></span> <span class='ocrx_word' id='word_1_25' title='bbox 709 280 845 313; x_wconf 83' lang='lat' dir='ltr'><strong>Permitte,</strong></span> <span class='ocrx_word' id='word_1_26' title='bbox 858 279 996 314; x_wconf 86' lang='lat' dir='ltr'><strong>inquiens,</strong></span> 
     </span>
    </p>
   </div>
   <div class='ocr_carea' id='block_1_6' title="bbox 208 325 998 360">
    <p class='ocr_par' dir='ltr' id='par_1_6' title="bbox 208 325 998 360">
     <span class='ocr_line' id='line_1_6' title="bbox 208 325 998 360; baseline -0.001 -9"><span class='ocrx_word' id='word_1_27' title='bbox 208 329 325 351; x_wconf 74' lang='lat' dir='ltr'><strong>mortuos</strong></span> <span class='ocrx_word' id='word_1_28' title='bbox 341 332 401 351; x_wconf 75' lang='lat' dir='ltr'><strong>suos</strong></span> <span class='ocrx_word' id='word_1_29' title='bbox 421 329 538 352; x_wconf 74' lang='lat' dir='ltr'><strong>ntortuos</strong></span> <span class='ocrx_word' id='word_1_30' title='bbox 562 325 672 360; x_wconf 74' lang='lat' dir='ltr'><strong>sepelire</strong></span> <span class='ocrx_word' id='word_1_31' title='bbox 694 333 704 352; x_wconf 88' lang='lat'><strong><em>:</em></strong></span> <span class='ocrx_word' id='word_1_32' title='bbox 731 330 760 352; x_wconf 86' lang='lat' dir='ltr'><strong>tu</strong></span> <span class='ocrx_word' id='word_1_33' title='bbox 777 329 866 351; x_wconf 75' lang='lat' dir='ltr'><strong>autem</strong></span> <span class='ocrx_word' id='word_1_34' title='bbox 892 331 998 359; x_wconf 78' lang='lat' dir='ltr'><strong>sequere</strong></span> 
     </span>
    </p>
   </div>
   <div class='ocr_carea' id='block_1_7' title="bbox 195 369 999 407">
    <p class='ocr_par' dir='ltr' id='par_1_7' title="bbox 195 369 999 407">
     <span class='ocr_line' id='line_1_7' title="bbox 195 369 999 407; baseline 0 -10"><span class='ocrx_word' id='word_1_35' title='bbox 195 379 251 398; x_wconf 63' lang='grc' dir='ltr'><strong>’τηε</strong></span> <span class='ocrx_word' id='word_1_36' title='bbox 263 370 294 398; x_wconf 73' lang='grc'><strong>⁸⁸.</strong></span> <span class='ocrx_word' id='word_1_37' title='bbox 310 369 378 397; x_wconf 88' lang='lat' dir='ltr'><strong>Cum</strong></span> <span class='ocrx_word' id='word_1_38' title='bbox 391 378 456 398; x_wconf 83' lang='lat' dir='ltr'><strong>vero</strong></span> <span class='ocrx_word' id='word_1_39' title='bbox 482 371 553 399; x_wconf 85' lang='lat' dir='ltr'><strong>inter</strong></span> <span class='ocrx_word' id='word_1_40' title='bbox 568 379 616 400; x_wconf 90' lang='lat' dir='ltr'><strong>eos</strong></span> <span class='ocrx_word' id='word_1_41' title='bbox 629 372 675 407; x_wconf 91' lang='lat' dir='ltr'><strong>qui</strong></span> <span class='ocrx_word' id='word_1_42' title='bbox 688 372 837 400; x_wconf 88' lang='lat' dir='ltr'><strong>secundum</strong></span> <span class='ocrx_word' id='word_1_43' title='bbox 859 370 906 398; x_wconf 84' lang='lat' dir='ltr'><strong>Dei</strong></span> <span class='ocrx_word' id='word_1_44' title='bbox 932 370 999 398; x_wconf 91' lang='lat' dir='ltr'><strong>dile-</strong></span> 
     </span>
    </p>
   </div>
   <div class='ocr_carea' id='block_1_8' title="bbox 209 417 999 449">
    <p class='ocr_par' dir='ltr' id='par_1_8' title="bbox 209 417 999 449">
     <span class='ocr_line' id='line_1_8' title="bbox 209 417 999 449; baseline 0 -6"><span class='ocrx_word' id='word_1_45' title='bbox 209 417 327 444; x_wconf 87' lang='lat' dir='ltr'><strong>ctionem</strong></span> <span class='ocrx_word' id='word_1_46' title='bbox 354 417 490 449; x_wconf 80' lang='lat' dir='ltr'><strong>vixerunt,</strong></span> <span class='ocrx_word' id='word_1_47' title='bbox 502 422 530 445; x_wconf 89' lang='lat' dir='ltr'><strong>et</strong></span> <span class='ocrx_word' id='word_1_48' title='bbox 547 417 603 445; x_wconf 88' lang='lat' dir='ltr'><strong>Deo</strong></span> <span class='ocrx_word' id='word_1_49' title='bbox 622 418 702 445; x_wconf 82' lang='lat' dir='ltr'><strong>iidem</strong></span> <span class='ocrx_word' id='word_1_50' title='bbox 718 418 852 445; x_wconf 86' lang='lat' dir='ltr'><strong>sinceram</strong></span> <span class='ocrx_word' id='word_1_51' title='bbox 866 421 894 444; x_wconf 85' lang='lat' dir='ltr'><strong>et</strong></span> <span class='ocrx_word' id='word_1_52' title='bbox 912 417 999 444; x_wconf 87' lang='lat' dir='ltr'><strong>illiba-</strong></span> 
     </span>
    </p>
   </div>
   <div class='ocr_carea' id='block_1_9' title="bbox 209 463 998 498">
    <p class='ocr_par' dir='ltr' id='par_1_9' title="bbox 209 463 998 498">
     <span class='ocr_line' id='line_1_9' title="bbox 209 463 998 498; baseline 0.004 -11"><span class='ocrx_word' id='word_1_53' title='bbox 209 465 263 487; x_wconf 86' lang='lat' dir='ltr'><strong>tam</strong></span> <span class='ocrx_word' id='word_1_54' title='bbox 291 467 480 495; x_wconf 78' lang='lat' dir='ltr'><strong>servaverunt,</strong></span> <span class='ocrx_word' id='word_1_55' title='bbox 508 463 659 498; x_wconf 84' lang='lat' dir='ltr'><strong>virgineum</strong></span> <span class='ocrx_word' id='word_1_56' title='bbox 681 463 748 490; x_wconf 89' lang='lat' dir='ltr'><strong>illud</strong></span> <span class='ocrx_word' id='word_1_57' title='bbox 763 468 790 490; x_wconf 87' lang='lat' dir='ltr'><strong>et</strong></span> <span class='ocrx_word' id='word_1_58' title='bbox 816 464 926 491; x_wconf 88' lang='lat' dir='ltr'><strong>beatum</strong></span> <span class='ocrx_word' id='word_1_59' title='bbox 950 470 998 490; x_wconf 82' lang='lat' dir='ltr'><strong>vas</strong></span> 
     </span>
    </p>
   </div>
   <div class='ocr_carea' id='block_1_10' title="bbox 209 505 998 543">
    <p class='ocr_par' dir='ltr' id='par_1_10' title="bbox 209 505 998 543">
     <span class='ocr_line' id='line_1_10' title="bbox 209 505 998 543; baseline 0.003 -10"><span class='ocrx_word' id='word_1_60' title='bbox 209 505 301 539; x_wconf 82' lang='lat' dir='ltr'><strong>fuerit,</strong></span> <span class='ocrx_word' id='word_1_61' title='bbox 316 507 388 535; x_wconf 89' lang='lat' dir='ltr'><strong>unde</strong></span> <span class='ocrx_word' id='word_1_62' title='bbox 403 512 455 541; x_wconf 89' lang='lat' dir='ltr'><strong>est,</strong></span> <span class='ocrx_word' id='word_1_63' title='bbox 464 508 535 543; x_wconf 91' lang='lat' dir='ltr'><strong>quod</strong></span> <span class='ocrx_word' id='word_1_64' title='bbox 553 508 719 537; x_wconf 90' lang='lat' dir='ltr'><strong>Dominicam</strong></span> <span class='ocrx_word' id='word_1_65' title='bbox 731 517 823 536; x_wconf 86' lang='lat' dir='ltr'><strong>vocem</strong></span> <span class='ocrx_word' id='word_1_66' title='bbox 839 517 894 536; x_wconf 87' lang='lat' dir='ltr'><strong>non</strong></span> <span class='ocrx_word' id='word_1_67' title='bbox 906 515 998 536; x_wconf 86' lang='lat' dir='ltr'><strong>verea-</strong></span> 
     </span>
    </p>
   </div>
   <div class='ocr_carea' id='block_1_11' title="bbox 209 553 997 590">
    <p class='ocr_par' dir='ltr' id='par_1_11' title="bbox 209 553 997 590">
     <span class='ocr_line' id='line_1_11' title="bbox 209 553 997 590; baseline 0.003 -11"><span class='ocrx_word' id='word_1_68' title='bbox 209 560 271 579; x_wconf 86' lang='lat' dir='ltr'><strong>mur</strong></span> <span class='ocrx_word' id='word_1_69' title='bbox 284 553 295 579; x_wconf 89' lang='lat'><strong>?</strong></span> <span class='ocrx_word' id='word_1_70' title='bbox 315 553 370 581; x_wconf 86' lang='lat' dir='ltr'><strong>Cur</strong></span> <span class='ocrx_word' id='word_1_71' title='bbox 384 561 440 582; x_wconf 92' lang='lat' dir='ltr'><strong>non</strong></span> <span class='ocrx_word' id='word_1_72' title='bbox 460 554 486 581; x_wconf 93' lang='lat' dir='ltr'><strong>in</strong></span> <span class='ocrx_word' id='word_1_73' title='bbox 501 562 533 582; x_wconf 91' lang='lat' dir='ltr'><strong>eo</strong></span> <span class='ocrx_word' id='word_1_74' title='bbox 556 562 620 582; x_wconf 84' lang='lat' dir='ltr'><strong>vase</strong></span> <span class='ocrx_word' id='word_1_75' title='bbox 635 555 839 590; x_wconf 88' lang='lat' dir='ltr'><strong>dissipationem</strong></span> <span class='ocrx_word' id='word_1_76' title='bbox 854 555 997 582; x_wconf 86' lang='lat' dir='ltr'><strong>obnubila-</strong></span> 
     </span>
    </p>
   </div>
   <div class='ocr_carea' id='block_1_12' title="bbox 210 599 997 635">
    <p class='ocr_par' dir='ltr' id='par_1_12' title="bbox 210 599 997 635">
     <span class='ocr_line' id='line_1_12' title="bbox 210 599 997 635; baseline 0 -9"><span class='ocrx_word' id='word_1_77' title='bbox 210 599 290 626; x_wconf 89' lang='lat' dir='ltr'><strong>tionis</strong></span> <span class='ocrx_word' id='word_1_78' title='bbox 314 600 478 634; x_wconf 84' lang='lat' dir='ltr'><strong>requirimus</strong></span> <span class='ocrx_word' id='word_1_79' title='bbox 501 601 611 635; x_wconf 94' lang='lat' dir='ltr'><strong>potius?</strong></span> <span class='ocrx_word' id='word_1_80' title='bbox 635 600 685 633; x_wconf 82' lang='lat' dir='ltr'><strong>Qui</strong></span> <span class='ocrx_word' id='word_1_81' title='bbox 709 600 791 627; x_wconf 82' lang='lat' dir='ltr'><strong>credit</strong></span> <span class='ocrx_word' id='word_1_82' title='bbox 807 601 834 627; x_wconf 85' lang='lat' dir='ltr'><strong>in</strong></span> <span class='ocrx_word' id='word_1_83' title='bbox 863 608 913 632; x_wconf 84' lang='lat' dir='ltr'><strong>me,</strong></span> <span class='ocrx_word' id='word_1_84' title='bbox 939 599 997 626; x_wconf 82' lang='lat' dir='ltr'><strong>licet</strong></span> 
     </span>
    </p>
   </div>
   <div class='ocr_carea' id='block_1_13' title="bbox 208 646 997 683">
    <p class='ocr_par' dir='ltr' id='par_1_13' title="bbox 208 646 997 683">
     <span class='ocr_line' id='line_1_13' title="bbox 208 646 997 683; baseline 0.001 -11"><span class='ocrx_word' id='word_1_85' title='bbox 208 646 339 673; x_wconf 80' lang='lat' dir='ltr'><strong>moriatur</strong></span> <span class='ocrx_word' id='word_1_86' title='bbox 352 647 453 680; x_wconf 80' lang='lat' dir='ltr'><strong>vivet&quot;,</strong></span> <span class='ocrx_word' id='word_1_87' title='bbox 467 655 515 682; x_wconf 89' lang='lat' dir='ltr'><strong>per</strong></span> <span class='ocrx_word' id='word_1_88' title='bbox 523 652 638 675; x_wconf 90' lang='lat' dir='ltr'><strong>mortem</strong></span> <span class='ocrx_word' id='word_1_89' title='bbox 651 655 750 683; x_wconf 87' lang='lat' dir='ltr'><strong>nempe</strong></span> <span class='ocrx_word' id='word_1_90' title='bbox 761 647 876 682; x_wconf 84' lang='lat' dir='ltr'><strong>adeptus</strong></span> <span class='ocrx_word' id='word_1_91' title='bbox 886 647 997 674; x_wconf 89' lang='lat' dir='ltr'><strong>immor-</strong></span> 
     </span>
    </p>
   </div>
   <div class='ocr_carea' id='block_1_14' title="bbox 208 692 997 727">
    <p class='ocr_par' dir='ltr' id='par_1_14' title="bbox 208 692 997 727">
     <span class='ocr_line' id='line_1_14' title="bbox 208 692 997 727; baseline 0 -8"><span class='ocrx_word' id='word_1_92' title='bbox 208 692 350 725; x_wconf 78' lang='lat' dir='ltr'><strong>talitatem,</strong></span> <span class='ocrx_word' id='word_1_93' title='bbox 361 700 410 727; x_wconf 87' lang='lat' dir='ltr'><strong>per</strong></span> <span class='ocrx_word' id='word_1_94' title='bbox 425 693 586 721; x_wconf 70' lang='lat' dir='ltr'><strong>solutionem</strong></span> <span class='ocrx_word' id='word_1_95' title='bbox 599 699 695 721; x_wconf 89' lang='lat' dir='ltr'><strong>nactus</strong></span> <span class='ocrx_word' id='word_1_96' title='bbox 712 693 898 721; x_wconf 87' lang='lat' dir='ltr'><strong>iudissolubile</strong></span> <span class='ocrx_word' id='word_1_97' title='bbox 909 693 997 720; x_wconf 87' lang='lat' dir='ltr'><strong>taber-</strong></span> 
     </span>
    </p>
   </div>
   <div class='ocr_carea' id='block_1_15' title="bbox 207 738 997 767">
    <p class='ocr_par' dir='ltr' id='par_1_15' title="bbox 207 738 997 767">
     <span class='ocr_line' id='line_1_15' title="bbox 207 738 997 767; baseline 0.001 -3"><span class='ocrx_word' id='word_1_98' title='bbox 207 738 344 766; x_wconf 82' lang='lat' dir='ltr'><strong>naculum.</strong></span> <span class='ocrx_word' id='word_1_99' title='bbox 373 739 445 766; x_wconf 79' lang='lat' dir='ltr'><strong>Dixit</strong></span> <span class='ocrx_word' id='word_1_100' title='bbox 470 739 568 767; x_wconf 88' lang='lat' dir='ltr'><strong>iterum</strong></span> <span class='ocrx_word' id='word_1_101' title='bbox 600 740 754 767; x_wconf 90' lang='lat' dir='ltr'><strong>communis</strong></span> <span class='ocrx_word' id='word_1_102' title='bbox 786 740 831 767; x_wconf 86' lang='lat' dir='ltr'><strong>ille</strong></span> <span class='ocrx_word' id='word_1_103' title='bbox 855 739 997 766; x_wconf 89' lang='lat' dir='ltr'><strong>hominum</strong></span> 
     </span>
    </p>
   </div>
   <div class='ocr_carea' id='block_1_16' title="bbox 208 785 997 822">
    <p class='ocr_par' dir='ltr' id='par_1_16' title="bbox 208 785 997 822">
     <span class='ocr_line' id='line_1_16' title="bbox 208 785 997 822; baseline 0 -10"><span class='ocrx_word' id='word_1_104' title='bbox 208 785 348 818; x_wconf 88' lang='lat' dir='ltr'><strong>Servator,</strong></span> <span class='ocrx_word' id='word_1_105' title='bbox 374 789 401 812; x_wconf 89' lang='lat' dir='ltr'><strong>et</strong></span> <span class='ocrx_word' id='word_1_106' title='bbox 416 786 606 814; x_wconf 83' lang='lat' dir='ltr'><strong>salvandorum</strong></span> <span class='ocrx_word' id='word_1_107' title='bbox 622 794 756 822; x_wconf 86' lang='lat' dir='ltr'><strong>sponsus:</strong></span> <span class='ocrx_word' id='word_1_108' title='bbox 782 786 844 813; x_wconf 76' lang='lat' dir='ltr'><strong>Filii</strong></span> <span class='ocrx_word' id='word_1_109' title='bbox 867 786 997 820; x_wconf 72' lang='lat' dir='ltr'><strong>sponsalis</strong></span> 
     </span>
    </p>
   </div>
   <div class='ocr_carea' id='block_1_17' title="bbox 208 830 997 867">
    <p class='ocr_par' dir='ltr' id='par_1_17' title="bbox 208 830 997 867">
     <span class='ocr_line' id='line_1_17' title="bbox 208 830 997 867; baseline 0.003 -11"><span class='ocrx_word' id='word_1_110' title='bbox 208 830 320 857; x_wconf 76' lang='lat' dir='ltr'><strong>thalami</strong></span> <span class='ocrx_word' id='word_1_111' title='bbox 336 830 424 866; x_wconf 81' lang='lat' dir='ltr'><strong>lugere</strong></span> <span class='ocrx_word' id='word_1_112' title='bbox 438 840 489 858; x_wconf 80' lang='lat' dir='ltr'><strong>non</strong></span> <span class='ocrx_word' id='word_1_113' title='bbox 500 836 618 866; x_wconf 80' lang='lat' dir='ltr'><strong>possunt,</strong></span> <span class='ocrx_word' id='word_1_114' title='bbox 641 833 759 867; x_wconf 80' lang='lat' dir='ltr'><strong>quandiu</strong></span> <span class='ocrx_word' id='word_1_115' title='bbox 772 840 830 859; x_wconf 83' lang='lat' dir='ltr'><strong>cum</strong></span> <span class='ocrx_word' id='word_1_116' title='bbox 842 832 894 858; x_wconf 82' lang='lat' dir='ltr'><strong>illis</strong></span> <span class='ocrx_word' id='word_1_117' title='bbox 908 836 997 858; x_wconf 86' lang='lat' dir='ltr'><strong>manet</strong></span> 
     </span>
    </p>
   </div>
   <div class='ocr_carea' id='block_1_18' title="bbox 207 877 996 912">
    <p class='ocr_par' dir='ltr' id='par_1_18' title="bbox 207 877 996 912">
     <span class='ocr_line' id='line_1_18' title="bbox 207 877 996 912; baseline 0.003 -9"><span class='ocrx_word' id='word_1_118' title='bbox 207 877 356 910; x_wconf 71' lang='lat' dir='ltr'><strong>sponsus“.</strong></span> <span class='ocrx_word' id='word_1_119' title='bbox 370 878 458 905; x_wconf 85' lang='lat' dir='ltr'><strong>Audin</strong></span> <span class='ocrx_word' id='word_1_120' title='bbox 470 878 535 912; x_wconf 87' lang='lat' dir='ltr'><strong>quid</strong></span> <span class='ocrx_word' id='word_1_121' title='bbox 552 879 637 906; x_wconf 89' lang='lat' dir='ltr'><strong>dicit?</strong></span> <span class='ocrx_word' id='word_1_122' title='bbox 651 878 711 906; x_wconf 85' lang='lat' dir='ltr'><strong>Noli</strong></span> <span class='ocrx_word' id='word_1_123' title='bbox 730 883 755 905; x_wconf 87' lang='lat' dir='ltr'><strong>te</strong></span> <span class='ocrx_word' id='word_1_124' title='bbox 772 883 874 905; x_wconf 85' lang='lat' dir='ltr'><strong>tuamet</strong></span> <span class='ocrx_word' id='word_1_125' title='bbox 886 883 996 905; x_wconf 87' lang='lat' dir='ltr'><strong>senten-</strong></span> 
     </span>
    </p>
   </div>
   <div class='ocr_carea' id='block_1_19' title="bbox 208 922 997 959">
    <p class='ocr_par' dir='ltr' id='par_1_19' title="bbox 208 922 997 959">
     <span class='ocr_line' id='line_1_19' title="bbox 208 922 997 959; baseline 0.003 -10"><span class='ocrx_word' id='word_1_126' title='bbox 208 922 246 950; x_wconf 84' lang='lat' dir='ltr'><strong>tia</strong></span> <span class='ocrx_word' id='word_1_127' title='bbox 276 923 415 957; x_wconf 85' lang='lat' dir='ltr'><strong>damnare,</strong></span> <span class='ocrx_word' id='word_1_128' title='bbox 447 924 480 951; x_wconf 85' lang='lat' dir='ltr'><strong>ad</strong></span> <span class='ocrx_word' id='word_1_129' title='bbox 507 925 707 959; x_wconf 87' lang='lat' dir='ltr'><strong>separationem</strong></span> <span class='ocrx_word' id='word_1_130' title='bbox 735 925 796 952; x_wconf 86' lang='lat' dir='ltr'><strong>talis</strong></span> <span class='ocrx_word' id='word_1_131' title='bbox 822 924 918 959; x_wconf 90' lang='lat' dir='ltr'><strong>Sponsi</strong></span> <span class='ocrx_word' id='word_1_132' title='bbox 949 932 997 959; x_wconf 90' lang='lat' dir='ltr'><strong>per</strong></span> 
     </span>
    </p>
   </div>
   <div class='ocr_carea' id='block_1_20' title="bbox 208 968 997 1005">
    <p class='ocr_par' dir='ltr' id='par_1_20' title="bbox 208 968 997 1005">
     <span class='ocr_line' id='line_1_20' title="bbox 208 968 997 1005; baseline 0.003 -9"><span class='ocrx_word' id='word_1_133' title='bbox 208 968 325 996; x_wconf 90' lang='lat' dir='ltr'><strong>lamenta</strong></span> <span class='ocrx_word' id='word_1_134' title='bbox 342 979 349 1003; x_wconf 88' lang='lat'><strong>;</strong></span> <span class='ocrx_word' id='word_1_135' title='bbox 368 978 419 997; x_wconf 86' lang='lat' dir='ltr'><strong>nec</strong></span> <span class='ocrx_word' id='word_1_136' title='bbox 445 971 510 998; x_wconf 93' lang='lat' dir='ltr'><strong>illud</strong></span> <span class='ocrx_word' id='word_1_137' title='bbox 527 971 554 997; x_wconf 93' lang='lat' dir='ltr'><strong>in</strong></span> <span class='ocrx_word' id='word_1_138' title='bbox 575 971 690 1005; x_wconf 81' lang='lat' dir='ltr'><strong>teipsum</strong></span> <span class='ocrx_word' id='word_1_139' title='bbox 708 971 848 998; x_wconf 90' lang='lat' dir='ltr'><strong>decretum</strong></span> <span class='ocrx_word' id='word_1_140' title='bbox 879 971 997 1002; x_wconf 86' lang='lat' dir='ltr'><strong>saucias,</strong></span> 
     </span>
    </p>
   </div>
   <div class='ocr_carea' id='block_1_21' title="bbox 209 1014 999 1051">
    <p class='ocr_par' dir='ltr' id='par_1_21' title="bbox 209 1014 999 1051">
     <span class='ocr_line' id='line_1_21' title="bbox 209 1014 999 1051; baseline 0.004 -11"><span class='ocrx_word' id='word_1_141' title='bbox 209 1014 281 1048; x_wconf 89' lang='lat' dir='ltr'><strong>quod</strong></span> <span class='ocrx_word' id='word_1_142' title='bbox 295 1015 317 1042; x_wconf 85' lang='lat' dir='ltr'><strong>si</strong></span> <span class='ocrx_word' id='word_1_143' title='bbox 328 1015 389 1049; x_wconf 89' lang='lat' dir='ltr'><strong>quis</strong></span> <span class='ocrx_word' id='word_1_144' title='bbox 404 1015 473 1043; x_wconf 90' lang='lat' dir='ltr'><strong>alius</strong></span> <span class='ocrx_word' id='word_1_145' title='bbox 488 1016 603 1049; x_wconf 85' lang='lat' dir='ltr'><strong>tulisset,</strong></span> <span class='ocrx_word' id='word_1_146' title='bbox 620 1016 746 1051; x_wconf 88' lang='lat' dir='ltr'><strong>injuriam</strong></span> <span class='ocrx_word' id='word_1_147' title='bbox 764 1024 818 1043; x_wconf 86' lang='lat' dir='ltr'><strong>non</strong></span> <span class='ocrx_word' id='word_1_148' title='bbox 830 1016 916 1044; x_wconf 85' lang='lat' dir='ltr'><strong>ferres</strong></span> <span class='ocrx_word' id='word_1_149' title='bbox 930 1016 999 1043; x_wconf 80' lang='lat' dir='ltr'><strong>irro-</strong></span> 
     </span>
    </p>
   </div>
   <div class='ocr_carea' id='block_1_22' title="bbox 209 1061 998 1094">
    <p class='ocr_par' dir='ltr' id='par_1_22' title="bbox 209 1061 998 1094">
     <span class='ocr_line' id='line_1_22' title="bbox 209 1061 998 1094; baseline 0.004 -8"><span class='ocrx_word' id='word_1_150' title='bbox 209 1063 309 1094; x_wconf 81' lang='lat' dir='ltr'><strong>gatam,</strong></span> <span class='ocrx_word' id='word_1_151' title='bbox 325 1061 372 1088; x_wconf 89' lang='lat' dir='ltr'><strong>sed</strong></span> <span class='ocrx_word' id='word_1_152' title='bbox 388 1061 415 1088; x_wconf 95' lang='lat' dir='ltr'><strong>in</strong></span> <span class='ocrx_word' id='word_1_153' title='bbox 431 1061 490 1089; x_wconf 89' lang='lat' dir='ltr'><strong>loco</strong></span> <span class='ocrx_word' id='word_1_154' title='bbox 505 1063 590 1090; x_wconf 87' lang='lat' dir='ltr'><strong>hostis</strong></span> <span class='ocrx_word' id='word_1_155' title='bbox 604 1066 631 1089; x_wconf 88' lang='lat' dir='ltr'><strong>et</strong></span> <span class='ocrx_word' id='word_1_156' title='bbox 647 1063 748 1089; x_wconf 87' lang='lat' dir='ltr'><strong>malum</strong></span> <span class='ocrx_word' id='word_1_157' title='bbox 776 1062 823 1090; x_wconf 90' lang='lat' dir='ltr'><strong>tibi</strong></span> <span class='ocrx_word' id='word_1_158' title='bbox 839 1062 998 1090; x_wconf 87' lang='lat' dir='ltr'><strong>machinan-</strong></span> 
     </span>
    </p>
   </div>
   <div class='ocr_carea' id='block_1_23' title="bbox 209 1104 998 1145">
    <p class='ocr_par' dir='ltr' id='par_1_23' title="bbox 209 1104 998 1145">
     <span class='ocr_line' id='line_1_23' title="bbox 209 1104 998 1145; baseline 0.005 -15"><span class='ocrx_word' id='word_1_159' title='bbox 209 1104 245 1131; x_wconf 86' lang='lat' dir='ltr'><strong>tis</strong></span> <span class='ocrx_word' id='word_1_160' title='bbox 260 1104 359 1132; x_wconf 88' lang='lat' dir='ltr'><strong>habere</strong></span> <span class='ocrx_word' id='word_1_161' title='bbox 379 1106 471 1137; x_wconf 88' lang='lat' dir='ltr'><strong>velles.</strong></span> <span class='ocrx_word' id='word_1_162' title='bbox 489 1111 517 1134; x_wconf 79' lang='lat' dir='ltr'><strong>et</strong></span> <span class='ocrx_word' id='word_1_163' title='bbox 531 1107 688 1134; x_wconf 90' lang='lat' dir='ltr'><strong>omnimodo</strong></span> <span class='ocrx_word' id='word_1_164' title='bbox 699 1115 715 1134; x_wconf 88' lang='lat' dir='ltr'><strong>a</strong></span> <span class='ocrx_word' id='word_1_165' title='bbox 729 1112 754 1134; x_wconf 89' lang='lat' dir='ltr'><strong>te</strong></span> <span class='ocrx_word' id='word_1_166' title='bbox 766 1107 940 1145; x_wconf 77' lang='lat' dir='ltr'><strong>relegandum</strong></span> <span class='ocrx_word' id='word_1_167' title='bbox 957 1108 998 1135; x_wconf 90' lang='lat' dir='ltr'><strong>di-</strong></span> 
     </span>
    </p>
   </div>
   <div class='ocr_carea' id='block_1_24' title="bbox 209 1150 1000 1188">
    <p class='ocr_par' dir='ltr' id='par_1_24' title="bbox 209 1150 1000 1188">
     <span class='ocr_line' id='line_1_24' title="bbox 209 1150 1000 1188; baseline 0.005 -12"><span class='ocrx_word' id='word_1_168' title='bbox 209 1157 297 1177; x_wconf 82' lang='lat' dir='ltr'><strong>ceres.</strong></span> <span class='ocrx_word' id='word_1_169' title='bbox 325 1150 384 1178; x_wconf 84' lang='lat' dir='ltr'><strong>Nuli</strong></span> <span class='ocrx_word' id='word_1_170' title='bbox 407 1156 435 1178; x_wconf 89' lang='lat' dir='ltr'><strong>tu</strong></span> <span class='ocrx_word' id='word_1_171' title='bbox 458 1152 575 1186; x_wconf 76' lang='lat' dir='ltr'><strong>lugendo</strong></span> <span class='ocrx_word' id='word_1_172' title='bbox 586 1153 700 1188; x_wconf 78' lang='lat' dir='ltr'><strong>gloriam</strong></span> <span class='ocrx_word' id='word_1_173' title='bbox 726 1153 809 1185; x_wconf 87' lang='lat' dir='ltr'><strong>illam,</strong></span> <span class='ocrx_word' id='word_1_174' title='bbox 825 1161 878 1188; x_wconf 88' lang='lat' dir='ltr'><strong>qua</strong></span> <span class='ocrx_word' id='word_1_175' title='bbox 900 1153 1000 1181; x_wconf 82' lang='lat' dir='ltr'><strong>fruitur</strong></span> 
     </span>
    </p>
   </div>
   <div class='ocr_carea' id='block_1_25' title="bbox 211 1195 1000 1234">
    <p class='ocr_par' dir='ltr' id='par_1_25' title="bbox 211 1195 1000 1234">
     <span class='ocr_line' id='line_1_25' title="bbox 211 1195 1000 1234; baseline 0.005 -12"><span class='ocrx_word' id='word_1_176' title='bbox 211 1195 266 1227; x_wconf 89' lang='lat' dir='ltr'><strong>illa,</strong></span> <span class='ocrx_word' id='word_1_177' title='bbox 281 1201 306 1223; x_wconf 87' lang='lat' dir='ltr'><strong>te</strong></span> <span class='ocrx_word' id='word_1_178' title='bbox 324 1197 410 1232; x_wconf 86' lang='lat' dir='ltr'><strong>ipsam</strong></span> <span class='ocrx_word' id='word_1_179' title='bbox 428 1198 556 1233; x_wconf 87' lang='lat' dir='ltr'><strong>lacrymis</strong></span> <span class='ocrx_word' id='word_1_180' title='bbox 570 1199 678 1234; x_wconf 77' lang='lat' dir='ltr'><strong>dignam</strong></span> <span class='ocrx_word' id='word_1_181' title='bbox 694 1199 783 1226; x_wconf 78' lang='lat' dir='ltr'><strong>facere</strong></span> <span class='ocrx_word' id='word_1_182' title='bbox 799 1209 806 1226; x_wconf 93' lang='lat'><strong>:</strong></span> <span class='ocrx_word' id='word_1_183' title='bbox 823 1199 924 1234; x_wconf 81' lang='lat' dir='ltr'><strong>Lugerc</strong></span> <span class='ocrx_word' id='word_1_184' title='bbox 948 1208 1000 1227; x_wconf 80' lang='lat' dir='ltr'><strong>non</strong></span> 
     </span>
    </p>
   </div>
   <div class='ocr_carea' id='block_1_26' title="bbox 211 1244 1000 1281">
    <p class='ocr_par' dir='ltr' id='par_1_26' title="bbox 211 1244 1000 1281">
     <span class='ocr_line' id='line_1_26' title="bbox 211 1244 1000 1281; baseline 0.006 -13"><span class='ocrx_word' id='word_1_185' title='bbox 211 1248 330 1276; x_wconf 76' lang='lat' dir='ltr'><strong>possunt,</strong></span> <span class='ocrx_word' id='word_1_186' title='bbox 355 1244 399 1279; x_wconf 83' lang='lat' dir='ltr'><strong>qui</strong></span> <span class='ocrx_word' id='word_1_187' title='bbox 419 1245 544 1271; x_wconf 74' lang='lat' dir='ltr'><strong>assistunt</strong></span> <span class='ocrx_word' id='word_1_188' title='bbox 572 1253 667 1279; x_wconf 77' lang='lat' dir='ltr'><strong>sponso</strong></span> <span class='ocrx_word' id='word_1_189' title='bbox 682 1245 714 1272; x_wconf 71' lang='grc' dir='ltr'><strong>η.</strong></span> <span class='ocrx_word' id='word_1_190' title='bbox 734 1245 792 1272; x_wconf 87' lang='lat' dir='ltr'><strong>Hoc</strong></span> <span class='ocrx_word' id='word_1_191' title='bbox 809 1245 920 1272; x_wconf 68' lang='lat' dir='ltr'><strong>effatum</strong></span> <span class='ocrx_word' id='word_1_192' title='bbox 935 1246 1000 1281; x_wconf 89' lang='lat' dir='ltr'><strong>quid</strong></span> 
     </span>
    </p>
   </div>
   <div class='ocr_carea' id='block_1_27' title="bbox 211 1287 1000 1321">
    <p class='ocr_par' dir='ltr' id='par_1_27' title="bbox 211 1287 1000 1321">
     <span class='ocr_line' id='line_1_27' title="bbox 211 1287 1000 1321; baseline 0.006 -7"><span class='ocrx_word' id='word_1_193' title='bbox 211 1287 262 1314; x_wconf 82' lang='lat' dir='ltr'><strong>sibi</strong></span> <span class='ocrx_word' id='word_1_194' title='bbox 274 1289 332 1314; x_wconf 90' lang='lat' dir='ltr'><strong>vult</strong></span> <span class='ocrx_word' id='word_1_195' title='bbox 346 1289 358 1315; x_wconf 72' lang='grc' dir='ltr'><strong>ἱ)</strong></span> <span class='ocrx_word' id='word_1_196' title='bbox 375 1290 444 1321; x_wconf 80' lang='lat' dir='ltr'><strong>Quid</strong></span> <span class='ocrx_word' id='word_1_197' title='bbox 460 1298 527 1317; x_wconf 86' lang='lat' dir='ltr'><strong>voce</strong></span> <span class='ocrx_word' id='word_1_198' title='bbox 550 1291 600 1318; x_wconf 88' lang='lat' dir='ltr'><strong>hac</strong></span> <span class='ocrx_word' id='word_1_199' title='bbox 613 1291 752 1318; x_wconf 87' lang='lat' dir='ltr'><strong>Dominica</strong></span> <span class='ocrx_word' id='word_1_200' title='bbox 769 1291 936 1319; x_wconf 86' lang='lat' dir='ltr'><strong>terribilius?</strong></span> <span class='ocrx_word' id='word_1_201' title='bbox 948 1293 1000 1319; x_wconf 91' lang='lat' dir='ltr'><strong>De-</strong></span> 
     </span>
    </p>
   </div>
   <div class='ocr_carea' id='block_1_28' title="bbox 211 1333 1001 1372">
    <p class='ocr_par' dir='ltr' id='par_1_28' title="bbox 211 1333 1001 1372">
     <span class='ocr_line' id='line_1_28' title="bbox 211 1333 1001 1372; baseline 0.008 -13"><span class='ocrx_word' id='word_1_202' title='bbox 211 1333 321 1368; x_wconf 88' lang='lat' dir='ltr'><strong>ploras?</strong></span> <span class='ocrx_word' id='word_1_203' title='bbox 350 1335 440 1370; x_wconf 85' lang='lat' dir='ltr'><strong>itaque</strong></span> <span class='ocrx_word' id='word_1_204' title='bbox 470 1337 603 1372; x_wconf 81' lang='lat' dir='ltr'><strong>disjungis</strong></span> <span class='ocrx_word' id='word_1_205' title='bbox 627 1345 642 1364; x_wconf 89' lang='lat' dir='ltr'><strong>a</strong></span> <span class='ocrx_word' id='word_1_206' title='bbox 664 1345 791 1372; x_wconf 87' lang='lat' dir='ltr'><strong>sponso;</strong></span> <span class='ocrx_word' id='word_1_207' title='bbox 821 1337 1001 1365; x_wconf 87' lang='lat' dir='ltr'><strong>lamentaris?</strong></span> 
     </span>
    </p>
   </div>
   <div class='ocr_carea' id='block_1_29' title="bbox 211 1379 999 1415">
    <p class='ocr_par' dir='ltr' id='par_1_29' title="bbox 211 1379 999 1415">
     <span class='ocr_line' id='line_1_29' title="bbox 211 1379 999 1415; baseline 0.006 -10"><span class='ocrx_word' id='word_1_208' title='bbox 211 1381 294 1412; x_wconf 84' lang='lat' dir='ltr'><strong>atque</strong></span> <span class='ocrx_word' id='word_1_209' title='bbox 307 1379 343 1407; x_wconf 88' lang='lat' dir='ltr'><strong>ita</strong></span> <span class='ocrx_word' id='word_1_210' title='bbox 366 1381 501 1414; x_wconf 72' lang='lat' dir='ltr'><strong>genialem</strong></span> <span class='ocrx_word' id='word_1_211' title='bbox 515 1382 663 1409; x_wconf 86' lang='lat' dir='ltr'><strong>thalamum</strong></span> <span class='ocrx_word' id='word_1_212' title='bbox 676 1383 840 1410; x_wconf 86' lang='lat' dir='ltr'><strong>contumelia</strong></span> <span class='ocrx_word' id='word_1_213' title='bbox 855 1382 948 1415; x_wconf 83' lang='lat' dir='ltr'><strong>allicis,</strong></span> <span class='ocrx_word' id='word_1_214' title='bbox 974 1384 999 1410; x_wconf 90' lang='lat' dir='ltr'><strong>id</strong></span> 
     </span>
    </p>
   </div>
   <div class='ocr_carea' id='block_1_30' title="bbox 211 1424 1001 1462">
    <p class='ocr_par' dir='ltr' id='par_1_30' title="bbox 211 1424 1001 1462">
     <span class='ocr_line' id='line_1_30' title="bbox 211 1424 1001 1462; baseline 0.008 -11"><span class='ocrx_word' id='word_1_215' title='bbox 211 1424 285 1458; x_wconf 89' lang='lat' dir='ltr'><strong>quod</strong></span> <span class='ocrx_word' id='word_1_216' title='bbox 299 1425 424 1453; x_wconf 85' lang='lat' dir='ltr'><strong>homines</strong></span> <span class='ocrx_word' id='word_1_217' title='bbox 438 1427 563 1462; x_wconf 85' lang='lat' dir='ltr'><strong>plerique</strong></span> <span class='ocrx_word' id='word_1_218' title='bbox 578 1428 673 1456; x_wconf 88' lang='lat' dir='ltr'><strong>etvilis</strong></span> <span class='ocrx_word' id='word_1_219' title='bbox 685 1429 828 1456; x_wconf 87' lang='lat' dir='ltr'><strong>multitudo</strong></span> <span class='ocrx_word' id='word_1_220' title='bbox 836 1429 909 1462; x_wconf 81' lang='lat' dir='ltr'><strong>facit,</strong></span> <span class='ocrx_word' id='word_1_221' title='bbox 924 1437 1001 1457; x_wconf 90' lang='lat' dir='ltr'><strong>nem-</strong></span> 
     </span>
    </p>
   </div>
   <div class='ocr_carea' id='block_1_31' title="bbox 212 1471 1000 1507">
    <p class='ocr_par' dir='ltr' id='par_1_31' title="bbox 212 1471 1000 1507">
     <span class='ocr_line' id='line_1_31' title="bbox 212 1471 1000 1507; baseline 0.006 -10"><span class='ocrx_word' id='word_1_222' title='bbox 212 1477 246 1504; x_wconf 87' lang='lat' dir='ltr'><strong>pe</strong></span> <span class='ocrx_word' id='word_1_223' title='bbox 273 1478 288 1497; x_wconf 92' lang='lat' dir='ltr'><strong>e</strong></span> <span class='ocrx_word' id='word_1_224' title='bbox 315 1471 434 1500; x_wconf 79' lang='lat' dir='ltr'><strong>thalamo</strong></span> <span class='ocrx_word' id='word_1_225' title='bbox 453 1473 588 1501; x_wconf 85' lang='lat' dir='ltr'><strong>excidisti.</strong></span> <span class='ocrx_word' id='word_1_226' title='bbox 606 1473 739 1507; x_wconf 83' lang='lat' dir='ltr'><strong>Quocirca</strong></span> <span class='ocrx_word' id='word_1_227' title='bbox 759 1483 794 1502; x_wconf 90' lang='lat' dir='ltr'><strong>ne</strong></span> <span class='ocrx_word' id='word_1_228' title='bbox 808 1479 838 1502; x_wconf 92' lang='lat' dir='ltr'><strong>ut</strong></span> <span class='ocrx_word' id='word_1_229' title='bbox 865 1479 1000 1502; x_wconf 87' lang='lat' dir='ltr'><strong>mortuam</strong></span> 
     </span>
    </p>
   </div>
   <div class='ocr_carea' id='block_1_32' title="bbox 212 1516 1002 1558">
    <p class='ocr_par' dir='ltr' id='par_1_32' title="bbox 212 1516 1002 1558">
     <span class='ocr_line' id='line_1_32' title="bbox 212 1516 1002 1558; baseline 0.009 -15"><span class='ocrx_word' id='word_1_230' title='bbox 212 1516 386 1551; x_wconf 85' lang='lat' dir='ltr'><strong>deploremus</strong></span> <span class='ocrx_word' id='word_1_231' title='bbox 413 1527 484 1553; x_wconf 87' lang='lat' dir='ltr'><strong>eam,</strong></span> <span class='ocrx_word' id='word_1_232' title='bbox 500 1528 560 1554; x_wconf 75' lang='lat' dir='ltr'><strong>quae</strong></span> <span class='ocrx_word' id='word_1_233' title='bbox 571 1529 633 1548; x_wconf 84' lang='lat' dir='ltr'><strong>cum</strong></span> <span class='ocrx_word' id='word_1_234' title='bbox 658 1521 773 1549; x_wconf 90' lang='lat' dir='ltr'><strong>Domino</strong></span> <span class='ocrx_word' id='word_1_235' title='bbox 788 1522 871 1555; x_wconf 86' lang='lat' dir='ltr'><strong>vivit;</strong></span> <span class='ocrx_word' id='word_1_236' title='bbox 888 1530 922 1550; x_wconf 92' lang='lat' dir='ltr'><strong>ne</strong></span> <span class='ocrx_word' id='word_1_237' title='bbox 953 1530 1002 1558; x_wconf 83' lang='lat' dir='ltr'><strong>per</strong></span> 
     </span>
    </p>
   </div>
   <div class='ocr_carea' id='block_1_33' title="bbox 1047 277 1819 314">
    <p class='ocr_par' dir='ltr' id='par_1_33' title="bbox 1047 277 1819 314">
     <span class='ocr_line' id='line_1_33' title="bbox 1047 277 1819 314; baseline -0.001 -9"><span class='ocrx_word' id='word_1_238' title='bbox 1047 287 1094 305; x_wconf 84' lang='grc' dir='ltr'><strong>τον</strong></span> <span class='ocrx_word' id='word_1_239' title='bbox 1105 280 1314 314; x_wconf 84' lang='grc' dir='ltr'><strong>κατασχήνωσιν</strong></span> <span class='ocrx_word' id='word_1_240' title='bbox 1327 278 1513 314; x_wconf 71' lang='grc' dir='ltr'><strong>ἐκληρώσατο.</strong></span> <span class='ocrx_word' id='word_1_241' title='bbox 1527 278 1602 313; x_wconf 83' lang='grc' dir='ltr'><strong>Ἐφη</strong></span> <span class='ocrx_word' id='word_1_242' title='bbox 1619 278 1701 305; x_wconf 81' lang='grc' dir='ltr'>πάλιν</span> <span class='ocrx_word' id='word_1_243' title='bbox 1718 278 1731 304; x_wconf 87' lang='grc' dir='ltr'><strong>ὁ</strong></span> <span class='ocrx_word' id='word_1_244' title='bbox 1745 277 1819 308; x_wconf 72' lang='grc' dir='ltr'><strong>κοινὸς</strong></span> 
     </span>
    </p>
   </div>
   <div class='ocr_carea' id='block_1_34' title="bbox 1048 323 1817 361">
    <p class='ocr_par' dir='ltr' id='par_1_34' title="bbox 1048 323 1817 361">
     <span class='ocr_line' id='line_1_34' title="bbox 1048 323 1817 361; baseline -0.003 -10"><span class='ocrx_word' id='word_1_245' title='bbox 1048 325 1199 361; x_wconf 85' lang='grc' dir='ltr'>ἀνθρώπων</span> <span class='ocrx_word' id='word_1_246' title='bbox 1210 325 1314 360; x_wconf 83' lang='grc' dir='ltr'><strong>Σωτὴρ,</strong></span> <span class='ocrx_word' id='word_1_247' title='bbox 1327 327 1373 351; x_wconf 79' lang='grc' dir='ltr'><strong>καὶ</strong></span> <span class='ocrx_word' id='word_1_248' title='bbox 1385 326 1440 352; x_wconf 87' lang='grc' dir='ltr'><strong>τῶν</strong></span> <span class='ocrx_word' id='word_1_249' title='bbox 1461 325 1622 360; x_wconf 83' lang='grc' dir='ltr'><strong>σωζομένων</strong></span> <span class='ocrx_word' id='word_1_250' title='bbox 1639 323 1751 359; x_wconf 76' lang='grc' dir='ltr'><strong>νυμφίος</strong></span> <span class='ocrx_word' id='word_1_251' title='bbox 1761 331 1767 337; x_wconf 91' lang='grc'><strong>·</strong></span> <span class='ocrx_word' id='word_1_252' title='bbox 1783 324 1817 350; x_wconf 86' lang='grc' dir='ltr'><strong>οὺ</strong></span> 
     </span>
    </p>
   </div>
   <div class='ocr_carea' id='block_1_35' title="bbox 1048 370 1818 406">
    <p class='ocr_par' dir='ltr' id='par_1_35' title="bbox 1048 370 1818 406">
     <span class='ocr_line' id='line_1_35' title="bbox 1048 370 1818 406; baseline -0.003 -8"><span class='ocrx_word' id='word_1_253' title='bbox 1048 372 1192 399; x_wconf 81' lang='grc' dir='ltr'><strong>δύνανται</strong></span> <span class='ocrx_word' id='word_1_254' title='bbox 1207 371 1329 398; x_wconf 76' lang='grc' dir='ltr'><strong>πενθεῖν</strong></span> <span class='ocrx_word' id='word_1_255' title='bbox 1339 373 1365 398; x_wconf 85' lang='grc' dir='ltr'><strong>οι</strong></span> <span class='ocrx_word' id='word_1_256' title='bbox 1376 371 1435 399; x_wconf 76' lang='grc' dir='ltr'><strong>υιοὶ</strong></span> <span class='ocrx_word' id='word_1_257' title='bbox 1448 371 1501 398; x_wconf 80' lang='grc' dir='ltr'><strong>τοῦ</strong></span> <span class='ocrx_word' id='word_1_258' title='bbox 1513 370 1685 406; x_wconf 72' lang='grc' dir='ltr'><em>νυμφῶνος,</em></span> <span class='ocrx_word' id='word_1_259' title='bbox 1702 370 1746 404; x_wconf 80' lang='grc' dir='ltr'><strong>ἐφ’</strong></span> <span class='ocrx_word' id='word_1_260' title='bbox 1756 370 1818 397; x_wconf 80' lang='grc' dir='ltr'>ὅσον</span> 
     </span>
    </p>
   </div>
   <div class='ocr_carea' id='block_1_36' title="bbox 1047 415 1817 453">
    <p class='ocr_par' dir='ltr' id='par_1_36' title="bbox 1047 415 1817 453">
     <span class='ocr_line' id='line_1_36' title="bbox 1047 415 1817 453; baseline -0.005 -9"><span class='ocrx_word' id='word_1_261' title='bbox 1047 418 1160 453; x_wconf 79' lang='grc' dir='ltr'><strong>χρόνον</strong></span> <span class='ocrx_word' id='word_1_262' title='bbox 1164 416 1330 453; x_wconf 74' lang='grc' dir='ltr'><strong>μετ-ἀὐτῶν</strong></span> <span class='ocrx_word' id='word_1_263' title='bbox 1338 417 1424 445; x_wconf 78' lang='grc' dir='ltr'>ἐστιν</span> <span class='ocrx_word' id='word_1_264' title='bbox 1431 419 1447 444; x_wconf 88' lang='grc' dir='ltr'><em>ό</em></span> <span class='ocrx_word' id='word_1_265' title='bbox 1453 417 1591 451; x_wconf 77' lang='grc' dir='ltr'><strong>νυμφίος·</strong></span> <span class='ocrx_word' id='word_1_266' title='bbox 1599 415 1709 447; x_wconf 80' lang='grc' dir='ltr'><strong>ἀκούεις</strong></span> <span class='ocrx_word' id='word_1_267' title='bbox 1717 415 1817 449; x_wconf 76' lang='grc' dir='ltr'><strong>τίλέγεις</strong></span> 
     </span>
    </p>
   </div>
   <div class='ocr_carea' id='block_1_37' title="bbox 1049 459 1819 499">
    <p class='ocr_par' dir='ltr' id='par_1_37' title="bbox 1049 459 1819 499">
     <span class='ocr_line' id='line_1_37' title="bbox 1049 459 1819 499; baseline -0.005 -9"><span class='ocrx_word' id='word_1_268' title='bbox 1049 464 1087 499; x_wconf 84' lang='grc' dir='ltr'>μὴ</span> <span class='ocrx_word' id='word_1_269' title='bbox 1099 463 1285 499; x_wconf 82' lang='grc' dir='ltr'><strong>καταδικὴσης</strong></span> <span class='ocrx_word' id='word_1_270' title='bbox 1298 464 1407 498; x_wconf 82' lang='grc' dir='ltr'><strong>σεαυτῇ,</strong></span> <span class='ocrx_word' id='word_1_271' title='bbox 1426 463 1470 489; x_wconf 73' lang='grc' dir='ltr'><strong>διὰ</strong></span> <span class='ocrx_word' id='word_1_272' title='bbox 1484 462 1530 488; x_wconf 85' lang='grc' dir='ltr'><strong>τοῦ</strong></span> <span class='ocrx_word' id='word_1_273' title='bbox 1545 461 1672 494; x_wconf 70' lang='grc' dir='ltr'><strong>πένθους,</strong></span> <span class='ocrx_word' id='word_1_274' title='bbox 1687 460 1735 487; x_wconf 79' lang='grc' dir='ltr'><strong>τοῦ</strong></span> <span class='ocrx_word' id='word_1_275' title='bbox 1757 459 1819 495; x_wconf 86' lang='grc' dir='ltr'>τηλι-</span> 
     </span>
    </p>
   </div>
   <div class='ocr_carea' id='block_1_38' title="bbox 1047 506 1820 546">
    <p class='ocr_par' dir='ltr' id='par_1_38' title="bbox 1047 506 1820 546">
     <span class='ocr_line' id='line_1_38' title="bbox 1047 506 1820 546; baseline -0.006 -10"><span class='ocrx_word' id='word_1_276' title='bbox 1047 509 1144 536; x_wconf 78' lang='grc' dir='ltr'><strong>κούτου</strong></span> <span class='ocrx_word' id='word_1_277' title='bbox 1161 509 1279 545; x_wconf 81' lang='grc' dir='ltr'><strong>νυμφίου</strong></span> <span class='ocrx_word' id='word_1_278' title='bbox 1305 509 1354 546; x_wconf 85' lang='grc' dir='ltr'><strong>τὴν</strong></span> <span class='ocrx_word' id='word_1_279' title='bbox 1372 509 1523 541; x_wconf 82' lang='grc' dir='ltr'><strong>διάστασιν,</strong></span> <span class='ocrx_word' id='word_1_280' title='bbox 1554 507 1624 542; x_wconf 83' lang='grc' dir='ltr'>μηδὲ</span> <span class='ocrx_word' id='word_1_281' title='bbox 1645 507 1736 541; x_wconf 80' lang='grc' dir='ltr'>ψῆφον</span> <span class='ocrx_word' id='word_1_282' title='bbox 1760 506 1820 532; x_wconf 79' lang='grc' dir='ltr'><strong>κατὰ</strong></span> 
     </span>
    </p>
   </div>
   <div class='ocr_carea' id='block_1_39' title="bbox 1049 551 1820 592">
    <p class='ocr_par' dir='ltr' id='par_1_39' title="bbox 1049 551 1820 592">
     <span class='ocr_line' id='line_1_39' title="bbox 1049 551 1820 592; baseline -0.005 -11"><span class='ocrx_word' id='word_1_283' title='bbox 1049 556 1165 590; x_wconf 83' lang='grc' dir='ltr'><strong>σεαυτῆς</strong></span> <span class='ocrx_word' id='word_1_284' title='bbox 1188 555 1346 592; x_wconf 77' lang='grc' dir='ltr'><strong>ὲξενέγκῃς,</strong></span> <span class='ocrx_word' id='word_1_285' title='bbox 1362 555 1376 581; x_wconf 79' lang='grc' dir='ltr'><strong>ὃ</strong></span> <span class='ocrx_word' id='word_1_286' title='bbox 1402 555 1449 581; x_wconf 78' lang='grc' dir='ltr'><strong>καὶ</strong></span> <span class='ocrx_word' id='word_1_287' title='bbox 1472 553 1552 581; x_wconf 79' lang='grc' dir='ltr'>ἄλλου</span> <span class='ocrx_word' id='word_1_288' title='bbox 1567 553 1719 588; x_wconf 79' lang='grc' dir='ltr'>τολμῶντος</span> <span class='ocrx_word' id='word_1_289' title='bbox 1735 551 1778 578; x_wconf 84' lang='grc' dir='ltr'><strong>οὐκ</strong></span> <span class='ocrx_word' id='word_1_290' title='bbox 1792 551 1820 577; x_wconf 83' lang='grc' dir='ltr'><strong>ἂν</strong></span> 
     </span>
    </p>
   </div>
   <div class='ocr_carea' id='block_1_40' title="bbox 1048 597 1821 637">
    <p class='ocr_par' dir='ltr' id='par_1_40' title="bbox 1048 597 1821 637">
     <span class='ocr_line' id='line_1_40' title="bbox 1048 597 1821 637; baseline -0.006 -9"><span class='ocrx_word' id='word_1_291' title='bbox 1048 601 1118 637; x_wconf 84' lang='grc' dir='ltr'><strong>αὐτὴ</strong></span> <span class='ocrx_word' id='word_1_292' title='bbox 1130 601 1180 636; x_wconf 78' lang='grc' dir='ltr'><strong>τὴν</strong></span> <span class='ocrx_word' id='word_1_293' title='bbox 1192 601 1244 635; x_wconf 85' lang='grc' dir='ltr'><strong>ὲπή</strong></span> <span class='ocrx_word' id='word_1_294' title='bbox 1250 609 1324 636; x_wconf 78' lang='grc' dir='ltr'>ρειαν</span> <span class='ocrx_word' id='word_1_295' title='bbox 1340 601 1458 636; x_wconf 78' lang='grc' dir='ltr'><strong>ἤνεγκας</strong></span> <span class='ocrx_word' id='word_1_296' title='bbox 1470 609 1476 616; x_wconf 94' lang='grc'><strong>·</strong></span> <span class='ocrx_word' id='word_1_297' title='bbox 1488 600 1545 627; x_wconf 81' lang='grc' dir='ltr'>ἀλλ’</span> <span class='ocrx_word' id='word_1_298' title='bbox 1554 599 1660 635; x_wconf 79' lang='grc' dir='ltr'><strong>ἐχθρὸν,</strong></span> <span class='ocrx_word' id='word_1_299' title='bbox 1676 597 1743 625; x_wconf 82' lang='grc' dir='ltr'>ἀλλά</span> <span class='ocrx_word' id='word_1_300' title='bbox 1754 597 1821 624; x_wconf 72' lang='grc' dir='ltr'>πολέι</span> 
     </span>
    </p>
   </div>
   <div class='ocr_carea' id='block_1_41' title="bbox 1049 643 1821 683">
    <p class='ocr_par' dir='ltr' id='par_1_41' title="bbox 1049 643 1821 683">
     <span class='ocr_line' id='line_1_41' title="bbox 1049 643 1821 683; baseline -0.006 -8"><span class='ocrx_word' id='word_1_301' title='bbox 1049 656 1121 683; x_wconf 82' lang='grc' dir='ltr'>μιον,</span> <span class='ocrx_word' id='word_1_302' title='bbox 1138 648 1208 675; x_wconf 83' lang='grc' dir='ltr'>ἀλλὰ</span> <span class='ocrx_word' id='word_1_303' title='bbox 1218 648 1307 675; x_wconf 73' lang='grc' dir='ltr'>πάντα</span> <span class='ocrx_word' id='word_1_304' title='bbox 1315 648 1398 674; x_wconf 76' lang='grc' dir='ltr'><strong>κακὸν</strong></span> <span class='ocrx_word' id='word_1_305' title='bbox 1409 647 1499 682; x_wconf 85' lang='grc' dir='ltr'><strong>ἀπεκή</strong></span> <span class='ocrx_word' id='word_1_306' title='bbox 1504 646 1585 682; x_wconf 82' lang='grc' dir='ltr'><strong>ρυξας</strong></span> <span class='ocrx_word' id='word_1_307' title='bbox 1593 654 1600 661; x_wconf 88' lang='grc'><strong>·</strong></span> <span class='ocrx_word' id='word_1_308' title='bbox 1617 645 1685 681; x_wconf 80' lang='grc' dir='ltr'><strong>μηδὲ</strong></span> <span class='ocrx_word' id='word_1_309' title='bbox 1696 644 1745 680; x_wconf 83' lang='grc' dir='ltr'><strong>τὴν</strong></span> <span class='ocrx_word' id='word_1_310' title='bbox 1754 643 1821 678; x_wconf 75' lang='grc' dir='ltr'>δόξης</span> 
     </span>
    </p>
   </div>
   <div class='ocr_carea' id='block_1_42' title="bbox 1048 690 1821 729">
    <p class='ocr_par' dir='ltr' id='par_1_42' title="bbox 1048 690 1821 729">
     <span class='ocr_line' id='line_1_42' title="bbox 1048 690 1821 729; baseline -0.006 -8"><span class='ocrx_word' id='word_1_311' title='bbox 1048 694 1237 722; x_wconf 78' lang='grc' dir='ltr'><strong>ἀπολαύουσαν</strong></span> <span class='ocrx_word' id='word_1_312' title='bbox 1251 693 1389 729; x_wconf 75' lang='grc' dir='ltr'><strong>θρηνοῦσα</strong></span> <span class='ocrx_word' id='word_1_313' title='bbox 1401 693 1516 727; x_wconf 81' lang='grc' dir='ltr'><strong>σεαυτὴν</strong></span> <span class='ocrx_word' id='word_1_314' title='bbox 1531 692 1622 727; x_wconf 70' lang='grc' dir='ltr'>ἔνοχον</span> <span class='ocrx_word' id='word_1_315' title='bbox 1640 691 1745 726; x_wconf 85' lang='grc' dir='ltr'>θρήνων</span> <span class='ocrx_word' id='word_1_316' title='bbox 1763 690 1821 716; x_wconf 81' lang='grc' dir='ltr'>ἁπο-</span> 
     </span>
    </p>
   </div>
   <div class='ocr_carea' id='block_1_43' title="bbox 1048 736 1809 777">
    <p class='ocr_par' dir='ltr' id='par_1_43' title="bbox 1048 736 1809 777">
     <span class='ocr_line' id='line_1_43' title="bbox 1048 736 1809 777; baseline -0.007 -10"><span class='ocrx_word' id='word_1_317' title='bbox 1048 741 1148 777; x_wconf 80' lang='grc' dir='ltr'><strong>δείξῃς·</strong></span> <span class='ocrx_word' id='word_1_318' title='bbox 1168 741 1210 767; x_wconf 89' lang='grc' dir='ltr'><strong>Οὐ</strong></span> <span class='ocrx_word' id='word_1_319' title='bbox 1222 739 1366 767; x_wconf 82' lang='grc' dir='ltr'><strong>δύνανται</strong></span> <span class='ocrx_word' id='word_1_320' title='bbox 1381 738 1503 767; x_wconf 81' lang='grc' dir='ltr'><strong>πενθεῖν</strong></span> <span class='ocrx_word' id='word_1_321' title='bbox 1510 739 1537 765; x_wconf 82' lang='grc' dir='ltr'><strong>οἱ</strong></span> <span class='ocrx_word' id='word_1_322' title='bbox 1545 738 1693 769; x_wconf 76' lang='grc' dir='ltr'><strong>συνόντες</strong></span> <span class='ocrx_word' id='word_1_323' title='bbox 1710 736 1748 768; x_wconf 88' lang='grc' dir='ltr'><strong>τῷ</strong></span> <span class='ocrx_word' id='word_1_324' title='bbox 1757 744 1809 770; x_wconf 77' lang='grc' dir='ltr'><strong>νυμ</strong></span> 
     </span>
    </p>
   </div>
   <div class='ocr_carea' id='block_1_44' title="bbox 1048 781 1821 822">
    <p class='ocr_par' dir='ltr' id='par_1_44' title="bbox 1048 781 1821 822">
     <span class='ocr_line' id='line_1_44' title="bbox 1048 781 1821 822; baseline -0.009 -9"><span class='ocrx_word' id='word_1_325' title='bbox 1048 787 1116 822; x_wconf 50' lang='lat' dir='ltr'><strong>splen.</strong></span> <span class='ocrx_word' id='word_1_326' title='bbox 1127 787 1160 813; x_wconf 76' lang='grc' dir='ltr'>Τί</span> <span class='ocrx_word' id='word_1_327' title='bbox 1169 786 1271 820; x_wconf 70' lang='grc' dir='ltr'>ταύτης</span> <span class='ocrx_word' id='word_1_328' title='bbox 1281 785 1331 820; x_wconf 80' lang='grc' dir='ltr'><strong>τῆς</strong></span> <span class='ocrx_word' id='word_1_329' title='bbox 1343 785 1443 820; x_wconf 80' lang='grc' dir='ltr'><strong>φωνῆς,</strong></span> <span class='ocrx_word' id='word_1_330' title='bbox 1459 783 1558 820; x_wconf 81' lang='grc' dir='ltr'>μᾶλλον</span> <span class='ocrx_word' id='word_1_331' title='bbox 1569 783 1598 809; x_wconf 79' lang='grc' dir='ltr'><strong>δὲ</strong></span> <span class='ocrx_word' id='word_1_332' title='bbox 1608 783 1658 817; x_wconf 81' lang='grc' dir='ltr'><strong>τῆς</strong></span> <span class='ocrx_word' id='word_1_333' title='bbox 1666 781 1821 814; x_wconf 77' lang='grc' dir='ltr'><strong>Δεσποτικῆς</strong></span> 
     </span>
    </p>
   </div>
   <div class='ocr_carea' id='block_1_45' title="bbox 1048 827 1822 869">
    <p class='ocr_par' dir='ltr' id='par_1_45' title="bbox 1048 827 1822 869">
     <span class='ocr_line' id='line_1_45' title="bbox 1048 827 1822 869; baseline -0.009 -8"><span class='ocrx_word' id='word_1_334' title='bbox 1048 833 1265 869; x_wconf 79' lang='grc' dir='ltr'><strong>διαμαρτυρίας,</strong></span> <span class='ocrx_word' id='word_1_335' title='bbox 1281 831 1484 867; x_wconf 76' lang='grc' dir='ltr'>φοὸερώτερονς</span> <span class='ocrx_word' id='word_1_336' title='bbox 1499 830 1627 862; x_wconf 84' lang='grc' dir='ltr'><strong>Πενθεῖς;</strong></span> <span class='ocrx_word' id='word_1_337' title='bbox 1642 830 1761 863; x_wconf 81' lang='grc' dir='ltr'><strong>ἀπέστης</strong></span> <span class='ocrx_word' id='word_1_338' title='bbox 1780 827 1822 854; x_wconf 80' lang='grc' dir='ltr'><strong>τοῦ</strong></span> 
     </span>
    </p>
   </div>
   <div class='ocr_carea' id='block_1_46' title="bbox 1049 874 1823 914">
    <p class='ocr_par' dir='ltr' id='par_1_46' title="bbox 1049 874 1823 914">
     <span class='ocr_line' id='line_1_46' title="bbox 1049 874 1823 914; baseline -0.009 -8"><span class='ocrx_word' id='word_1_339' title='bbox 1049 879 1177 914; x_wconf 77' lang='grc' dir='ltr'>νυμφίου.</span> <span class='ocrx_word' id='word_1_340' title='bbox 1199 878 1316 914; x_wconf 84' lang='grc' dir='ltr'>Ὀδύρῃ;</span> <span class='ocrx_word' id='word_1_341' title='bbox 1340 878 1385 904; x_wconf 77' lang='grc' dir='ltr'><strong>τὸν</strong></span> <span class='ocrx_word' id='word_1_342' title='bbox 1416 877 1535 911; x_wconf 78' lang='grc' dir='ltr'><strong>θάλαμον</strong></span> <span class='ocrx_word' id='word_1_343' title='bbox 1557 875 1690 912; x_wconf 74' lang='grc' dir='ltr'><strong>ὑϐρίζεις.</strong></span> <span class='ocrx_word' id='word_1_344' title='bbox 1725 874 1763 901; x_wconf 78' lang='grc' dir='ltr'><strong>Τὰ</strong></span> <span class='ocrx_word' id='word_1_345' title='bbox 1774 874 1823 900; x_wconf 84' lang='grc' dir='ltr'><strong>τῶν</strong></span> 
     </span>
    </p>
   </div>
   <div class='ocr_carea' id='block_1_47' title="bbox 1048 919 1824 960">
    <p class='ocr_par' dir='ltr' id='par_1_47' title="bbox 1048 919 1824 960">
     <span class='ocr_line' id='line_1_47' title="bbox 1048 919 1824 960; baseline -0.009 -8"><span class='ocrx_word' id='word_1_346' title='bbox 1048 925 1154 952; x_wconf 82' lang='grc' dir='ltr'>πολλῶν</span> <span class='ocrx_word' id='word_1_347' title='bbox 1169 925 1216 952; x_wconf 78' lang='grc' dir='ltr'><strong>καὶ</strong></span> <span class='ocrx_word' id='word_1_348' title='bbox 1233 924 1349 960; x_wconf 85' lang='grc' dir='ltr'><strong>χυδαίων</strong></span> <span class='ocrx_word' id='word_1_349' title='bbox 1361 923 1502 958; x_wconf 82' lang='grc' dir='ltr'>πράττεις,</span> <span class='ocrx_word' id='word_1_350' title='bbox 1515 921 1658 953; x_wconf 82' lang='grc' dir='ltr'><strong>ὲκπίπτεις</strong></span> <span class='ocrx_word' id='word_1_351' title='bbox 1669 921 1720 955; x_wconf 80' lang='grc' dir='ltr'><strong>τῆς</strong></span> <span class='ocrx_word' id='word_1_352' title='bbox 1731 919 1824 946; x_wconf 78' lang='grc' dir='ltr'><strong>παστά-</strong></span> 
     </span>
    </p>
   </div>
   <div class='ocr_carea' id='block_1_48' title="bbox 1047 965 1823 1006">
    <p class='ocr_par' dir='ltr' id='par_1_48' title="bbox 1047 965 1823 1006">
     <span class='ocr_line' id='line_1_48' title="bbox 1047 965 1823 1006; baseline -0.01 -8"><span class='ocrx_word' id='word_1_353' title='bbox 1047 972 1105 1004; x_wconf 87' lang='grc' dir='ltr'>δος·</span> <span class='ocrx_word' id='word_1_354' title='bbox 1120 971 1189 998; x_wconf 81' lang='grc' dir='ltr'>ἀλλὰ</span> <span class='ocrx_word' id='word_1_355' title='bbox 1209 970 1307 1006; x_wconf 81' lang='grc' dir='ltr'><strong>μηκέτι</strong></span> <span class='ocrx_word' id='word_1_356' title='bbox 1322 970 1371 1005; x_wconf 83' lang='grc' dir='ltr'><strong>τὴν</strong></span> <span class='ocrx_word' id='word_1_357' title='bbox 1382 970 1410 995; x_wconf 84' lang='grc' dir='ltr'><strong>ὲν</strong></span> <span class='ocrx_word' id='word_1_358' title='bbox 1420 968 1479 1003; x_wconf 85' lang='grc' dir='ltr'><strong>Θεῷ</strong></span> <span class='ocrx_word' id='word_1_359' title='bbox 1496 968 1587 1000; x_wconf 80' lang='grc' dir='ltr'>ζῶσαν</span> <span class='ocrx_word' id='word_1_360' title='bbox 1603 967 1639 998; x_wconf 80' lang='grc' dir='ltr'><strong>ὼς</strong></span> <span class='ocrx_word' id='word_1_361' title='bbox 1654 965 1752 1001; x_wconf 81' lang='grc' dir='ltr'><strong>νεκρὰν</strong></span> <span class='ocrx_word' id='word_1_362' title='bbox 1762 965 1823 1000; x_wconf 75' lang='grc' dir='ltr'>θρη-</span> 
     </span>
    </p>
   </div>
   <div class='ocr_carea' id='block_1_49' title="bbox 1048 1010 1826 1053">
    <p class='ocr_par' dir='ltr' id='par_1_49' title="bbox 1048 1010 1826 1053">
     <span class='ocr_line' id='line_1_49' title="bbox 1048 1010 1826 1053; baseline -0.012 -8"><span class='ocrx_word' id='word_1_363' title='bbox 1048 1018 1138 1053; x_wconf 85' lang='grc' dir='ltr'>νῶμεν</span> <span class='ocrx_word' id='word_1_364' title='bbox 1149 1027 1155 1032; x_wconf 92' lang='grc'><strong>·</strong></span> <span class='ocrx_word' id='word_1_365' title='bbox 1171 1016 1237 1052; x_wconf 83' lang='grc' dir='ltr'><strong>μηδὲ</strong></span> <span class='ocrx_word' id='word_1_366' title='bbox 1252 1016 1285 1042; x_wconf 82' lang='grc' dir='ltr'><strong>δι’</strong></span> <span class='ocrx_word' id='word_1_367' title='bbox 1303 1013 1340 1042; x_wconf 81' lang='grc' dir='ltr'><strong>ὧν</strong></span> <span class='ocrx_word' id='word_1_368' title='bbox 1354 1015 1481 1050; x_wconf 81' lang='grc' dir='ltr'><strong>στέργειν</strong></span> <span class='ocrx_word' id='word_1_369' title='bbox 1498 1014 1582 1048; x_wconf 80' lang='grc' dir='ltr'><strong>αὐτὴν</strong></span> <span class='ocrx_word' id='word_1_370' title='bbox 1596 1012 1743 1047; x_wconf 76' lang='grc' dir='ltr'>νομίζομεν</span> <span class='ocrx_word' id='word_1_371' title='bbox 1754 1031 1762 1043; x_wconf 92' lang='lat'><strong>,</strong></span> <span class='ocrx_word' id='word_1_372' title='bbox 1782 1010 1826 1037; x_wconf 72' lang='grc' dir='ltr'><strong>καὶ</strong></span> 
     </span>
    </p>
   </div>
   <div class='ocr_carea' id='block_1_50' title="bbox 1049 1055 1825 1096">
    <p class='ocr_par' dir='ltr' id='par_1_50' title="bbox 1049 1055 1825 1096">
     <span class='ocr_line' id='line_1_50' title="bbox 1049 1055 1825 1096; baseline -0.008 -9"><span class='ocrx_word' id='word_1_373' title='bbox 1049 1061 1134 1096; x_wconf 82' lang='grc' dir='ltr'><strong>αὐτὴν</strong></span> <span class='ocrx_word' id='word_1_374' title='bbox 1148 1061 1256 1096; x_wconf 78' lang='grc' dir='ltr'><strong>ἐκείνην</strong></span> <span class='ocrx_word' id='word_1_375' title='bbox 1270 1058 1461 1094; x_wconf 80' lang='grc' dir='ltr'><strong>ἀτιμάζωμεν.</strong></span> <span class='ocrx_word' id='word_1_376' title='bbox 1477 1058 1575 1092; x_wconf 77' lang='grc' dir='ltr'><strong>’Υσρις</strong></span> <span class='ocrx_word' id='word_1_377' title='bbox 1589 1057 1646 1083; x_wconf 76' lang='grc' dir='ltr'>ἐστὶ</span> <span class='ocrx_word' id='word_1_378' title='bbox 1659 1057 1715 1087; x_wconf 84' lang='grc' dir='ltr'>τοῖς</span> <span class='ocrx_word' id='word_1_379' title='bbox 1727 1055 1769 1081; x_wconf 81' lang='grc' dir='ltr'><strong>τδν</strong></span> <span class='ocrx_word' id='word_1_380' title='bbox 1782 1055 1825 1081; x_wconf 81' lang='grc' dir='ltr'><strong>οὺ-</strong></span> 
     </span>
    </p>
   </div>
   <div class='ocr_carea' id='block_1_51' title="bbox 1051 1102 1826 1143">
    <p class='ocr_par' dir='ltr' id='par_1_51' title="bbox 1051 1102 1826 1143">
     <span class='ocr_line' id='line_1_51' title="bbox 1051 1102 1826 1143; baseline -0.009 -9"><span class='ocrx_word' id='word_1_381' title='bbox 1051 1107 1130 1143; x_wconf 85' lang='grc' dir='ltr'>ρανὸν</span> <span class='ocrx_word' id='word_1_382' title='bbox 1152 1105 1387 1142; x_wconf 81' lang='grc' dir='ltr'><strong>Θαλαμηπολοῦσιν</strong></span> <span class='ocrx_word' id='word_1_383' title='bbox 1416 1106 1430 1132; x_wconf 85' lang='grc' dir='ltr'>ὁ</span> <span class='ocrx_word' id='word_1_384' title='bbox 1444 1104 1574 1139; x_wconf 81' lang='grc' dir='ltr'><strong>ὀδυρμός·</strong></span> <span class='ocrx_word' id='word_1_385' title='bbox 1599 1105 1644 1130; x_wconf 75' lang='grc' dir='ltr'><strong>καὶ</strong></span> <span class='ocrx_word' id='word_1_386' title='bbox 1664 1102 1700 1129; x_wconf 80' lang='grc' dir='ltr'><strong>τὰ</strong></span> <span class='ocrx_word' id='word_1_387' title='bbox 1728 1102 1826 1137; x_wconf 77' lang='grc' dir='ltr'>δάκρυι</span> 
     </span>
    </p>
   </div>
   <div class='ocr_carea' id='block_1_52' title="bbox 1049 1147 1827 1188">
    <p class='ocr_par' dir='ltr' id='par_1_52' title="bbox 1049 1147 1827 1188">
     <span class='ocr_line' id='line_1_52' title="bbox 1049 1147 1827 1188; baseline -0.009 -8"><span class='ocrx_word' id='word_1_388' title='bbox 1049 1153 1261 1188; x_wconf 83' lang='grc' dir='ltr'><strong>δυσφημούντων</strong></span> <span class='ocrx_word' id='word_1_389' title='bbox 1273 1152 1345 1178; x_wconf 75' lang='grc' dir='ltr'>ἐστὶν</span> <span class='ocrx_word' id='word_1_390' title='bbox 1356 1150 1446 1178; x_wconf 86' lang='grc' dir='ltr'>αὐτῶν</span> <span class='ocrx_word' id='word_1_391' title='bbox 1456 1151 1486 1176; x_wconf 83' lang='grc' dir='ltr'><strong>τὸ</strong></span> <span class='ocrx_word' id='word_1_392' title='bbox 1497 1149 1642 1185; x_wconf 83' lang='grc' dir='ltr'><strong>μακάριον,</strong></span> <span class='ocrx_word' id='word_1_393' title='bbox 1654 1147 1827 1178; x_wconf 76' lang='grc' dir='ltr'><strong>δισταζόντων</strong></span> 
     </span>
    </p>
   </div>
   <div class='ocr_carea' id='block_1_53' title="bbox 1049 1193 1829 1234">
    <p class='ocr_par' dir='ltr' id='par_1_53' title="bbox 1049 1193 1829 1234">
     <span class='ocr_line' id='line_1_53' title="bbox 1049 1193 1829 1234; baseline -0.008 -9"><span class='ocrx_word' id='word_1_394' title='bbox 1049 1199 1098 1234; x_wconf 84' lang='grc' dir='ltr'><strong>τὴν</strong></span> <span class='ocrx_word' id='word_1_395' title='bbox 1109 1198 1268 1231; x_wconf 82' lang='grc' dir='ltr'><strong>ἀπόλαυσιν,</strong></span> <span class='ocrx_word' id='word_1_396' title='bbox 1283 1196 1507 1232; x_wconf 71' lang='grc' dir='ltr'><strong>ἀμφιϐαλλὸντων</strong></span> <span class='ocrx_word' id='word_1_397' title='bbox 1517 1195 1571 1229; x_wconf 85' lang='grc' dir='ltr'><strong>(ἴνα</strong></span> <span class='ocrx_word' id='word_1_398' title='bbox 1594 1194 1632 1230; x_wconf 86' lang='grc' dir='ltr'>μὴ</span> <span class='ocrx_word' id='word_1_399' title='bbox 1648 1193 1829 1220; x_wconf 80' lang='grc' dir='ltr'><strong>ἀπιστούντων</strong></span> 
     </span>
    </p>
   </div>
   <div class='ocr_carea' id='block_1_54' title="bbox 1050 1239 1842 1280">
    <p class='ocr_par' dir='ltr' id='par_1_54' title="bbox 1050 1239 1842 1280">
     <span class='ocr_line' id='line_1_54' title="bbox 1050 1239 1842 1280; baseline -0.01 -8"><span class='ocrx_word' id='word_1_400' title='bbox 1050 1245 1132 1280; x_wconf 79' lang='grc' dir='ltr'><strong>λέγω)</strong></span> <span class='ocrx_word' id='word_1_401' title='bbox 1147 1245 1196 1280; x_wconf 86' lang='grc' dir='ltr'><strong>τὴν</strong></span> <span class='ocrx_word' id='word_1_402' title='bbox 1210 1246 1357 1271; x_wconf 80' lang='grc' dir='ltr'><strong>ἀνάστασιν</strong></span> <span class='ocrx_word' id='word_1_403' title='bbox 1368 1251 1375 1258; x_wconf 88' lang='grc'>·</span> <span class='ocrx_word' id='word_1_404' title='bbox 1391 1242 1409 1270; x_wconf 76' lang='grc' dir='ltr'><strong>ἃ.</strong></span> <span class='ocrx_word' id='word_1_405' title='bbox 1420 1242 1509 1269; x_wconf 76' lang='grc' dir='ltr'><strong>πάντα</strong></span> <span class='ocrx_word' id='word_1_406' title='bbox 1525 1240 1704 1275; x_wconf 78' lang='grc' dir='ltr'><strong>λογισαμὲνη,</strong></span> <span class='ocrx_word' id='word_1_407' title='bbox 1721 1239 1767 1266; x_wconf 76' lang='grc' dir='ltr'><strong>καὶ</strong></span> <span class='ocrx_word' id='word_1_408' title='bbox 1782 1247 1842 1273; x_wconf 56' lang='grc' dir='ltr'>νηυ</span> 
     </span>
    </p>
   </div>
   <div class='ocr_carea' id='block_1_55' title="bbox 1051 1283 1830 1327">
    <p class='ocr_par' dir='ltr' id='par_1_55' title="bbox 1051 1283 1830 1327">
     <span class='ocr_line' id='line_1_55' title="bbox 1051 1283 1830 1327; baseline -0.01 -9"><span class='ocrx_word' id='word_1_409' title='bbox 1051 1291 1138 1327; x_wconf 87' lang='grc' dir='ltr'>φούσῃ</span> <span class='ocrx_word' id='word_1_410' title='bbox 1151 1290 1239 1326; x_wconf 83' lang='grc' dir='ltr'>κρίσει</span> <span class='ocrx_word' id='word_1_411' title='bbox 1252 1289 1469 1324; x_wconf 74' lang='grc' dir='ltr'><strong>ἐπιοκοπήσασα,</strong></span> <span class='ocrx_word' id='word_1_412' title='bbox 1488 1287 1565 1323; x_wconf 78' lang='grc' dir='ltr'>ρίψον</span> <span class='ocrx_word' id='word_1_413' title='bbox 1592 1286 1622 1313; x_wconf 74' lang='grc' dir='ltr'><strong>τὸ</strong></span> <span class='ocrx_word' id='word_1_414' title='bbox 1645 1285 1750 1316; x_wconf 81' lang='grc' dir='ltr'>πένθος,</span> <span class='ocrx_word' id='word_1_415' title='bbox 1767 1283 1830 1310; x_wconf 76' lang='grc' dir='ltr'><strong>ἀπό-</strong></span> 
     </span>
    </p>
   </div>
   <div class='ocr_carea' id='block_1_56' title="bbox 1051 1329 1831 1369">
    <p class='ocr_par' dir='ltr' id='par_1_56' title="bbox 1051 1329 1831 1369">
     <span class='ocr_line' id='line_1_56' title="bbox 1051 1329 1831 1369; baseline -0.01 -6"><span class='ocrx_word' id='word_1_416' title='bbox 1051 1337 1098 1364; x_wconf 85' lang='grc' dir='ltr'>θου</span> <span class='ocrx_word' id='word_1_417' title='bbox 1108 1336 1138 1363; x_wconf 85' lang='grc' dir='ltr'><strong>τὸ</strong></span> <span class='ocrx_word' id='word_1_418' title='bbox 1148 1336 1243 1368; x_wconf 77' lang='grc' dir='ltr'>πάθος,</span> <span class='ocrx_word' id='word_1_419' title='bbox 1253 1335 1316 1366; x_wconf 79' lang='grc' dir='ltr'><strong>τοὺς</strong></span> <span class='ocrx_word' id='word_1_420' title='bbox 1327 1334 1506 1369; x_wconf 75' lang='grc' dir='ltr'><strong>στεναγμοὺς,</strong></span> <span class='ocrx_word' id='word_1_421' title='bbox 1517 1332 1605 1359; x_wconf 75' lang='grc' dir='ltr'><strong>καὶτὰ</strong></span> <span class='ocrx_word' id='word_1_422' title='bbox 1615 1332 1729 1367; x_wconf 73' lang='grc' dir='ltr'><strong>δάκρυα.</strong></span> <span class='ocrx_word' id='word_1_423' title='bbox 1739 1329 1831 1355; x_wconf 77' lang='grc' dir='ltr'>Ἔσται</span> 
     </span>
    </p>
   </div>
   <div class='ocr_carea' id='block_1_57' title="bbox 1050 1376 1832 1414">
    <p class='ocr_par' dir='ltr' id='par_1_57' title="bbox 1050 1376 1832 1414">
     <span class='ocr_line' id='line_1_57' title="bbox 1050 1376 1832 1414; baseline -0.01 -5"><span class='ocrx_word' id='word_1_424' title='bbox 1050 1383 1079 1410; x_wconf 82' lang='grc' dir='ltr'><strong>δὲ</strong></span> <span class='ocrx_word' id='word_1_425' title='bbox 1095 1382 1174 1409; x_wconf 82' lang='grc' dir='ltr'>τοῦτο</span> <span class='ocrx_word' id='word_1_426' title='bbox 1186 1383 1242 1413; x_wconf 84' lang='grc' dir='ltr'>τοῖς</span> <span class='ocrx_word' id='word_1_427' title='bbox 1253 1389 1282 1408; x_wconf 81' lang='grc' dir='ltr'>τε</span> <span class='ocrx_word' id='word_1_428' title='bbox 1297 1380 1396 1413; x_wconf 78' lang='grc' dir='ltr'><strong>ἄλλοις,</strong></span> <span class='ocrx_word' id='word_1_429' title='bbox 1412 1377 1453 1411; x_wconf 72' lang='grc' dir='ltr'><strong>οἷς</strong></span> <span class='ocrx_word' id='word_1_430' title='bbox 1469 1378 1636 1414; x_wconf 82' lang='grc' dir='ltr'>προείπομεν</span> <span class='ocrx_word' id='word_1_431' title='bbox 1646 1397 1654 1409; x_wconf 84' lang='grc'><em>,</em></span> <span class='ocrx_word' id='word_1_432' title='bbox 1674 1377 1721 1403; x_wconf 67' lang='grc' dir='ltr'><strong>καὶ</strong></span> <span class='ocrx_word' id='word_1_433' title='bbox 1734 1376 1832 1410; x_wconf 75' lang='grc' dir='ltr'>ἐάνπερ</span> 
     </span>
    </p>
   </div>
   <div class='ocr_carea' id='block_1_58' title="bbox 1052 1422 1833 1464">
    <p class='ocr_par' dir='ltr' id='par_1_58' title="bbox 1052 1422 1833 1464">
     <span class='ocr_line' id='line_1_58' title="bbox 1052 1422 1833 1464; baseline -0.01 -8"><span class='ocrx_word' id='word_1_434' title='bbox 1052 1429 1152 1464; x_wconf 78' lang='grc' dir='ltr'><strong>ἑαυτὴν</strong></span> <span class='ocrx_word' id='word_1_435' title='bbox 1175 1428 1283 1454; x_wconf 80' lang='grc' dir='ltr'><strong>πάντων</strong></span> <span class='ocrx_word' id='word_1_436' title='bbox 1303 1427 1358 1453; x_wconf 86' lang='grc' dir='ltr'><strong>τῶν</strong></span> <span class='ocrx_word' id='word_1_437' title='bbox 1369 1425 1470 1454; x_wconf 82' lang='grc' dir='ltr'><strong>λοιπῶν</strong></span> <span class='ocrx_word' id='word_1_438' title='bbox 1485 1424 1680 1456; x_wconf 78' lang='grc' dir='ltr'>ἀποσπάσασα,</span> <span class='ocrx_word' id='word_1_439' title='bbox 1694 1424 1773 1459; x_wconf 87' lang='grc' dir='ltr'>μόνον</span> <span class='ocrx_word' id='word_1_440' title='bbox 1787 1422 1833 1448; x_wconf 75' lang='grc' dir='ltr'><strong>τοῦ</strong></span> 
     </span>
    </p>
   </div>
   <div class='ocr_carea' id='block_1_59' title="bbox 1052 1468 1834 1509">
    <p class='ocr_par' dir='ltr' id='par_1_59' title="bbox 1052 1468 1834 1509">
     <span class='ocr_line' id='line_1_59' title="bbox 1052 1468 1834 1509; baseline -0.009 -8"><span class='ocrx_word' id='word_1_441' title='bbox 1052 1474 1173 1509; x_wconf 79' lang='grc' dir='ltr'>καοαροῦ</span> <span class='ocrx_word' id='word_1_442' title='bbox 1193 1474 1240 1500; x_wconf 71' lang='grc' dir='ltr'><strong>καὶ</strong></span> <span class='ocrx_word' id='word_1_443' title='bbox 1253 1473 1387 1508; x_wconf 83' lang='grc' dir='ltr'><strong>ἁχράντου</strong></span> <span class='ocrx_word' id='word_1_444' title='bbox 1404 1471 1520 1506; x_wconf 78' lang='grc' dir='ltr'>νυμφίου</span> <span class='ocrx_word' id='word_1_445' title='bbox 1535 1469 1654 1505; x_wconf 85' lang='grc' dir='ltr'>Χριστοῦ</span> <span class='ocrx_word' id='word_1_446' title='bbox 1675 1470 1721 1496; x_wconf 83' lang='grc' dir='ltr'><strong>τὸν</strong></span> <span class='ocrx_word' id='word_1_447' title='bbox 1747 1468 1834 1503; x_wconf 83' lang='grc' dir='ltr'>μακά-</span> 
     </span>
    </p>
   </div>
   <div class='ocr_carea' id='block_1_60' title="bbox 1053 1513 1836 1557">
    <p class='ocr_par' dir='ltr' id='par_1_60' title="bbox 1053 1513 1836 1557">
     <span class='ocr_line' id='line_1_60' title="bbox 1053 1513 1836 1557; baseline -0.011 -10"><span class='ocrx_word' id='word_1_448' title='bbox 1053 1529 1110 1557; x_wconf 80' lang='grc' dir='ltr'>ριον</span> <span class='ocrx_word' id='word_1_449' title='bbox 1123 1521 1170 1547; x_wconf 79' lang='grc' dir='ltr'>καὶ</span> <span class='ocrx_word' id='word_1_450' title='bbox 1184 1519 1336 1554; x_wconf 78' lang='grc' dir='ltr'><strong>ἀνώλεθρον</strong></span> <span class='ocrx_word' id='word_1_451' title='bbox 1351 1518 1441 1553; x_wconf 77' lang='grc' dir='ltr'>ἔρωτα</span> <span class='ocrx_word' id='word_1_452' title='bbox 1454 1537 1461 1548; x_wconf 91' lang='grc'><em>,</em></span> <span class='ocrx_word' id='word_1_453' title='bbox 1479 1517 1537 1543; x_wconf 78' lang='grc' dir='ltr'>ὅλον</span> <span class='ocrx_word' id='word_1_454' title='bbox 1554 1515 1615 1542; x_wconf 77' lang='grc' dir='ltr'><strong>καθ’</strong></span> <span class='ocrx_word' id='word_1_455' title='bbox 1638 1515 1702 1549; x_wconf 85' lang='grc' dir='ltr'>ὅλην</span> <span class='ocrx_word' id='word_1_456' title='bbox 1720 1513 1836 1548; x_wconf 72' lang='grc' dir='ltr'><strong>σεαυτὴν</strong></span> 
     </span>
    </p>
   </div>
   <div class='ocr_carea' id='block_1_61' title="bbox 213 1559 1012 1607">
    <p class='ocr_par' dir='ltr' id='par_1_61' title="bbox 213 1562 1000 1603">
     <span class='ocr_line' id='line_1_61' title="bbox 213 1562 1000 1603; baseline 0.01 -16"><span class='ocrx_word' id='word_1_457' title='bbox 213 1568 246 1588; x_wconf 88' lang='lat' dir='ltr'><strong>ea</strong></span> <span class='ocrx_word' id='word_1_458' title='bbox 260 1562 332 1589; x_wconf 80' lang='lat' dir='ltr'><strong>illaut</strong></span> <span class='ocrx_word' id='word_1_459' title='bbox 343 1564 566 1599; x_wconf 83' lang='lat' dir='ltr'><strong>dehonestemus,</strong></span> <span class='ocrx_word' id='word_1_460' title='bbox 577 1567 678 1601; x_wconf 88' lang='lat' dir='ltr'><strong>quibus</strong></span> <span class='ocrx_word' id='word_1_461' title='bbox 692 1575 753 1594; x_wconf 86' lang='lat' dir='ltr'><strong>eam</strong></span> <span class='ocrx_word' id='word_1_462' title='bbox 766 1575 857 1595; x_wconf 84' lang='lat' dir='ltr'><strong>amore</strong></span> <span class='ocrx_word' id='word_1_463' title='bbox 874 1568 1000 1603; x_wconf 87' lang='lat' dir='ltr'><strong>prosequi</strong></span> 
     </span>
    </p>
   </div>
   <div class='ocr_carea' id='block_1_62' title="bbox 1049 1559 1837 1607">
    <p class='ocr_par' dir='ltr' id='par_1_62' title="bbox 1053 1559 1837 1600">
     <span class='ocr_line' id='line_1_62' title="bbox 1053 1559 1837 1600; baseline -0.011 -7"><span class='ocrx_word' id='word_1_464' title='bbox 1053 1565 1234 1598; x_wconf 75' lang='grc' dir='ltr'><strong>ἁναλαῆοὖσα,</strong></span> <span class='ocrx_word' id='word_1_465' title='bbox 1251 1565 1318 1600; x_wconf 81' lang='grc' dir='ltr'>πρὸς</span> <span class='ocrx_word' id='word_1_466' title='bbox 1333 1565 1435 1591; x_wconf 81' lang='grc' dir='ltr'><strong>ἐκεῖνον</strong></span> <span class='ocrx_word' id='word_1_467' title='bbox 1454 1563 1484 1590; x_wconf 85' lang='grc' dir='ltr'><strong>οὑ</strong></span> <span class='ocrx_word' id='word_1_468' title='bbox 1503 1563 1597 1597; x_wconf 75' lang='grc' dir='ltr'><strong>λήγεις</strong></span> <span class='ocrx_word' id='word_1_469' title='bbox 1619 1559 1837 1595; x_wconf 74' lang='grc' dir='ltr'><strong>ἐπιστρεφομένη</strong></span> 
     </span>
    </p>
   </div>
   <div class='ocr_carea' id='block_1_63' title="bbox 212 1606 1012 1648">
    <p class='ocr_par' dir='ltr' id='par_1_63' title="bbox 212 1606 996 1648">
     <span class='ocr_line' id='line_1_63' title="bbox 212 1606 996 1648; baseline 0.01 -15"><span class='ocrx_word' id='word_1_470' title='bbox 212 1606 298 1635; x_wconf 89' lang='lat' dir='ltr'><strong>videri</strong></span> <span class='ocrx_word' id='word_1_471' title='bbox 328 1609 452 1638; x_wconf 89' lang='lat' dir='ltr'><strong>volumus</strong></span> <span class='ocrx_word' id='word_1_472' title='bbox 468 1620 474 1638; x_wconf 91' lang='lat'><strong>:</strong></span> <span class='ocrx_word' id='word_1_473' title='bbox 489 1611 613 1646; x_wconf 84' lang='lat' dir='ltr'><strong>planctus</strong></span> <span class='ocrx_word' id='word_1_474' title='bbox 625 1612 779 1640; x_wconf 87' lang='lat' dir='ltr'><strong>convicium</strong></span> <span class='ocrx_word' id='word_1_475' title='bbox 793 1612 846 1639; x_wconf 89' lang='lat' dir='ltr'><strong>illis</strong></span> <span class='ocrx_word' id='word_1_476' title='bbox 860 1612 934 1646; x_wconf 80' lang='lat' dir='ltr'><strong>facit,</strong></span> <span class='ocrx_word' id='word_1_477' title='bbox 950 1615 996 1648; x_wconf 94' lang='lat' dir='ltr'><strong>qui</strong></span> 
     </span>
    </p>
   </div>
   <div class='ocr_carea' id='block_1_64' title="bbox 1049 1606 1280 1648">
    <p class='ocr_par' dir='ltr' id='par_1_64' title="bbox 1051 1612 1280 1644">
     <span class='ocr_line' id='line_1_64' title="bbox 1051 1612 1280 1644; baseline -0.009 -4"><span class='ocrx_word' id='word_1_478' title='bbox 1051 1613 1097 1640; x_wconf 76' lang='grc' dir='ltr'><strong>καὶ</strong></span> <span class='ocrx_word' id='word_1_479' title='bbox 1109 1612 1280 1644; x_wconf 77' lang='grc' dir='ltr'><strong>ἁτενίζουσα.</strong></span> 
     </span>
    </p>
   </div>
   <div class='ocr_carea' id='block_1_65' title="bbox 213 1651 1839 1693">
    <p class='ocr_par' dir='ltr' id='par_1_65' title="bbox 213 1651 1839 1693">
     <span class='ocr_line' id='line_1_65' title="bbox 213 1651 1839 1693; baseline -0.001 -12"><span class='ocrx_word' id='word_1_480' title='bbox 213 1653 339 1682; x_wconf 73' lang='grc' dir='ltr'><strong>εωιοειοε</strong></span> <span class='ocrx_word' id='word_1_481' title='bbox 354 1655 485 1684; x_wconf 82' lang='lat' dir='ltr'><strong>thalamos</strong></span> <span class='ocrx_word' id='word_1_482' title='bbox 507 1657 629 1685; x_wconf 89' lang='lat' dir='ltr'><strong>incolunt</strong></span> <span class='ocrx_word' id='word_1_483' title='bbox 645 1666 652 1691; x_wconf 89' lang='lat'><strong>;</strong></span> <span class='ocrx_word' id='word_1_484' title='bbox 670 1658 793 1693; x_wconf 64' lang='lat' dir='ltr'><strong>lacryma:</strong></span> <span class='ocrx_word' id='word_1_485' title='bbox 819 1658 1002 1687; x_wconf 83' lang='lat' dir='ltr'><strong>convitiantur</strong></span> <span class='ocrx_word' id='word_1_486' title='bbox 1019 1661 1100 1688; x_wconf 84' lang='lat' dir='ltr'><strong>beato</strong></span> <span class='ocrx_word' id='word_1_487' title='bbox 1117 1660 1222 1686; x_wconf 91' lang='lat' dir='ltr'><strong>illorum</strong></span> <span class='ocrx_word' id='word_1_488' title='bbox 1235 1657 1337 1691; x_wconf 84' lang='lat' dir='ltr'><strong>statui;</strong></span> <span class='ocrx_word' id='word_1_489' title='bbox 1353 1657 1387 1685; x_wconf 88' lang='lat' dir='ltr'><strong>de</strong></span> <span class='ocrx_word' id='word_1_490' title='bbox 1401 1656 1530 1684; x_wconf 77' lang='lat' dir='ltr'><strong>iruitione</strong></span> <span class='ocrx_word' id='word_1_491' title='bbox 1542 1655 1677 1683; x_wconf 85' lang='lat' dir='ltr'><strong>dubitant.</strong></span> <span class='ocrx_word' id='word_1_492' title='bbox 1707 1653 1755 1688; x_wconf 89' lang='lat' dir='ltr'><strong>qui</strong></span> <span class='ocrx_word' id='word_1_493' title='bbox 1788 1651 1839 1678; x_wconf 88' lang='lat' dir='ltr'><strong>dn-</strong></span> 
     </span>
    </p>
   </div>
   <div class='ocr_carea' id='block_1_66' title="bbox 213 1699 1841 1740">
    <p class='ocr_par' dir='ltr' id='par_1_66' title="bbox 213 1699 1841 1740">
     <span class='ocr_line' id='line_1_66' title="bbox 213 1699 1841 1740; baseline 0 -14"><span class='ocrx_word' id='word_1_494' title='bbox 213 1700 300 1727; x_wconf 87' lang='lat' dir='ltr'><strong>bitant</strong></span> <span class='ocrx_word' id='word_1_495' title='bbox 316 1701 350 1728; x_wconf 89' lang='lat' dir='ltr'><strong>de</strong></span> <span class='ocrx_word' id='word_1_496' title='bbox 367 1704 577 1737; x_wconf 82' lang='lat' dir='ltr'><strong>resurrectione,</strong></span> <span class='ocrx_word' id='word_1_497' title='bbox 601 1713 635 1732; x_wconf 89' lang='lat' dir='ltr'><strong>ne</strong></span> <span class='ocrx_word' id='word_1_498' title='bbox 649 1705 737 1732; x_wconf 92' lang='lat' dir='ltr'><strong>dicam</strong></span> <span class='ocrx_word' id='word_1_499' title='bbox 750 1705 796 1740; x_wconf 88' lang='lat' dir='ltr'><strong>qui</strong></span> <span class='ocrx_word' id='word_1_500' title='bbox 811 1706 919 1733; x_wconf 90' lang='lat' dir='ltr'><strong>tollunt.</strong></span> <span class='ocrx_word' id='word_1_501' title='bbox 940 1706 997 1734; x_wconf 82' lang='lat' dir='ltr'><strong>Hoc</strong></span> <span class='ocrx_word' id='word_1_502' title='bbox 1017 1712 1045 1735; x_wconf 81' lang='lat' dir='ltr'><strong>tu</strong></span> <span class='ocrx_word' id='word_1_503' title='bbox 1061 1707 1213 1738; x_wconf 81' lang='lat' dir='ltr'><strong>ruminans,</strong></span> <span class='ocrx_word' id='word_1_504' title='bbox 1230 1710 1258 1733; x_wconf 91' lang='lat' dir='ltr'><strong>et</strong></span> <span class='ocrx_word' id='word_1_505' title='bbox 1270 1705 1361 1733; x_wconf 86' lang='lat' dir='ltr'><strong>sobrio</strong></span> <span class='ocrx_word' id='word_1_506' title='bbox 1372 1709 1453 1739; x_wconf 85' lang='lat' dir='ltr'><strong>atque</strong></span> <span class='ocrx_word' id='word_1_507' title='bbox 1466 1703 1606 1738; x_wconf 81' lang='lat' dir='ltr'><strong>jejunante</strong></span> <span class='ocrx_word' id='word_1_508' title='bbox 1641 1701 1714 1728; x_wconf 89' lang='lat' dir='ltr'><strong>velut</strong></span> <span class='ocrx_word' id='word_1_509' title='bbox 1748 1699 1841 1726; x_wconf 87' lang='lat' dir='ltr'><strong>animo</strong></span> 
     </span>
    </p>
   </div>
   <div class='ocr_carea' id='block_1_67' title="bbox 213 1747 1842 1789">
    <p class='ocr_par' dir='ltr' id='par_1_67' title="bbox 213 1747 1842 1789">
     <span class='ocr_line' id='line_1_67' title="bbox 213 1747 1842 1789; baseline -0.002 -14"><span class='ocrx_word' id='word_1_510' title='bbox 213 1750 397 1783; x_wconf 83' lang='lat' dir='ltr'><strong>perpendens,</strong></span> <span class='ocrx_word' id='word_1_511' title='bbox 417 1758 514 1779; x_wconf 85' lang='lat' dir='ltr'><strong>amove</strong></span> <span class='ocrx_word' id='word_1_512' title='bbox 531 1752 646 1786; x_wconf 89' lang='lat' dir='ltr'><strong>luctum,</strong></span> <span class='ocrx_word' id='word_1_513' title='bbox 663 1753 781 1780; x_wconf 74' lang='lat' dir='ltr'><strong>laetitiam</strong></span> <span class='ocrx_word' id='word_1_514' title='bbox 800 1754 933 1788; x_wconf 83' lang='lat' dir='ltr'><strong>exprime,</strong></span> <span class='ocrx_word' id='word_1_515' title='bbox 954 1755 1108 1789; x_wconf 88' lang='lat' dir='ltr'><strong>passionem</strong></span> <span class='ocrx_word' id='word_1_516' title='bbox 1133 1754 1205 1782; x_wconf 86' lang='lat' dir='ltr'><strong>hanc</strong></span> <span class='ocrx_word' id='word_1_517' title='bbox 1239 1753 1344 1785; x_wconf 82' lang='lat' dir='ltr'><strong>abdica,</strong></span> <span class='ocrx_word' id='word_1_518' title='bbox 1362 1752 1458 1784; x_wconf 82' lang='lat' dir='ltr'><strong>lessus,</strong></span> <span class='ocrx_word' id='word_1_519' title='bbox 1492 1751 1621 1781; x_wconf 82' lang='lat' dir='ltr'><strong>lamenta,</strong></span> <span class='ocrx_word' id='word_1_520' title='bbox 1655 1748 1775 1778; x_wconf 86' lang='lat' dir='ltr'><strong>dolores,</strong></span> <span class='ocrx_word' id='word_1_521' title='bbox 1802 1747 1842 1773; x_wconf 82' lang='lat' dir='ltr'><strong>la-</strong></span> 
     </span>
    </p>
   </div>
   <div class='ocr_carea' id='block_1_68' title="bbox 213 1793 1846 1835">
    <p class='ocr_par' dir='ltr' id='par_1_68' title="bbox 213 1793 1846 1835">
     <span class='ocr_line' id='line_1_68' title="bbox 213 1793 1846 1835; baseline -0.001 -14"><span class='ocrx_word' id='word_1_522' title='bbox 213 1802 328 1830; x_wconf 86' lang='lat' dir='ltr'><strong>crymas.</strong></span> <span class='ocrx_word' id='word_1_523' title='bbox 343 1795 400 1824; x_wconf 89' lang='lat' dir='ltr'><strong>lloc</strong></span> <span class='ocrx_word' id='word_1_524' title='bbox 407 1797 517 1830; x_wconf 74' lang='lat' dir='ltr'><strong>efﬁcies,</strong></span> <span class='ocrx_word' id='word_1_525' title='bbox 534 1807 595 1826; x_wconf 91' lang='lat' dir='ltr'><strong>cum</strong></span> <span class='ocrx_word' id='word_1_526' title='bbox 611 1800 644 1826; x_wconf 83' lang='lat' dir='ltr'><strong>ad</strong></span> <span class='ocrx_word' id='word_1_527' title='bbox 659 1807 690 1826; x_wconf 85' lang='lat' dir='ltr'><strong>ea</strong></span> <span class='ocrx_word' id='word_1_528' title='bbox 705 1808 766 1834; x_wconf 66' lang='lat' dir='ltr'><strong>qum</strong></span> <span class='ocrx_word' id='word_1_529' title='bbox 780 1800 900 1828; x_wconf 83' lang='lat' dir='ltr'><strong>diximus</strong></span> <span class='ocrx_word' id='word_1_530' title='bbox 914 1801 1088 1832; x_wconf 81' lang='lat' dir='ltr'><strong>attendeudo,</strong></span> <span class='ocrx_word' id='word_1_531' title='bbox 1117 1805 1143 1828; x_wconf 90' lang='lat' dir='ltr'><strong>et</strong></span> <span class='ocrx_word' id='word_1_532' title='bbox 1158 1800 1290 1835; x_wconf 89' lang='lat' dir='ltr'><strong>imprimis</strong></span> <span class='ocrx_word' id='word_1_533' title='bbox 1305 1799 1328 1827; x_wconf 92' lang='lat' dir='ltr'><strong>si</strong></span> <span class='ocrx_word' id='word_1_534' title='bbox 1354 1804 1379 1826; x_wconf 86' lang='lat' dir='ltr'><strong>te</strong></span> <span class='ocrx_word' id='word_1_535' title='bbox 1397 1799 1516 1826; x_wconf 89' lang='lat' dir='ltr'><strong>abducas</strong></span> <span class='ocrx_word' id='word_1_536' title='bbox 1527 1797 1635 1832; x_wconf 90' lang='lat' dir='ltr'><strong>penitus</strong></span> <span class='ocrx_word' id='word_1_537' title='bbox 1665 1795 1699 1822; x_wconf 88' lang='lat' dir='ltr'><strong>ab</strong></span> <span class='ocrx_word' id='word_1_538' title='bbox 1713 1793 1846 1821; x_wconf 83' lang='lat' dir='ltr'><strong>omnibus</strong></span> 
     </span>
    </p>
   </div>
   <div class='ocr_carea' id='block_1_69' title="bbox 214 1839 1843 1881">
    <p class='ocr_par' dir='ltr' id='par_1_69' title="bbox 214 1839 1843 1881">
     <span class='ocr_line' id='line_1_69' title="bbox 214 1839 1843 1881; baseline -0.001 -13"><span class='ocrx_word' id='word_1_539' title='bbox 214 1842 285 1874; x_wconf 88' lang='lat' dir='ltr'><strong>aliis,</strong></span> <span class='ocrx_word' id='word_1_540' title='bbox 299 1842 470 1871; x_wconf 85' lang='lat' dir='ltr'><strong>solummodo</strong></span> <span class='ocrx_word' id='word_1_541' title='bbox 481 1844 514 1871; x_wconf 85' lang='lat' dir='ltr'><strong>ad</strong></span> <span class='ocrx_word' id='word_1_542' title='bbox 525 1845 719 1872; x_wconf 88' lang='lat' dir='ltr'><strong>beatumillum</strong></span> <span class='ocrx_word' id='word_1_543' title='bbox 729 1846 922 1873; x_wconf 86' lang='lat' dir='ltr'><strong>etduraturum</strong></span> <span class='ocrx_word' id='word_1_544' title='bbox 936 1854 1043 1881; x_wconf 87' lang='lat' dir='ltr'><strong>semper</strong></span> <span class='ocrx_word' id='word_1_545' title='bbox 1056 1853 1176 1874; x_wconf 89' lang='lat' dir='ltr'><strong>amorem</strong></span> <span class='ocrx_word' id='word_1_546' title='bbox 1188 1845 1301 1878; x_wconf 79' lang='lat' dir='ltr'><strong>Christi,</strong></span> <span class='ocrx_word' id='word_1_547' title='bbox 1313 1843 1450 1880; x_wconf 87' lang='lat' dir='ltr'><strong>purissimi</strong></span> <span class='ocrx_word' id='word_1_548' title='bbox 1463 1843 1534 1870; x_wconf 88' lang='lat' dir='ltr'><strong>illius</strong></span> <span class='ocrx_word' id='word_1_549' title='bbox 1547 1847 1575 1869; x_wconf 89' lang='lat' dir='ltr'><strong>et</strong></span> <span class='ocrx_word' id='word_1_550' title='bbox 1585 1840 1719 1876; x_wconf 89' lang='lat' dir='ltr'><strong>impolluti</strong></span> <span class='ocrx_word' id='word_1_551' title='bbox 1731 1839 1843 1875; x_wconf 89' lang='lat' dir='ltr'><strong>sponsi,</strong></span> 
     </span>
    </p>
   </div>
   <div class='ocr_carea' id='block_1_70' title="bbox 214 1888 1680 1927">
    <p class='ocr_par' dir='ltr' id='par_1_70' title="bbox 214 1888 1680 1927">
     <span class='ocr_line' id='line_1_70' title="bbox 214 1888 1680 1927; baseline 0.001 -13"><span class='ocrx_word' id='word_1_552' title='bbox 214 1888 349 1923; x_wconf 71' lang='lat' dir='ltr'><strong>integrum</strong></span> <span class='ocrx_word' id='word_1_553' title='bbox 367 1890 473 1926; x_wconf 78' lang='lat' dir='ltr'><strong>integre</strong></span> <span class='ocrx_word' id='word_1_554' title='bbox 488 1895 659 1927; x_wconf 87' lang='lat' dir='ltr'><strong>assumptum</strong></span> <span class='ocrx_word' id='word_1_555' title='bbox 669 1896 824 1925; x_wconf 84' lang='lat' dir='ltr'><strong>convertas,</strong></span> <span class='ocrx_word' id='word_1_556' title='bbox 840 1896 868 1919; x_wconf 90' lang='lat' dir='ltr'><strong>et</strong></span> <span class='ocrx_word' id='word_1_557' title='bbox 896 1899 1068 1927; x_wconf 83' lang='lat' dir='ltr'><strong>nequaquam</strong></span> <span class='ocrx_word' id='word_1_558' title='bbox 1097 1891 1206 1920; x_wconf 87' lang='lat' dir='ltr'><strong>desinas</strong></span> <span class='ocrx_word' id='word_1_559' title='bbox 1233 1891 1274 1919; x_wconf 85' lang='lat' dir='ltr'><strong>sic</strong></span> <span class='ocrx_word' id='word_1_560' title='bbox 1300 1898 1431 1919; x_wconf 85' lang='lat' dir='ltr'><strong>conversa</strong></span> <span class='ocrx_word' id='word_1_561' title='bbox 1451 1890 1527 1917; x_wconf 92' lang='lat' dir='ltr'><strong>illum</strong></span> <span class='ocrx_word' id='word_1_562' title='bbox 1541 1888 1680 1917; x_wconf 84' lang='lat' dir='ltr'><strong>anhelare.</strong></span> 
     </span>
    </p>
   </div>
   <div class='ocr_carea' id='block_1_71' title="bbox 629 2067 1399 2109">
    <p class='ocr_par' dir='ltr' id='par_1_71' title="bbox 629 2067 1399 2109">
     <span class='ocr_line' id='line_1_71' title="bbox 629 2067 1399 2109; baseline -0.001 -2"><span class='ocrx_word' id='word_1_563' title='bbox 629 2069 893 2109; x_wconf 66' lang='lat' dir='ltr'><strong>FRANCISCI</strong></span> <span class='ocrx_word' id='word_1_564' title='bbox 933 2069 1107 2108; x_wconf 82' lang='lat' dir='ltr'><strong>SCORSI</strong></span> <span class='ocrx_word' id='word_1_565' title='bbox 1149 2067 1399 2108; x_wconf 87' lang='lat' dir='ltr'><strong>MONITUM</strong></span> 
     </span>
    </p>
   </div>
   <div class='ocr_carea' id='block_1_72' title="bbox 782 2156 1281 2191">
    <p class='ocr_par' dir='ltr' id='par_1_72' title="bbox 782 2156 1281 2191">
     <span class='ocr_line' id='line_1_72' title="bbox 782 2156 1281 2191; baseline -0.004 -6"><span class='ocrx_word' id='word_1_566' title='bbox 782 2157 814 2185; x_wconf 87' lang='lat' dir='ltr'><strong>IN</strong></span> <span class='ocrx_word' id='word_1_567' title='bbox 843 2157 1054 2191; x_wconf 84' lang='lat' dir='ltr'><strong>SEQUENTEM</strong></span> <span class='ocrx_word' id='word_1_568' title='bbox 1077 2156 1281 2184; x_wconf 83' lang='lat' dir='ltr'><strong>EPISTOLAM.</strong></span> 
     </span>
    </p>
   </div>
   <div class='ocr_carea' id='block_1_73' title="bbox 671 2235 1387 2275">
    <p class='ocr_par' dir='ltr' id='par_1_73' title="bbox 671 2235 1387 2275">
     <span class='ocr_line' id='line_1_73' title="bbox 671 2235 1387 2275; baseline -0.006 -9"><span class='ocrx_word' id='word_1_569' title='bbox 671 2238 721 2273; x_wconf 84' lang='lat' dir='ltr'><strong>(Ex</strong></span> <span class='ocrx_word' id='word_1_570' title='bbox 732 2240 892 2275; x_wconf 79' lang='lat' dir='ltr'><strong>praefatione</strong></span> <span class='ocrx_word' id='word_1_571' title='bbox 907 2239 942 2267; x_wconf 91' lang='lat' dir='ltr'><strong>ad</strong></span> <span class='ocrx_word' id='word_1_572' title='bbox 955 2247 1038 2275; x_wconf 83' lang='lat' dir='ltr'><strong>opera</strong></span> <span class='ocrx_word' id='word_1_573' title='bbox 1051 2239 1228 2275; x_wconf 86' lang='lat' dir='ltr'><strong>Theophanis</strong></span> <span class='ocrx_word' id='word_1_574' title='bbox 1241 2235 1387 2270; x_wconf 87' lang='lat' dir='ltr'><strong>Ceramci.)</strong></span> 
     </span>
    </p>
   </div>
   <div class='ocr_carea' id='block_1_74' title="bbox 255 2301 1863 2342">
    <p class='ocr_par' dir='ltr' id='par_1_74' title="bbox 255 2301 1863 2342">
     <span class='ocr_line' id='line_1_74' title="bbox 255 2301 1863 2342; baseline -0.003 -8"><span class='ocrx_word' id='word_1_575' title='bbox 255 2307 348 2335; x_wconf 87' lang='lat' dir='ltr'><strong>Habeo</strong></span> <span class='ocrx_word' id='word_1_576' title='bbox 364 2306 391 2334; x_wconf 93' lang='lat' dir='ltr'><strong>in</strong></span> <span class='ocrx_word' id='word_1_577' title='bbox 404 2307 473 2335; x_wconf 88' lang='lat' dir='ltr'><strong>meis</strong></span> <span class='ocrx_word' id='word_1_578' title='bbox 482 2306 667 2335; x_wconf 91' lang='lat' dir='ltr'><strong>monumentis</strong></span> <span class='ocrx_word' id='word_1_579' title='bbox 680 2315 695 2334; x_wconf 89' lang='lat' dir='ltr'><strong>a</strong></span> <span class='ocrx_word' id='word_1_580' title='bbox 711 2308 743 2334; x_wconf 91' lang='lat' dir='ltr'>P.</span> <span class='ocrx_word' id='word_1_581' title='bbox 758 2307 870 2336; x_wconf 86' lang='lat' dir='ltr'><strong>Octavio</strong></span> <span class='ocrx_word' id='word_1_582' title='bbox 884 2307 1004 2335; x_wconf 84' lang='lat' dir='ltr'><strong>Caetano</strong></span> <span class='ocrx_word' id='word_1_583' title='bbox 1018 2308 1138 2336; x_wconf 80' lang='lat' dir='ltr'><strong>collectis</strong></span> <span class='ocrx_word' id='word_1_584' title='bbox 1150 2306 1291 2342; x_wconf 85' lang='lat' dir='ltr'><strong>epistolam</strong></span> <span class='ocrx_word' id='word_1_585' title='bbox 1304 2304 1395 2342; x_wconf 70' lang='lat' dir='ltr'><strong>Photii</strong></span> <span class='ocrx_word' id='word_1_586' title='bbox 1411 2303 1520 2330; x_wconf 87' lang='lat' dir='ltr'><strong>missam</strong></span> <span class='ocrx_word' id='word_1_587' title='bbox 1533 2301 1694 2342; x_wconf 82' lang='lat' dir='ltr'><strong>Theophani</strong></span> <span class='ocrx_word' id='word_1_588' title='bbox 1710 2303 1863 2342; x_wconf 50' lang='lat' dir='ltr'><strong>monacho</strong></span> 
     </span>
    </p>
   </div>
   <div class='ocr_carea' id='block_1_75' title="bbox 218 2338 1865 2376">
    <p class='ocr_par' dir='ltr' id='par_1_75' title="bbox 218 2338 1865 2376">
     <span class='ocr_line' id='line_1_75' title="bbox 218 2338 1865 2376; baseline -0.002 -6"><span class='ocrx_word' id='word_1_589' title='bbox 218 2342 313 2370; x_wconf 66' lang='lat' dir='ltr'><strong>Graece</strong></span> <span class='ocrx_word' id='word_1_590' title='bbox 332 2343 460 2376; x_wconf 79' lang='lat' dir='ltr'><strong>scriptam</strong></span> <span class='ocrx_word' id='word_1_591' title='bbox 487 2351 569 2370; x_wconf 89' lang='lat' dir='ltr'><strong>manu</strong></span> <span class='ocrx_word' id='word_1_592' title='bbox 583 2343 614 2369; x_wconf 86' lang='lat' dir='ltr'>P.</span> <span class='ocrx_word' id='word_1_593' title='bbox 631 2342 724 2370; x_wconf 80' lang='lat' dir='ltr'><strong>Jacobi</strong></span> <span class='ocrx_word' id='word_1_594' title='bbox 741 2343 878 2370; x_wconf 88' lang='lat' dir='ltr'><strong>Sirmondi</strong></span> <span class='ocrx_word' id='word_1_595' title='bbox 889 2349 916 2370; x_wconf 93' lang='lat' dir='ltr'><strong>et</strong></span> <span class='ocrx_word' id='word_1_596' title='bbox 940 2343 1036 2371; x_wconf 87' lang='lat' dir='ltr'><strong>Latine</strong></span> <span class='ocrx_word' id='word_1_597' title='bbox 1051 2344 1086 2371; x_wconf 90' lang='lat' dir='ltr'><strong>ab</strong></span> <span class='ocrx_word' id='word_1_598' title='bbox 1097 2351 1129 2371; x_wconf 89' lang='lat' dir='ltr'><strong>eo</strong></span> <span class='ocrx_word' id='word_1_599' title='bbox 1140 2338 1284 2375; x_wconf 70' lang='lat' dir='ltr'><strong>redditam,</strong></span> <span class='ocrx_word' id='word_1_600' title='bbox 1297 2340 1495 2375; x_wconf 83' lang='lat' dir='ltr'><strong>depromptam,</strong></span> <span class='ocrx_word' id='word_1_601' title='bbox 1515 2342 1543 2365; x_wconf 86' lang='lat' dir='ltr'><strong>ut</strong></span> <span class='ocrx_word' id='word_1_602' title='bbox 1558 2338 1662 2373; x_wconf 87' lang='lat' dir='ltr'><strong>judico,</strong></span> <span class='ocrx_word' id='word_1_603' title='bbox 1682 2345 1718 2365; x_wconf 80' lang='lat' dir='ltr'><strong>ex</strong></span> <span class='ocrx_word' id='word_1_604' title='bbox 1748 2339 1865 2366; x_wconf 82' lang='lat' dir='ltr'><strong>Bibli0~</strong></span> 
     </span>
    </p>
   </div>
   <div class='ocr_carea' id='block_1_76' title="bbox 219 2377 929 2414">
    <p class='ocr_par' dir='ltr' id='par_1_76' title="bbox 219 2377 929 2414">
     <span class='ocr_line' id='line_1_76' title="bbox 219 2377 929 2414; baseline 0 -9"><span class='ocrx_word' id='word_1_605' title='bbox 219 2378 298 2406; x_wconf 89' lang='lat' dir='ltr'><strong>theca</strong></span> <span class='ocrx_word' id='word_1_606' title='bbox 312 2377 457 2405; x_wconf 85' lang='lat' dir='ltr'><strong>cardiualis</strong></span> <span class='ocrx_word' id='word_1_607' title='bbox 476 2377 589 2410; x_wconf 85' lang='lat' dir='ltr'><strong>Sirletti,</strong></span> <span class='ocrx_word' id='word_1_608' title='bbox 610 2385 685 2406; x_wconf 79' lang='lat' dir='ltr'><strong>nunc</strong></span> <span class='ocrx_word' id='word_1_609' title='bbox 701 2378 778 2406; x_wconf 88' lang='lat' dir='ltr'><strong>ducis</strong></span> <span class='ocrx_word' id='word_1_610' title='bbox 796 2379 929 2414; x_wconf 90' lang='lat' dir='ltr'><strong>Altemps.</strong></span> 
     </span>
    </p>
   </div>
   <div class='ocr_carea' id='block_1_77' title="bbox 1361 2463 1549 2492">
    <p class='ocr_par' dir='ltr' id='par_1_77' title="bbox 1361 2463 1549 2492">
     <span class='ocr_line' id='line_1_77' title="bbox 1361 2463 1549 2492; baseline -0.011 0"><span class='ocrx_word' id='word_1_611' title='bbox 1361 2463 1473 2492; x_wconf 86' lang='grc' dir='ltr'><strong>ΕΠΙΣΤ.</strong></span> <span class='ocrx_word' id='word_1_612' title='bbox 1488 2464 1549 2490; x_wconf 86' lang='lat' dir='ltr'><strong>PB&#39;.</strong></span> 
     </span>
    </p>
   </div>
   <div class='ocr_carea' id='block_1_78' title="bbox 1295 2509 1609 2546">
    <p class='ocr_par' dir='ltr' id='par_1_78' title="bbox 1295 2509 1609 2546">
     <span class='ocr_line' id='line_1_78' title="bbox 1295 2509 1609 2546; baseline -0.016 -7"><span class='ocrx_word' id='word_1_613' title='bbox 1295 2510 1432 2546; x_wconf 64' lang='grc' dir='ltr'><strong>Θεοφάνη</strong></span> <span class='ocrx_word' id='word_1_614' title='bbox 1442 2509 1609 2545; x_wconf 79' lang='grc' dir='ltr'><strong>μονάζοντι.</strong></span> 
     </span>
    </p>
   </div>
   <div class='ocr_carea' id='block_1_79' title="bbox 522 2467 1051 2499">
    <p class='ocr_par' dir='ltr' id='par_1_79' title="bbox 522 2467 1051 2499">
     <span class='ocr_line' id='line_1_79' title="bbox 522 2467 1051 2499; baseline 0.006 -3"><span class='ocrx_word' id='word_1_615' title='bbox 522 2468 632 2497; x_wconf 83' lang='lat' dir='ltr'><strong>EPIST.</strong></span> <span class='ocrx_word' id='word_1_616' title='bbox 658 2467 712 2497; x_wconf 79' lang='lat' dir='ltr'><strong>Cll.</strong></span> <span class='ocrx_word' id='word_1_617' title='bbox 1028 2471 1051 2499; x_wconf 88' lang='lat' dir='ltr'><strong>D</strong></span> 
     </span>
    </p>
   </div>
   <div class='ocr_carea' id='block_1_80' title="bbox 465 2514 772 2550">
    <p class='ocr_par' dir='ltr' id='par_1_80' title="bbox 465 2514 772 2550">
     <span class='ocr_line' id='line_1_80' title="bbox 465 2514 772 2550; baseline 0 -8"><span class='ocrx_word' id='word_1_618' title='bbox 465 2514 613 2550; x_wconf 80' lang='lat' dir='ltr'><strong>Theophani</strong></span> <span class='ocrx_word' id='word_1_619' title='bbox 635 2515 772 2542; x_wconf 82' lang='lat' dir='ltr'><strong>monac/to.</strong></span> 
     </span>
    </p>
   </div>
   <div class='ocr_carea' id='block_1_81' title="bbox 392 2564 1680 2601">
    <p class='ocr_par' dir='ltr' id='par_1_81' title="bbox 392 2564 1680 2601">
     <span class='ocr_line' id='line_1_81' title="bbox 392 2564 1680 2601; baseline -0.005 -7"><span class='ocrx_word' id='word_1_620' title='bbox 392 2569 464 2595; x_wconf 80' lang='lat' dir='ltr'><strong>Edita</strong></span> <span class='ocrx_word' id='word_1_621' title='bbox 478 2577 491 2595; x_wconf 88' lang='lat' dir='ltr'><strong>a</strong></span> <span class='ocrx_word' id='word_1_622' title='bbox 506 2571 640 2596; x_wconf 85' lang='lat' dir='ltr'><strong>Francisco</strong></span> <span class='ocrx_word' id='word_1_623' title='bbox 652 2570 741 2595; x_wconf 86' lang='lat' dir='ltr'><strong>Scorso</strong></span> <span class='ocrx_word' id='word_1_624' title='bbox 757 2570 784 2595; x_wconf 91' lang='lat' dir='ltr'><strong>in</strong></span> <span class='ocrx_word' id='word_1_625' title='bbox 798 2569 944 2594; x_wconf 70' lang='lat' dir='ltr'><strong>Prmfatione</strong></span> <span class='ocrx_word' id='word_1_626' title='bbox 955 2570 985 2595; x_wconf 87' lang='lat' dir='ltr'><strong>ad</strong></span> <span class='ocrx_word' id='word_1_627' title='bbox 999 2570 1082 2601; x_wconf 76' lang='lat' dir='ltr'><strong>Dpera</strong></span> <span class='ocrx_word' id='word_1_628' title='bbox 1097 2569 1256 2601; x_wconf 81' lang='lat' dir='ltr'><strong>Theophanis</strong></span> <span class='ocrx_word' id='word_1_629' title='bbox 1270 2567 1382 2594; x_wconf 65' lang='grc' dir='ltr'><strong>(Σενοωεὶ</strong></span> <span class='ocrx_word' id='word_1_630' title='bbox 1400 2566 1491 2599; x_wconf 78' lang='lat' dir='ltr'><strong>(tu-fol.</strong></span> <span class='ocrx_word' id='word_1_631' title='bbox 1505 2566 1582 2590; x_wconf 85' lang='lat' dir='ltr'><strong>Paris.</strong></span> <span class='ocrx_word' id='word_1_632' title='bbox 1596 2564 1680 2595; x_wconf 73' lang='lat' dir='ltr'><strong>16H).</strong></span> 
     </span>
    </p>
   </div>
   <div class='ocr_carea' id='block_1_82' title="bbox 259 2615 1012 2655">
    <p class='ocr_par' dir='ltr' id='par_1_82' title="bbox 259 2621 1012 2655">
     <span class='ocr_line' id='line_1_82' title="bbox 259 2621 1012 2655; baseline 0 -6"><span class='ocrx_word' id='word_1_633' title='bbox 259 2621 288 2649; x_wconf 85' lang='lat' dir='ltr'><strong>Si</strong></span> <span class='ocrx_word' id='word_1_634' title='bbox 313 2625 341 2649; x_wconf 89' lang='lat' dir='ltr'><strong>te</strong></span> <span class='ocrx_word' id='word_1_635' title='bbox 369 2622 531 2650; x_wconf 86' lang='lat' dir='ltr'><strong>humilitatis</strong></span> <span class='ocrx_word' id='word_1_636' title='bbox 544 2626 647 2650; x_wconf 60' lang='lat' dir='ltr'><strong>nostrae</strong></span> <span class='ocrx_word' id='word_1_637' title='bbox 660 2622 757 2650; x_wconf 68' lang='lat' dir='ltr'><strong>litterae</strong></span> <span class='ocrx_word' id='word_1_638' title='bbox 779 2622 926 2655; x_wconf 88' lang='lat' dir='ltr'><strong>delectant,</strong></span> <span class='ocrx_word' id='word_1_639' title='bbox 951 2630 1012 2649; x_wconf 88' lang='lat' dir='ltr'><strong>rur-</strong></span> 
     </span>
    </p>
   </div>
   <div class='ocr_carea' id='block_1_83' title="bbox 1049 2615 1877 2655">
    <p class='ocr_par' dir='ltr' id='par_1_83' title="bbox 1096 2615 1877 2655">
     <span class='ocr_line' id='line_1_83' title="bbox 1096 2615 1877 2655; baseline -0.01 -7"><span class='ocrx_word' id='word_1_640' title='bbox 1096 2621 1128 2648; x_wconf 84' lang='grc' dir='ltr'><strong>Εῑ</strong></span> <span class='ocrx_word' id='word_1_641' title='bbox 1140 2621 1181 2647; x_wconf 63' lang='grc' dir='ltr'><strong>σοὶ¹</strong></span> <span class='ocrx_word' id='word_1_642' title='bbox 1192 2620 1268 2655; x_wconf 82' lang='grc' dir='ltr'>φίλον</span> <span class='ocrx_word' id='word_1_643' title='bbox 1285 2619 1315 2646; x_wconf 83' lang='grc' dir='ltr'><strong>τὸ</strong></span> <span class='ocrx_word' id='word_1_644' title='bbox 1327 2619 1396 2655; x_wconf 79' lang='grc' dir='ltr'><strong>πρὸς</strong></span> <span class='ocrx_word' id='word_1_645' title='bbox 1411 2617 1490 2653; x_wconf 82' lang='grc' dir='ltr'>ἡμῶν</span> <span class='ocrx_word' id='word_1_646' title='bbox 1502 2617 1556 2644; x_wconf 83' lang='grc' dir='ltr'><strong>τῶν</strong></span> <span class='ocrx_word' id='word_1_647' title='bbox 1576 2615 1694 2643; x_wconf 78' lang='grc' dir='ltr'>εὐτελῶν</span> <span class='ocrx_word' id='word_1_648' title='bbox 1718 2615 1877 2651; x_wconf 68' lang='grc' dir='ltr'><strong>γράμμα,</strong></span> 
     </span>
    </p>
   </div>
   <div class='ocr_carea' id='block_1_84' title="bbox 222 2662 1012 2704">
    <p class='ocr_par' dir='ltr' id='par_1_84' title="bbox 222 2668 1012 2704">
     <span class='ocr_line' id='line_1_84' title="bbox 222 2668 1012 2704; baseline 0 -8"><span class='ocrx_word' id='word_1_649' title='bbox 222 2676 284 2696; x_wconf 82' lang='lat' dir='ltr'><strong>sum</strong></span> <span class='ocrx_word' id='word_1_650' title='bbox 298 2668 403 2703; x_wconf 88' lang='lat' dir='ltr'><strong>accipe,</strong></span> <span class='ocrx_word' id='word_1_651' title='bbox 417 2669 659 2702; x_wconf 85' lang='lat' dir='ltr'><strong>desideratissime,</strong></span> <span class='ocrx_word' id='word_1_652' title='bbox 679 2677 740 2704; x_wconf 68' lang='lat' dir='ltr'><strong>qua:</strong></span> <span class='ocrx_word' id='word_1_653' title='bbox 751 2668 818 2696; x_wconf 88' lang='lat' dir='ltr'><strong>nihil</strong></span> <span class='ocrx_word' id='word_1_654' title='bbox 833 2669 942 2703; x_wconf 88' lang='lat' dir='ltr'><strong>quidem</strong></span> <span class='ocrx_word' id='word_1_655' title='bbox 959 2669 1012 2696; x_wconf 86' lang='lat' dir='ltr'><strong>ele—</strong></span> 
     </span>
    </p>
   </div>
   <div class='ocr_carea' id='block_1_85' title="bbox 1049 2662 1882 2704">
    <p class='ocr_par' dir='ltr' id='par_1_85' title="bbox 1061 2662 1882 2702">
     <span class='ocr_line' id='line_1_85' title="bbox 1061 2662 1882 2702; baseline -0.007 -8"><span class='ocrx_word' id='word_1_656' title='bbox 1061 2667 1149 2702; x_wconf 83' lang='grc' dir='ltr'><strong>δέχοιο</strong></span> <span class='ocrx_word' id='word_1_657' title='bbox 1165 2668 1211 2693; x_wconf 73' lang='grc' dir='ltr'><strong>καὶ</strong></span> <span class='ocrx_word' id='word_1_658' title='bbox 1227 2663 1314 2698; x_wconf 78' lang='grc' dir='ltr'><strong>αὖθις,</strong></span> <span class='ocrx_word' id='word_1_659' title='bbox 1325 2662 1347 2691; x_wconf 80' lang='grc' dir='ltr'>ὥ</span> <span class='ocrx_word' id='word_1_660' title='bbox 1356 2664 1513 2700; x_wconf 83' lang='grc' dir='ltr'><strong>τριπόθητε,</strong></span> <span class='ocrx_word' id='word_1_661' title='bbox 1524 2664 1601 2690; x_wconf 77' lang='grc' dir='ltr'><strong>οὐδὲν</strong></span> <span class='ocrx_word' id='word_1_662' title='bbox 1612 2663 1661 2698; x_wconf 81' lang='grc' dir='ltr'><strong>μὲν</strong></span> <span class='ocrx_word' id='word_1_663' title='bbox 1673 2662 1738 2697; x_wconf 79' lang='grc' dir='ltr'>ἔχον</span> <span class='ocrx_word' id='word_1_664' title='bbox 1757 2663 1866 2697; x_wconf 79' lang='grc' dir='ltr'>εὐπρε</span> <span class='ocrx_word' id='word_1_665' title='bbox 1874 2676 1882 2682; x_wconf 93' lang='lat'><strong>-</strong></span> 
     </span>
    </p>
   </div>
   <div class='ocr_carea' id='block_1_86' title="bbox 224 2708 1012 2750">
    <p class='ocr_par' dir='ltr' id='par_1_86' title="bbox 224 2714 1012 2750">
     <span class='ocr_line' id='line_1_86' title="bbox 224 2714 1012 2750; baseline 0 -9"><span class='ocrx_word' id='word_1_666' title='bbox 224 2714 334 2750; x_wconf 73' lang='lat' dir='ltr'><strong>gantiae,</strong></span> <span class='ocrx_word' id='word_1_667' title='bbox 364 2714 552 2749; x_wconf 56' lang='lat' dir='ltr'><strong>facundiaque</strong></span> <span class='ocrx_word' id='word_1_668' title='bbox 567 2715 694 2748; x_wconf 84' lang='lat' dir='ltr'><strong>habeant,</strong></span> <span class='ocrx_word' id='word_1_669' title='bbox 715 2719 746 2742; x_wconf 92' lang='lat' dir='ltr'><strong>ut</strong></span> <span class='ocrx_word' id='word_1_670' title='bbox 765 2719 794 2741; x_wconf 92' lang='lat' dir='ltr'><strong>tu</strong></span> <span class='ocrx_word' id='word_1_671' title='bbox 808 2714 907 2742; x_wconf 85' lang='lat' dir='ltr'><strong>blande</strong></span> <span class='ocrx_word' id='word_1_672' title='bbox 920 2714 988 2742; x_wconf 86' lang='lat' dir='ltr'><strong>dicis</strong></span> <span class='ocrx_word' id='word_1_673' title='bbox 1005 2721 1012 2746; x_wconf 90' lang='lat'>;</span> 
     </span>
    </p>
   </div>
   <div class='ocr_carea' id='block_1_87' title="bbox 1049 2708 1883 2750">
    <p class='ocr_par' dir='ltr' id='par_1_87' title="bbox 1064 2708 1883 2746">
     <span class='ocr_line' id='line_1_87' title="bbox 1064 2708 1883 2746; baseline -0.007 -6"><span class='ocrx_word' id='word_1_674' title='bbox 1064 2714 1114 2744; x_wconf 82' lang='grc' dir='ltr'><strong>πές</strong></span> <span class='ocrx_word' id='word_1_675' title='bbox 1128 2722 1158 2739; x_wconf 88' lang='grc' dir='ltr'><strong>τε</strong></span> <span class='ocrx_word' id='word_1_676' title='bbox 1177 2713 1223 2739; x_wconf 78' lang='grc' dir='ltr'><strong>καὶ</strong></span> <span class='ocrx_word' id='word_1_677' title='bbox 1239 2711 1392 2746; x_wconf 79' lang='grc' dir='ltr'><strong>εὐφραδὲς,</strong></span> <span class='ocrx_word' id='word_1_678' title='bbox 1408 2710 1446 2742; x_wconf 84' lang='grc' dir='ltr'>ὡς</span> <span class='ocrx_word' id='word_1_679' title='bbox 1462 2711 1554 2746; x_wconf 84' lang='grc' dir='ltr'>χάριτι</span> <span class='ocrx_word' id='word_1_680' title='bbox 1570 2709 1638 2744; x_wconf 77' lang='grc' dir='ltr'><strong>φής,</strong></span> <span class='ocrx_word' id='word_1_681' title='bbox 1654 2708 1684 2735; x_wconf 72' lang='grc' dir='ltr'><strong>τὸ</strong></span> <span class='ocrx_word' id='word_1_682' title='bbox 1697 2708 1719 2734; x_wconf 80' lang='grc' dir='ltr'><strong>δ’</strong></span> <span class='ocrx_word' id='word_1_683' title='bbox 1736 2708 1794 2735; x_wconf 78' lang='grc' dir='ltr'><strong>οὖν</strong></span> <span class='ocrx_word' id='word_1_684' title='bbox 1826 2709 1883 2741; x_wconf 75' lang='grc' dir='ltr'><strong>τῆς</strong></span> 
     </span>
    </p>
   </div>
   <div class='ocr_carea' id='block_1_88' title="bbox 225 2754 1012 2796">
    <p class='ocr_par' dir='ltr' id='par_1_88' title="bbox 225 2760 1012 2796">
     <span class='ocr_line' id='line_1_88' title="bbox 225 2760 1012 2796; baseline -0.001 -9"><span class='ocrx_word' id='word_1_685' title='bbox 225 2760 368 2788; x_wconf 74' lang='lat' dir='ltr'><strong>charitatis</strong></span> <span class='ocrx_word' id='word_1_686' title='bbox 381 2767 446 2788; x_wconf 79' lang='lat' dir='ltr'><strong>vero</strong></span> <span class='ocrx_word' id='word_1_687' title='bbox 462 2760 614 2796; x_wconf 83' lang='lat' dir='ltr'><strong>symbolum</strong></span> <span class='ocrx_word' id='word_1_688' title='bbox 628 2765 692 2788; x_wconf 90' lang='lat' dir='ltr'><strong>sunt</strong></span> <span class='ocrx_word' id='word_1_689' title='bbox 703 2760 797 2795; x_wconf 89' lang='lat' dir='ltr'><strong>procul</strong></span> <span class='ocrx_word' id='word_1_690' title='bbox 810 2760 911 2788; x_wconf 88' lang='lat' dir='ltr'><strong>dubio:</strong></span> <span class='ocrx_word' id='word_1_691' title='bbox 929 2767 1012 2794; x_wconf 89' lang='lat' dir='ltr'><strong>quan-</strong></span> 
     </span>
    </p>
   </div>
   <div class='ocr_carea' id='block_1_89' title="bbox 1049 2754 1883 2796">
    <p class='ocr_par' dir='ltr' id='par_1_89' title="bbox 1065 2754 1883 2794">
     <span class='ocr_line' id='line_1_89' title="bbox 1065 2754 1883 2794; baseline -0.007 -8"><span class='ocrx_word' id='word_1_692' title='bbox 1065 2760 1175 2794; x_wconf 81' lang='grc' dir='ltr'><strong>ἀγάπης</strong></span> <span class='ocrx_word' id='word_1_693' title='bbox 1189 2758 1323 2794; x_wconf 77' lang='grc' dir='ltr'>σύμϐολον</span> <span class='ocrx_word' id='word_1_694' title='bbox 1349 2757 1584 2793; x_wconf 77' lang='grc' dir='ltr'><strong>ὁμολογουμένως.</strong></span> <span class='ocrx_word' id='word_1_695' title='bbox 1613 2754 1668 2782; x_wconf 74' lang='grc' dir='ltr'><strong>Καὶ</strong></span> <span class='ocrx_word' id='word_1_696' title='bbox 1689 2763 1724 2788; x_wconf 85' lang='grc' dir='ltr'><strong>γε</strong></span> <span class='ocrx_word' id='word_1_697' title='bbox 1761 2755 1843 2781; x_wconf 77' lang='grc' dir='ltr'>ὅσον</span> <span class='ocrx_word' id='word_1_698' title='bbox 1864 2756 1883 2788; x_wconf 84' lang='grc' dir='ltr'>ἡ</span> 
     </span>
    </p>
   </div>
   <div class='ocr_carea' id='block_1_90' title="bbox 223 2799 1012 2841">
    <p class='ocr_par' dir='ltr' id='par_1_90' title="bbox 223 2804 1012 2841">
     <span class='ocr_line' id='line_1_90' title="bbox 223 2804 1012 2841; baseline -0.004 -7"><span class='ocrx_word' id='word_1_699' title='bbox 223 2811 315 2841; x_wconf 68' lang='lat' dir='ltr'><strong>taque</strong></span> <span class='ocrx_word' id='word_1_700' title='bbox 344 2805 447 2834; x_wconf 82' lang='lat' dir='ltr'><strong>fuerint</strong></span> <span class='ocrx_word' id='word_1_701' title='bbox 458 2806 611 2834; x_wconf 84' lang='lat' dir='ltr'><strong>litterarum</strong></span> <span class='ocrx_word' id='word_1_702' title='bbox 631 2807 716 2840; x_wconf 82' lang='lat' dir='ltr'><strong>vices,</strong></span> <span class='ocrx_word' id='word_1_703' title='bbox 734 2811 809 2834; x_wconf 86' lang='lat' dir='ltr'><strong>tanto</strong></span> <span class='ocrx_word' id='word_1_704' title='bbox 826 2810 854 2834; x_wconf 90' lang='lat' dir='ltr'><strong>et</strong></span> <span class='ocrx_word' id='word_1_705' title='bbox 877 2804 1012 2833; x_wconf 78' lang='lat' dir='ltr'><strong>charitatis</strong></span> 
     </span>
    </p>
   </div>
   <div class='ocr_carea' id='block_1_91' title="bbox 1049 2799 1885 2841">
    <p class='ocr_par' dir='ltr' id='par_1_91' title="bbox 1065 2799 1885 2838">
     <span class='ocr_line' id='line_1_91' title="bbox 1065 2799 1885 2838; baseline -0.007 -7"><span class='ocrx_word' id='word_1_706' title='bbox 1065 2804 1199 2837; x_wconf 82' lang='grc' dir='ltr'>ἀντίδοσις</span> <span class='ocrx_word' id='word_1_707' title='bbox 1223 2803 1279 2830; x_wconf 84' lang='grc' dir='ltr'><strong>τῶν</strong></span> <span class='ocrx_word' id='word_1_708' title='bbox 1296 2802 1468 2838; x_wconf 79' lang='grc' dir='ltr'>γραμμάτων</span> <span class='ocrx_word' id='word_1_709' title='bbox 1482 2801 1598 2837; x_wconf 72' lang='grc' dir='ltr'><strong>γένοιτο,</strong></span> <span class='ocrx_word' id='word_1_710' title='bbox 1621 2799 1761 2827; x_wconf 75' lang='grc' dir='ltr'><strong>τοσοῦτον</strong></span> <span class='ocrx_word' id='word_1_711' title='bbox 1774 2801 1796 2835; x_wconf 84' lang='grc' dir='ltr'>ἡ</span> <span class='ocrx_word' id='word_1_712' title='bbox 1825 2799 1885 2832; x_wconf 67' lang='grc' dir='ltr'><strong>τῆς</strong></span> 
     </span>
    </p>
   </div>
   <div class='ocr_carea' id='block_1_92' title="bbox 267 2891 1012 2928">
    <p class='ocr_par' dir='ltr' id='par_1_92' title="bbox 267 2893 1012 2928">
     <span class='ocr_line' id='line_1_92' title="bbox 267 2893 1012 2928; baseline 0.001 -8"><span class='ocrx_word' id='word_1_713' title='bbox 267 2894 288 2909; x_wconf 84' lang='grc'><strong>¹⁸</strong></span> <span class='ocrx_word' id='word_1_714' title='bbox 305 2893 399 2922; x_wconf 82' lang='lat' dir='ltr'><strong>Matth.</strong></span> <span class='ocrx_word' id='word_1_715' title='bbox 418 2903 476 2928; x_wconf 87' lang='lat' dir='ltr'><strong>vm,</strong></span> <span class='ocrx_word' id='word_1_716' title='bbox 492 2896 538 2922; x_wconf 71' lang='lat'><strong>‘32.</strong></span> <span class='ocrx_word' id='word_1_717' title='bbox 577 2896 597 2912; x_wconf 92' lang='grc'><strong>¹⁷</strong></span> <span class='ocrx_word' id='word_1_718' title='bbox 611 2896 690 2923; x_wconf 82' lang='lat' dir='ltr'><strong>Joan.</strong></span> <span class='ocrx_word' id='word_1_719' title='bbox 705 2904 740 2926; x_wconf 78' lang='grc' dir='ltr'><strong>νι.</strong></span> <span class='ocrx_word' id='word_1_720' title='bbox 758 2896 802 2922; x_wconf 69' lang='grc'><strong>47.</strong></span> <span class='ocrx_word' id='word_1_721' title='bbox 859 2895 879 2911; x_wconf 80' lang='grc'><strong>’⁸</strong></span> <span class='ocrx_word' id='word_1_722' title='bbox 896 2893 978 2922; x_wconf 77' lang='lat' dir='ltr'><strong>Marc.</strong></span> <span class='ocrx_word' id='word_1_723' title='bbox 996 2902 1012 2921; x_wconf 85' lang='grc' dir='ltr'>ιι</span> 
     </span>
    </p>
   </div>
   <div class='ocr_carea' id='block_1_93' title="bbox 1049 2891 1375 2928">
    <p class='ocr_par' dir='ltr' id='par_1_93' title="bbox 1049 2891 1375 2926">
     <span class='ocr_line' id='line_1_93' title="bbox 1049 2891 1375 2926; baseline -0.006 -6"><span class='ocrx_word' id='word_1_724' title='bbox 1049 2894 1086 2920; x_wconf 74' lang='lat' dir='ltr'><strong>ll).</strong></span> <span class='ocrx_word' id='word_1_725' title='bbox 1127 2894 1147 2909; x_wconf 68' lang='grc'><strong>³⁸</strong></span> <span class='ocrx_word' id='word_1_726' title='bbox 1166 2892 1258 2920; x_wconf 83' lang='lat' dir='ltr'><strong>Matth.</strong></span> <span class='ocrx_word' id='word_1_727' title='bbox 1277 2899 1313 2926; x_wconf 81' lang='lat' dir='ltr'><strong>ix,</strong></span> <span class='ocrx_word' id='word_1_728' title='bbox 1332 2891 1375 2919; x_wconf 79' lang='grc'><strong>15.</strong></span> 
     </span>
    </p>
   </div>
  </div>
