1928 3097
121 162 161 193 925

680 164 951 196 EPISTOLARUM
970 167 1085 198 LIBER
1106 169 1144 199 II.

1680 166 1732 197 9'26

118 217 211 252 ἀγάπης
224 216 344 248 διαθεσις
355 216 473 250 αὔξοιτο.
489 214 526 244 Οὖ
540 217 566 245 τί
583 218 618 245 ἂν
640 220 682 255 εῐη
715 221 886 248 σπουδαιότε-

943 227 1047 250 crescat
1075 222 1199 250 aﬂ‘ectus.
1220 222 1279 256 Quo
1292 222 1400 258 quidem
1420 222 1565 258 optabilius
1580 230 1640 249 esse
1667 222 1735 257 quid.

120 262 249 298 ρονςάλλὰ
265 262 344 290 τοῦτο
360 263 408 290 νῦν
434 264 536 291 κείσθω
562 265 692 294 ἐνταῦθα,
720 267 791 302 Πρὸς
817 267 846 294 δὲ
860 267 890 295 τὺ

67 314 69 317 '
118 307 168 344 ἑξῆς
179 308 319 343 βαδιστέον
333 310 348 335 ό
362 310 452 344 λόγος.
472 310 505 337 Τί
522 310 552 337 τὸ
572 311 620 338 νῦν
648 313 845 349 καινοτομηοὲν
860 315 889 341 ἐν

117 355 161 386 τοῖς
173 354 274 387 αὑτόθι;
290 356 345 381 Καὶ
357 355 429 387 τίνες
438 357 463 382 οἱ
474 356 612 391 νεοφανῶς
625 358 773 393 δράκοντες
787 359 889 395 χαρυϐ-

117 398 181 433 δηδὺν
207 399 405 432 καταπίνοντες
425 401 514 436 ψυχὰς
552 402 591 438 μὴ
623 403 823 439 ὲστηριγμὲνας
851 404 890 439 τῷ

117 443 175 479 λόγῳ
185 444 232 480 τῆς
250 445 397 480 ἀληθείας;
411 447 496 479 Αὐτὸς
511 448 559 483 μὲν
573 445 621 476 οὖν
644 449 694 475 οὐκ
720 449 888 485 ἐξωνομάτι-

117 497 173 522 σας,
190 491 270 526 ἡμεῖς
292 491 321 518 δὲ
338 492 384 518 καὶ
409 492 462 528 πρὸ
485 493 537 529 τῆς
557 494 699 529 δηλώσεως
720 495 774 522 τῶν
798 503 890 531 γραμ-

117 535 195 571 μάτων
208 537 454 573 κατεστενάξαμεν,
477 539 519 566 ὅτι
543 541 661 575 μάλιστα
677 541 720 575 ἐφ’
744 541 784 567 ὲνὶ
811 542 889 577 ἀνδρὶ

115 584 243 620 αἱρετικῷ,
263 584 362 619 μᾶλλον
377 585 404 612 δὲ
427 585 586 623 βλασφήμῳ
610 587 649 621 τῷ
676 587 732 614 ὄντι
751 589 790 619 εἰς
805 588 888 614 Θεόν·

115 629 211 663 λαχόντι
228 631 257 656 ἐν
274 631 331 661 τοῖς
343 630 436 657 αὐτόθι
464 632 540 666 παρὰ
569 632 615 658 τοῦ
638 633 758 668 κράτους
775 641 890 667 χαρτου-

114 675 240 710 λαρεῦσιν,
266 677 355 703 ἐκεῖνο
375 678 511 710 εἰπόντες,
524 678 568 705 ὃτι
594 687 625 713 γε
649 679 698 714 τῆς
725 679 889 715 περιϐοήτου

114 721 242 753 Σικελίας,
262 721 379 757 ἔφθασεν
393 722 513 757 ὄλεθρος.
526 723 593 749 Τόδε
616 723 646 749 τὸ
672 723 765 759 πῆμα,
781 725 831 751 οὐκ
857 725 890 750 ἐκ

114 767 270 802 δόγματα-ῆς
292 768 390 803 πείρας
406 769 607 804 τετεχνωμένον
623 778 629 784 ·
647 770 760 805 ἄπειρον
787 770 841 805 γὰρ
861 771 890 797 τὺ

113 811 307 848 ἀνδριαντάριον
332 820 340 828 ·
366 813 434 840 ἀλλὰ
456 814 486 845 ἐξ
509 814 625 846 ἀσεϐοῦς
649 815 761 850 γνώμης
787 815 890 850 πεπλη-

114 859 236 894 ρωμένον,
258 860 305 886 καὶ
323 859 366 886 ἵνα
379 860 576 896 τάληθέστερον
592 861 698 896 ῥηθείη,
711 861 828 896 πρόσθεν
844 861 890 889 ἐπὶ

112 904 139 930 τό
152 905 267 932 ὰσεϐοὗν
284 907 420 941 ὴγμένον·
443 907 489 933 καί
509 915 542 940 γε
559 907 681 933 συνδόσιν
704 907 794 939 ἄλλοις
809 908 889 942 ὁμαί-

115 959 196 985 μοσιν.
216 951 295 979 Ἀλλὰ
305 952 410 984 τούτοις
423 953 473 987 μὲν
498 954 514 988 ἡ
530 953 616 989 Τριὰς
634 954 743 985 ἐνθέους
760 954 890 989 στόμασιν

110 993 154 1023 οἷδ’
177 997 217 1023 ὅτι
242 997 426 1033 ἁπορραπίσει
455 998 531 1033 ὑμῶν
553 1007 584 1026 τε
616 1000 663 1026 καὶ
689 1000 744 1026 τῶν
774 999 891 1026 ἐνταῦθα

111 1042 335 1077 ὑπερμαχούντων
345 1043 395 1078 τῆς
409 1043 548 1078 ἀληθείας.
561 1044 594 1070 Σὲ
610 1044 649 1075 δὲ,
665 1045 712 1071 καὶ
724 1045 769 1070 τὸν
780 1041 835 1075 οἷος
846 1045 889 1077 σὺ,

111 1088 189 1123 μηδὲν
206 1088 344 1121 ξενιζὲτω,
363 1089 379 1124 ὴ
394 1088 434 1114 ἔτι
450 1089 584 1116 λυττοῠσοι
599 1090 714 1125 αἵρεσις.
735 1089 819 1116 Οὔπω
835 1089 889 1124 γὰρ

109 1134 281 1169 ἐκτέτριπται
311 1135 342 1161 τὸ
365 1134 450 1161 κακὸν
480 1135 542 1162 οὔτε
568 1135 772 1171 δεδοικίμασται
791 1135 891 1167 ἱκανῶς

107 1179 159 1206 τῶν
173 1180 275 1207 πιστῶν
290 1180 321 1207 τὺ
338 1181 475 1215 φιλόθεον·
492 1182 538 1208 καί
555 1182 646 1217 τρίτον
658 1202 666 1214 ,
682 1183 731 1218 οὐχ
742 1179 793 1209 οἷοί
807 1184 891 1216 ἐσμεν

107 1226 263 1261 ἐμϐατεύειν
289 1228 329 1259 είς
356 1228 475 1254 ἀδυσσον
496 1228 637 1263 κριμάτων
662 1228 740 1262 Θεοῦ,
765 1228 826 1255 καθ’
844 1228 891 1260 οὓς

106 1273 220 1308 τρόπους
245 1275 371 1309 ἀνέχεται
398 1273 491 1310 ἀκμὴν
519 1274 730 1307 κλυδωνίζεσθαι
754 1274 792 1310 τῷ
818 1275 891 1311 σάλῳ

106 1320 154 1355 τῆς
169 1320 297 1352 ἀπιστίας
309 1321 355 1347 τὸν
372 1320 438 1348 λαὸν
451 1321 533 1347 αὐτοῦ

140 1365 212 1400 Πλὴν
237 1366 436 1401 συμπερασμοῦ
461 1366 508 1392 τοῦ
527 1366 627 1400 λόγου,
655 1366 699 1393 ἶνα
731 1367 755 1393 οί
784 1366 890 1402 δόκιμοι

105 1412 240 1446 γίγνοιντο
256 1412 379 1447 φανεροὶ,
393 1412 431 1444 ὡς
450 1414 464 1439 ὁ
485 1413 534 1448 τῆς
558 1412 653 1447 σοφίας
667 1413 768 1448 ταμίας
785 1412 890 1444 Παῦλος

104 1457 221 1492 λέλεχεν.
238 1458 284 1484 Διὸ
306 1458 521 1494 παρακαλοῦμεν
551 1459 599 1486 καὶ
621 1458 825 1494 ἀντιϐολοῦμεν,
853 1460 890 1494 μὴ

105 1504 234 1530 ἐκκακεῖν
250 1504 473 1539 διακατελέγχειν
490 1513 519 1530 σε
534 1506 591 1536 τοῖς
609 1504 780 1537 ὑπεναντίοις
791 1506 824 1531 ὲκ
836 1505 890 1532 τῶν

105 1550 211 1577 ἀδύτων
228 1551 349 1585 ταμείων
363 1551 413 1586 τῆς
427 1550 542 1586 καρδίας
566 1560 624 1584 σου,
657 1552 830 1587 προφέροντα
856 1553 890 1579 τὰ

104 1596 164 1622 θεῖα
184 1596 348 1631 διδάγματα,
372 1598 420 1624 καὶ
444 1597 656 1624 ὑποδεικνύοντα
680 1597 804 1624 ἐντεῦθεν
828 1598 890 1633 ἀρι-

101 1640 199 1677 δήλως,
223 1642 263 1668 ὃτι
279 1642 397 1678 Χριστὸς
412 1642 443 1669 οὗ
457 1643 586 1678 Χριστὸς,
601 1644 624 1669 εἰ
637 1642 675 1678 μὴ
692 1643 892 1679 περιγράφοντα

100 1689 134 1724 τῇ
144 1689 207 1716 καθ’
217 1690 289 1725 ἡμᾶς
307 1689 373 1725 ἰδέᾳ.
390 1690 475 1725 Εἴπερ
486 1689 540 1726 γὰρ
553 1689 621 1724 σὰρξ
635 1689 767 1724 ἐγεγόνει,
783 1691 892 1721 πάντως

100 1737 149 1764 καὶ
162 1737 200 1769 ὼς
215 1736 284 1772 σὰρξ
302 1737 508 1772 περιγράφοιτο.
531 1737 564 1763 '0
586 1737 614 1762 δὲ
633 1736 670 1772 μὴ
685 1737 891 1772 περιγράφοιτο,

100 1782 183 1810 τοῦτο
201 1783 250 1809 οὑκ
275 1782 340 1809 εῐσω
362 1782 582 1817 ἅνθρωπότητος,
605 1782 662 1809 ἀλλ’
692 1782 744 1814 ἔξω
770 1783 892 1818 δηλονότι

99 1829 150 1856 καὶ
163 1829 248 1856 τόπου
263 1830 309 1855 καὶ
328 1828 435 1864 χρόνου,
462 1829 528 1860 Θεὸς
553 1829 655 1864 γυμνὸς
677 1830 709 1864 τῇ
725 1829 893 1864 ἀπεριληψίᾳ

100 1884 132 1902 τε
163 1875 212 1902 καὶ¹
245 1874 387 1909 ἀοριστιᾳ,
412 1874 459 1900 καὶ
491 1873 637 1908 λεγόμενος
662 1874 709 1900 καὶ
735 1874 892 1909 νοούμενοςο

98 1921 150 1948 καὶ
177 1920 256 1948 τοῦτο
285 1920 428 1955 ἀραρότως
457 1921 497 1951 εἰς
522 1919 737 1955 ἀναμφίλεκτον¹
752 1919 890 1952 ἀπόδειξιν

95 1968 149 2002 τῆς
185 1966 316 2001 ἀληθείας
361 1967 480 2001 φυσικῆς
525 1965 686 1997 ἀκολουθίας
736 1966 891 2000 ἀναγκαζό-

96 2022 184 2049 μενον
224 2012 444 2049 περιγράφεσθαι
480 2012 598 2047 Χριστὸν
639 2011 691 2039 κᾶν
731 2013 765 2047 τῇ
807 2013 893 2040 είκὸνι

94 2060 356 2096 προσκυνούμενον,
386 2059 502 2094 ἐπείπερ
527 2060 556 2085 ὲν
584 2059 653 2094 αὐτῇ
683 2058 713 2086 τὸ
738 2059 893 2094 ἀρχέτυπον

95 2107 294 2140 ὲκπέφανται,
326 2105 421 2139 ὥσπερ
455 2105 522 2140 φησὶ
560 2105 706 2140 θεόφαντος
733 2105 891 2137 Διονύσιος,

94 2152 149 2178 καὶ
177 2151 306 2186 ἀλλαχοῦ,
322 2152 451 2186 ἑκάτερον
474 2153 504 2178 ὲν
533 2151 656 2187 ἐκατέρῳ
681 2151 758 2187 παρὰ
782 2151 813 2178 τὸ
841 2151 893 2186 τῆς

92 2197 197 2228 οὐσίας
228 2197 366 2231 διάφορον.
392 2197 474 2223 Ὥστε
502 2198 516 2223 ὑ
543 2196 762 2231 ἀπαναινόμενος
790 2196 892 2231 ὲγγρά-

92 2242 203 2276 φεσθαι
223 2242 341 2278 Χριστὸν
355 2242 472 2277 ἤρνηται
495 2241 637 2277 ἄνθρωπον
657 2241 810 2276 γεγονέναι.
835 2243 890 2269 Καὶ

91 2290 109 2315 ὁ
127 2288 170 2324 μὴ
186 2287 346 2323 προσκυνῶν
364 2287 447 2314 αὐτοῦ
467 2287 516 2322 τὴν
536 2287 639 2319 εἰκόνα,
659 2287 689 2314 οὐ
704 2287 788 2314 τύπον
806 2296 893 2323 προσ-

91 2335 180 2362 κυνεῖ
214 2333 296 2361 αὑτὸν
323 2333 355 2360 τὸ
373 2332 501 2365 καθόλου,
527 2333 579 2359 κᾶν
605 2333 704 2368 νομίζῃ
721 2334 892 2368 προσκυνεῖν,

93 2380 166 2408 ὲπεί
198 2389 280 2415 φησιν
294 2381 308 2407 ό
329 2380 401 2415 ἱερὸς
428 2379 517 2414 λόγος,
541 2380 572 2406 Οἱ
595 2379 706 2406 ἄπιστοι
729 2380 891 2414 όμολογοῦσι

93 2426 171 2454 Θεὸν
190 2426 308 2460 εἰδέναι,
323 2427 380 2458 τοῖς
403 2426 432 2453 δὲ
448 2425 539 2461 ἔργοις
558 2425 712 2460 ἀρνοῦνται.
734 2425 826 2453 Ταῦτα
844 2426 893 2461 οὐχ

91 2473 137 2504 ὡς
153 2472 294 2508 ἀγνοούσῃ
317 2473 350 2507 τῇ
375 2471 512 2507 τιμιότητί
528 2479 575 2498 σου
590 2471 763 2506 ὑπεδήλωσα,
788 2471 893 2504 ἀλλ’ὡς

90 2527 265 2554 συνομογνω
279 2518 397 2554 μονούσῃ
409 2538 417 2551 ,
429 2518 476 2544 καὶ
488 2517 583 2553 ὥσπερ
600 2517 694 2553 ρανίδα
707 2518 739 2544 ἐκ
760 2518 896 2552 πελάγους

85 2566 248 2601 δογμάτων
265 2565 428 2597 ἀνελκύσας,
457 2565 527 2599 πρὸς
554 2565 585 2592 τὸ
605 2565 653 2591 καὶ
679 2564 792 2601 ἄπειρον
812 2565 896 2600 ἐσμὸν

86 2610 174 2639 εἶναι
191 2612 348 2648 Πατρικῶν,
361 2612 431 2648 μετὰ
446 2611 494 2639 καὶ
509 2612 559 2647 τῆς
569 2611 748 2648 ἁρχαιολόγου
763 2612 894 2647 ἱστορίας,

84 2659 145 2686 ἀπ’
172 2659 261 2695 αὐτῆς
279 2658 405 2694 βαλϐίδος
424 2659 470 2686 τοῦ
500 2658 679 2695 κηρύγματος
704 2658 744 2690 είς
767 2657 896 2686 σύστασιν

82 2706 144 2740 τῆς
169 2705 324 2741 ἀμωμήτου
339 2705 418 2741 ἡμῶν
432 2706 486 2733 τῶν
505 2704 678 2741 Χριστιανῶν
693 2704 822 2736 πίστεως.

941 268 1053 303 possit?
1067 267 1167 295 Verum
1184 269 1241 296 luce
1266 268 1349 295 missa
1372 268 1503 296 iaciamus
1519 267 1572 295 :ad
1591 267 1735 302 sequentia

943 319 1037 350 pergat
1067 315 1164 342 oratio.
1181 314 1252 348 Quid
1276 315 1328 342 hoc
1344 319 1395 348 est,
1406 315 1478 349 quod
1493 322 1567 341 nunc
1588 314 1660 349 apud
1684 321 1735 341 vos

943 363 1103 389 innovatum
1132 362 1240 389 audio?
1261 361 1294 389 Et
1318 361 1428 396 quinam
1450 360 1477 387 hi
1499 359 1561 387 novi
1590 359 1732 391 dracones,

942 407 1085 443 charybdis
1106 407 1192 434 instar
1217 407 1321 434 animas
1344 406 1522 434 absorbentes
1541 413 1600 440 quae
1612 405 1735 432 veritatis

941 453 1025 480 verbo
1045 453 1159 487 ﬁrmata
1183 461 1237 480 non
1254 453 1342 480 sunt?
1366 452 1406 479 Tu
1421 451 1530 486 quidem
1546 451 1618 478 haud
1644 451 1734 477 nomi-

941 499 1013 525 nasti
1028 507 1035 524 :
1049 506 1099 525 nos
1116 506 1181 526 vero
1196 498 1276 525 etiam
1300 501 1446 532 antequam
1470 497 1568 525 litter:e
1581 501 1634 524 tuae
1651 497 1734 532 signi-

941 544 1068 577 ﬁcarent,
1098 545 1276 572 vehementer
1303 544 1477 579 planximus,
1506 543 1587 570 unius
1614 543 1733 569 hominis

941 598 1023 618 causa
1051 591 1192 623 haeretici,
1222 591 1270 618 sed
1299 590 1389 625 potius
1420 597 1514 616 revera
1536 589 1685 624 blasphemi
1706 589 1733 615 in

942 636 1039 669 Deum,
1060 637 1106 671 qui
1132 636 1290 664 chartularii
1311 643 1413 663 munus
1432 635 1493 662 istic
1517 635 1551 661 ab
1570 635 1735 669 imperatore

942 683 1057 717 adeptus
1072 687 1124 715 est,
1133 683 1185 710 hoc
1195 683 1317 710 dicentes
1326 682 1510 709 celeberrima:
1517 680 1614 708 Sicilia:
1621 681 1733 707 exitium

943 729 1084 765 obtigisse.
1103 729 1241 756 Pernicies
1261 734 1356 757 autem
1374 729 1433 756 haec
1458 737 1512 756 non
1527 737 1560 756 ex
1582 727 1734 763 dogmalica

942 775 1069 802 doctrina
1085 775 1200 802 conﬂata
1219 779 1260 802 est
1275 785 1281 802 :
1302 775 1433 802 doctrinm
1442 775 1514 802 enim
1529 783 1625 810 expers
1639 775 1735 810 ingens

944 821 1002 849 hac
1019 826 1127 849 statua:
1144 822 1191 848 sed
1220 822 1254 849 ab
1272 820 1354 856 impia
1377 825 1468 848 mente
1481 821 1611 856 profecta,
1641 825 1733 854 atque,

943 871 974 894 ut
991 867 1063 902 quod
1094 867 1186 894 verius
1204 872 1246 894 est
1269 867 1387 899 dicatur.
1408 867 1442 894 ad
1464 867 1630 902 impietatem
1657 866 1735 901 prius

943 917 1006 940 nata
1023 922 1029 940 :
1046 917 1074 940 et
1089 913 1198 948 quidem
1220 921 1282 940 cum
1304 913 1410 940 duabus
1427 913 1487 940 aliis
1513 911 1734 947 consanguineis.

943 958 996 986 Sed
1010 959 1060 986 hos
1075 958 1196 986 Trinitas
1207 959 1306 986 divinis
1315 959 1409 986 oribus
1422 958 1586 994 proﬁigabit.
1602 963 1630 985 et
1644 964 1735 985 vestro

941 1009 969 1031 et
980 1004 1107 1036 aliorum,
1129 1012 1189 1040 qum
1202 1005 1345 1032 veritatem
1366 1005 1402 1032 ibi
1431 1004 1591 1031 defendunt.
1607 1003 1645 1031 Te
1668 1011 1734 1031 vero

941 1054 969 1077 et
985 1050 1022 1078 tui
1037 1051 1139 1078 similes
1163 1051 1278 1078 minime
1293 1051 1384 1078 turbet
1407 1051 1496 1078 adhuc
1504 1050 1598 1077 furens
1609 1049 1733 1077 hieresis.

942 1096 1070 1123 Nondum
1099 1096 1171 1123 enim
1195 1105 1339 1124 excussum
1353 1102 1380 1124 ct
1402 1101 1546 1124 contusum
1562 1101 1605 1123 est
1620 1096 1734 1128 malum,

942 1149 993 1168 nec
1009 1142 1073 1169 satis
1091 1141 1182 1169 adhuc
1197 1143 1329 1177 probatus
1354 1142 1475 1169 ﬁdelium
1496 1142 1522 1168 in
1540 1141 1623 1168 Deum
1639 1149 1732 1173 amor;

943 1194 975 1214 ac
991 1187 1084 1220 tertio,
1100 1195 1155 1215 non
1175 1195 1320 1222 possumus
1344 1187 1447 1222 ingredi
1475 1187 1502 1214 in
1521 1187 1646 1222 abyssum
1660 1186 1736 1220 judi-

943 1231 1048 1259 ciorum
1076 1231 1136 1264 Dei,
1153 1232 1290 1266 quomodo
1319 1232 1448 1266 populum
1464 1238 1543 1258 suum
1569 1229 1736 1257 inﬁdelitatis

943 1278 1065 1312 procella
1080 1286 1166 1313 usque
1180 1278 1248 1305 adeo
1259 1278 1353 1313 agitari
1369 1278 1449 1305 sinat.

979 1369 1116 1397 Caeterum
1141 1369 1275 1396 sermonis
1308 1367 1447 1396 conclusio
1480 1371 1522 1394 est
1544 1371 1574 1393 ut
1598 1364 1734 1393 manifesti

944 1416 1011 1443 ﬁant
1028 1415 1117 1448 electi,
1134 1415 1205 1443 sicut
1225 1414 1364 1449 sapientiae
1378 1414 1549 1448 dispensator
1562 1412 1662 1444 Paulus
1685 1412 1733 1439 ait.

942 1461 1113 1497 Quapropter
1128 1462 1270 1489 hortamur
1288 1465 1316 1487 et
1336 1460 1527 1492 obsecramus,
1544 1467 1578 1486 ne
1603 1459 1736 1494 fatigcris,

946 1515 1036 1543 neque
1052 1515 1144 1535 cesses
1160 1506 1332 1534 adversarios
1353 1513 1500 1540 coarguere
1517 1513 1549 1532 ex
1566 1505 1660 1531 intimo
1673 1512 1734 1531 cor-

904 1564 926 1593 c
944 1554 985 1582 dis
1000 1553 1038 1581 tui
1053 1561 1125 1588 penu
1143 1552 1236 1579 divina
1245 1559 1375 1587 promens
1390 1551 1564 1582 documenta,
1581 1554 1661 1584 atque
1671 1549 1735 1576 hinc

943 1601 1088 1636 perspicue
1118 1600 1321 1631 demonstrans,
1343 1597 1484 1625 Christum
1500 1604 1555 1624 non
1568 1603 1628 1623 estse
1653 1595 1735 1622 Chri-

943 1651 1025 1676 stum,
1057 1645 1109 1672 nisi
1122 1645 1198 1680 juxta
1215 1644 1328 1680 ﬁguram
1345 1648 1466 1670 nostram
1483 1641 1734 1669 circumscribatur.

941 1693 1009 1720 Nam
1026 1692 1047 1719 si
1063 1699 1126 1719 caro
1141 1691 1228 1718 factus
1252 1694 1304 1723 est,
1321 1689 1414 1724 utique
1429 1689 1512 1716 veluti
1540 1695 1603 1715 caro
1616 1688 1734 1714 circum-

943 1738 1089 1766 scribetur.
1120 1736 1198 1769 Quod
1212 1744 1278 1763 vero
1299 1743 1354 1762 non
1374 1733 1616 1764 circumscribitur,
1631 1733 1656 1759 id
1679 1740 1733 1758 non

942 1783 1013 1810 intra
1034 1781 1230 1810 humanitatem
1252 1785 1311 1812 est,
1337 1779 1384 1807 sed
1409 1783 1485 1806 extra
1508 1778 1580 1805 haud
1605 1777 1686 1804 dubi'e
1708 1781 1736 1803 et

943 1829 1031 1856 locum
1061 1833 1089 1855 et
1117 1832 1235 1862 tempus,
1252 1825 1325 1852 Deus
1341 1825 1443 1856 nudus,
1468 1831 1550 1859 quem
1581 1823 1736 1857 incompre-

942 1873 1087 1901 hensibilis
1115 1877 1143 1899 et
1169 1870 1319 1899 indeﬁnitaa
1335 1873 1440 1896 natura:
1454 1868 1571 1896 dicimus
1594 1872 1621 1894 et
1635 1867 1736 1902 cogita-

942 1929 1014 1948 mus.
1032 1920 1123 1955 Atque
1140 1918 1192 1946 hoc
1202 1921 1386 1953 congruenter
1398 1915 1430 1942 ad
1447 1919 1547 1942 certam
1567 1913 1737 1942 demonstra-

944 1967 1045 1994 tionem
1060 1965 1184 1993 veritatis
1199 1968 1303 1992 naturze
1325 1963 1402 1997 sequi
1424 1968 1536 1989 necesse
1553 1964 1604 1992 est,
1619 1959 1737 1986 circum-

944 2013 1027 2041 scribi
1057 2012 1208 2043 Christum,
1235 2014 1263 2037 et
1275 2010 1302 2036 in
1319 2008 1437 2043 imagine
1457 2006 1574 2038 adorari,
1603 2005 1738 2040 siquidem

944 2060 973 2087 in
1000 2067 1031 2087 ea
1047 2059 1225 2093 archetypum
1249 2059 1481 2091 reprcesentatur,
1509 2051 1737 2088 quemadmodum

943 2105 1127 2139 diviniloquus
1150 2103 1186 2130 ait
1213 2102 1372 2138 Dionysius,
1401 2104 1429 2127 ct
1466 2099 1542 2130 alibi,
1567 2097 1682 2125 alterum
1710 2097 1738 2122 in

944 2152 1040 2183 altero,
1062 2154 1162 2185 praeter
1186 2148 1345 2176 substantia:
1374 2146 1566 2174 diﬁ‘erentiam.
1584 2145 1673 2177 Quare
1691 2143 1739 2178 qui

944 2202 1026 2232 negat
1051 2196 1160 2232 depingi
1181 2196 1332 2226 Christum,
1355 2194 1378 2220 is
1398 2197 1491 2220 natum
1515 2191 1653 2218 hominem
1677 2197 1739 2216 esse

905 2240 928 2268 Ι)
943 2243 1053 2278 negavit
1067 2252 1074 2276 ;
1094 2247 1122 2270 et
1134 2242 1179 2277 qui
1190 2242 1250 2276 ejus
1261 2240 1405 2276 imaginem
1418 2246 1472 2266 non
1486 2238 1590 2268 adorat,
1602 2244 1637 2263 ne
1649 2236 1738 2270 ipsum

943 2291 1054 2326 quidem
1080 2296 1194 2324 prorsus
1219 2288 1324 2319 adorat,
1349 2286 1414 2312 licet
1436 2285 1551 2312 adorare
1577 2291 1606 2310 se
1634 2287 1736 2317 putet:

943 2337 1052 2372 quando
1068 2336 1177 2371 quidem
1189 2355 1197 2368 ,
1218 2339 1248 2361 ut
1259 2340 1349 2361 sermo
1362 2339 1439 2359 sacer
1453 2330 1500 2363 ait,
1517 2330 1638 2357 inﬁdeles
1653 2328 1740 2357 conﬁ—

943 2387 1035 2411 tentur
1059 2390 1089 2410 se
1114 2382 1200 2409 Deum
1217 2388 1309 2412 nosse,
1328 2378 1408 2406 factis
1426 2383 1516 2404 autem
1541 2380 1648 2412 negant.
1676 2375 1739 2402 Haec

943 2437 993 2465 ego
1010 2437 1064 2456 non
1081 2432 1210 2462 tanquam
1227 2425 1362 2462 ignoranti
1379 2424 1539 2452 reverentia:
1551 2428 1603 2450 tuae
1613 2421 1738 2457 exposui,

943 2476 992 2504 sed
1019 2481 1146 2510 tanquam
1164 2481 1218 2501 una
1244 2472 1388 2503 sentienti,
1410 2479 1442 2498 ac
1466 2469 1548 2497 veluti
1577 2473 1680 2503 guttam
1704 2475 1739 2495 ex

951 2523 1108 2558 dogmatnm
1135 2521 1229 2556 pelago
1245 2519 1384 2550 hauriens,
1398 2525 1460 2545 cum
1476 2517 1590 2544 inﬁnita:
1608 2519 1739 2550 praeterea

951 2569 1006 2596 sint
1017 2568 1129 2594 Patrum
1141 2565 1296 2598 sentcntiae,
1313 2572 1366 2591 una
1381 2572 1443 2591 cum
1458 2567 1549 2590 vetere
1565 2562 1688 2594 historia,
1704 2561 1738 2588 ab

949 2614 1062 2642 exordio
1085 2614 1146 2648 ipso
1168 2612 1331 2647 evangelica:
1352 2609 1553 2646 pratdicationis
1577 2608 1609 2636 ad
1630 2608 1739 2635 illibaue

949 2659 1012 2688 ﬁdei
1036 2664 1137 2687 nostrae
1152 2657 1315 2687 Christiauze
1331 2655 1579 2685 conﬁrmationem.
