1928 3097
185 129 237 171 927

767 143 895 174 ΡΗΟΤΙΙ
913 144 1163 175 ΡΑΤΗῙΑΒΕΗᾹἘ
1182 144 1230 176 CP.

1748 146 1791 177 928

188 207 1788 224 ..—_________.—_________

497 255 682 294 PHOTII
707 256 981 296 EPISTOLAB

1032 258 1067 296 M
1088 258 1238 296 LIBER
1260 257 1500 298 TERTIUS.

403 331 583 360 EPISTOLE
602 332 648 360 AD
667 331 870 361 OFFICIALES
890 332 1015 361 LAICOS
1031 333 1076 361 ET
1092 333 1338 363 MAGISTRATUS
1356 333 1579 363 SECULARES.

479 419 588 447 EPIST.
604 420 624 448 Ι.

289 464 385 493 Joanni
399 467 550 501 aspalltario
563 471 588 494 et
599 466 764 501 Philoponesi
774 466 845 495 duci.

1324 422 1437 450 ΕΠΙΣΤ.
1461 422 1501 449 A'.

1026 468 1150 503 Ἰωάννῃ
1167 469 1342 504 ἀσπαθαριφ
1351 470 1401 496 καὶ
1418 466 1796 504 στρατηῲφᾲοπονήσον.

794 514 928 540 Montacut.
945 516 999 548 (ep.
1015 516 1039 548 5,
1056 523 1081 548 p.
1097 516 1149 548 69).

222 554 344 582 Adverso
358 554 480 588 ﬂumine,
494 554 566 590 quod
577 556 724 591 proverbio
740 557 849 589 dicitur,
863 557 891 584 in
903 565 972 592 prae-

187 602 258 629 senti
287 602 394 637 negotia
421 601 486 629 ferri
506 602 658 631 videntur:
682 603 802 632 Joannes
822 604 897 631 enim
929 604 976 631 ille

187 647 324 682 quondam
348 647 472 675 laudatus
488 648 631 683 bonusque
657 649 749 677 subito
762 657 817 676 non
833 654 875 677 est
889 649 912 676 is
928 649 974 684 qui

188 693 241 720 fuit
253 697 316 720 ante
324 693 428 729 (religio
441 693 515 721 enim
530 694 595 721 mihi
609 699 652 722 est
663 695 752 722 adhuc
762 695 854 722 dicere
874 695 974 729 aliter),

187 746 242 765 non
256 742 297 766 est
308 739 353 774 qui
368 739 466 772 fuerat,
482 748 533 767 nec
544 740 651 775 qualem
667 749 778 768 manere
789 748 851 768 eum
867 741 895 768 in
905 740 976 768 votis

186 783 253 811 mihi
269 790 338 817 erat,
355 786 401 812 sed
415 793 477 813 cum
492 786 542 813 bac
558 790 638 814 aetate
654 787 698 819 sit.
712 791 739 814 et
753 787 787 814 ad
809 787 871 814 vitae
892 795 972 815 occa-

187 837 248 856 sum
271 830 382 866 jamjam
406 832 543 867 devergat,
570 832 738 859 immutatur.
763 832 905 860 Deﬂuxerc
931 840 974 860 res

187 876 335 910 praeclarae,
352 883 459 904 mortua
474 882 515 904 est
532 877 629 910 virtus,
647 878 791 906 oblivionis
807 879 911 906 tumulo
926 886 974 906 oc-

188 921 305 948 cultatur
315 922 432 950 amicitia
445 931 451 949 :
462 923 565 950 amicus
575 923 712 950 communi
720 924 824 951 calculo
835 929 972 956 censetur,

188 974 242 993 non
262 967 307 994 ille
323 968 370 1002 qui
385 969 456 1003 quod
472 969 592 1003 loquitur
606 976 638 996 ex
653 973 709 996 tota
736 969 826 996 anima
843 970 972 1004 loquitur,

1058 559 1133 586 Ἀνω
1148 558 1289 593 ποταμῶν,
1313 559 1330 593 ὴ
1351 557 1496 594 παροιμία,
1522 557 1569 584 ἐπὶ
1585 558 1682 593 καιροῦ
1695 557 1728 584 ἂν
1738 557 1797 592 φαίη

1021 606 1056 631 τὰ
1078 604 1249 640 πράγματα·
1277 603 1405 638 Ἰωάννης
1431 605 1446 630 6
1468 603 1551 635 καλός
1569 612 1599 630 τε
1617 604 1665 630 καὶ
1694 603 1796 637 ἀγαθὸς,

1022 651 1151 686 ἐξαίφνης
1161 651 1212 685 (ἔτι
1223 649 1455 686 γὰρέὒλαὸοὖμαι
1467 650 1532 677 αὐτὸ
1542 650 1698 677 τούναντίον
1708 650 1797 685 εἰπεῖν)

1022 697 1072 724 οὐκ
1087 697 1161 724 ἐστιν
1178 694 1292 732 οἷόσπερ
1318 693 1363 731 ἧν.
1377 695 1431 722 οὐδ’
1449 693 1505 722 οἷον
1519 695 1601 722 αὐτὸν
1627 695 1718 731 μένειν
1730 695 1801 730 εὐχύσ

1024 743 1109 779 μεθα·
1122 743 1180 769 ἀλλ’
1195 741 1313 769 ἐνταῦθα
1323 741 1434 777 ἡλικίας
1444 740 1541 772 ἐλθὼν,
1556 741 1605 767 καὶ
1620 741 1688 776 πρὸς
1702 741 1801 776 δυσμὰς

1024 789 1143 816 ἐλαύνων
1169 789 1238 824 βίου,
1265 788 1474 824 μεταὸἑῦληται.
1509 788 1613 822 Ἔρειν
1640 787 1674 814 τὰ
1701 787 1800 814 me:

1021 835 1137 870 τέθνηκε
1157 834 1179 860 δ’
1198 834 1285 869 ἀρετὴ
1300 854 1308 866 ,
1323 833 1372 860 καὶ
1384 832 1469 868 λήθης
1482 833 1560 868 τάφῳ
1582 832 1659 867 φιλία
1672 832 1804 860 καλύπτε-

1024 889 1085 908 ται·
1105 880 1152 908 καὶ
1168 880 1244 915 φίλος
1257 881 1370 912 ἐκεῖνος,
1397 880 1446 914 οὐχ
1459 880 1532 911 ὅστις
1544 879 1574 912 ἐξ
1585 879 1646 906 ὅλου
1667 879 1742 913 λέγει
1760 879 1803 905 τοῦ

1025 926 1082 959 νοῦ,
1105 926 1153 952 καὶ
1177 925 1278 956 ἀδόλως
1294 924 1339 951 διὰ
1356 924 1415 960 βίου
1441 925 1519 959 μένει
1544 924 1640 959 φιλῶν,
1663 923 1721 950 ἀλλ’
1736 924 1804 955 ὅστις

1025 972 1119 1008 ὑφάλῳ
1131 971 1238 1006 γνώμῃ.
1253 970 1323 998 κατὰ
1343 970 1491 1006 πρόσωπον
1507 970 1557 1005 μὲν
1572 970 1658 1005 ἡδέως
1672 969 1805 1004 γαληνιῶν

188 1017 216 1040 et
233 1013 290 1040 sine
303 1014 364 1041 dolo
387 1015 474 1050 diligit
499 1023 548 1050 per
562 1016 647 1043 totius
659 1016 721 1044 vitae
745 1024 867 1049 cursum,
886 1017 934 1044 sed
950 1017 973 1044 is

1032 1018 1124 1052 ἅμιλεῖ,
1140 1017 1192 1049 ἔξω
1201 1017 1230 1043 δὲ
1242 1017 1387 1051 γενόμενος
1400 1015 1560 1051 ὀφθαλμῶν,
1575 1015 1724 1051 τρικυμίας
1739 1014 1806 1041 ἁπά-

188 1060 233 1094 qui
250 1060 361 1088 subdola
381 1065 408 1088 et
422 1061 542 1089 sublesta
557 1066 659 1093 mente,
683 1069 773 1089 coram
789 1066 817 1090 et
833 1063 860 1090 in
877 1063 974 1090 faciem

1032 1072 1078 1095 σας
1096 1064 1199 1098 ἐγείρει
1211 1061 1361 1098 πονηριῶν.

189 1107 368 1142 tranquilliter
381 1113 408 1135 et
425 1108 545 1143 jucunde
577 1114 765 1143 conversatur,
795 1113 823 1137 at
837 1117 900 1137 cum
934 1113 1010 1138 extra
1029 1110 1112 1137 fuerit
1134 1109 1274 1137 oculorum
1314 1113 1502 1143 conspectum,
1518 1106 1688 1135 omnimodos
1713 1106 1809 1134 ﬂuctus

187 1153 288 1180 malum
302 1153 463 1181 iutentando
481 1155 609 1182 concitat.

485 1199 593 1228 EPIST.
612 1200 645 1228 ll.

298 1244 391 1280 Sergio
410 1246 549 1281 magistro,
570 1251 594 1273 et
608 1246 699 1273 Dromi
716 1246 860 1282 logothetaz.

1324 1197 1437 1224 ΕΠΙΣΤ.
1464 1197 1501 1225 B’.

1061 1246 1171 1280 Σεργίῳ
1182 1245 1336 1280 ματιστρῳ
1360 1245 1409 1271 καὶ
1425 1243 1569 1279 λογοθέτῃ
1584 1244 1637 1271 τοῦ
1651 1244 1774 1279 Δρόμου.

813 1295 946 1320 Montacul.
966 1295 1018 1326 (ep.
1036 1293 1073 1324 to,
1091 1300 1116 1324 p.
1133 1292 1173 1324 73)

224 1333 284 1361 Non
298 1335 408 1370 quidem
428 1340 522 1363 contra
541 1343 603 1369 nos,
617 1340 648 1363 ut
664 1340 722 1364 tute
737 1336 846 1370 Scribis,
861 1337 908 1364 sed
930 1344 979 1371 pro

189 1381 269 1408 nobis
281 1381 366 1415 dicta,
378 1389 439 1416 quae
454 1382 614 1410 dicebantur
628 1391 643 1409 a
657 1387 693 1414 te.
709 1387 884 1418 reputamus;
899 1387 980 1417 atque

189 1427 252 1454 ideo
266 1427 461 1460 veniamidictis
474 1428 578 1463 precari
592 1436 646 1456 non
663 1433 721 1456 erat
733 1436 812 1465 opus.
831 1428 978 1464 Siquidem

189 1480 250 1508 quae
259 1473 394 1508 protulisti
406 1481 470 1501 vera
481 1478 555 1506 sunt,
570 1474 722 1507 commodo,
736 1482 792 1502 non
808 1474 981 1502 incommodo

189 1526 235 1546 me
249 1519 375 1550 aﬂ'ecisti.
397 1519 461 1546 dum
476 1520 617 1555 culparum
640 1521 760 1549 instituis
786 1521 981 1556 reprehensio-

192 1572 255 1591 nem
272 1585 279 1596 ,
306 1573 367 1600 quae
393 1566 463 1593 solet
488 1574 636 1601 proourarc
672 1567 909 1600 emendationem;
937 1567 980 1595 sin

192 1609 260 1636 falsa
275 1610 430 1644 protuleris,
447 1611 532 1646 magis
546 1612 656 1646 quidem
671 1612 810 1647 magisque
830 1612 976 1647 profueris,

193 1662 226 1682 eo
240 1656 314 1689 quod
329 1656 397 1684 falso
411 1657 564 1692 culpaveris
577 1666 584 1689 ς
603 1665 647 1685 res
666 1658 738 1685 enim
755 1659 842 1694 magis
854 1659 978 1686 attende-

193 1709 234 1733 re,
247 1705 275 1728 et
291 1701 319 1728 in
333 1702 512 1736 praecinctura
530 1707 602 1730 stare
617 1710 668 1730 nos
680 1702 767 1730 fecisti
783 1711 791 1736 ;
808 1711 865 1730 non
875 1707 982 1730 tantum

194 1751 224 1774 ut
239 1747 273 1774 ab
285 1747 412 1781 operibus
424 1747 457 1775 iis
472 1747 657 1775 abstineamus
674 1756 735 1783 quae
753 1749 937 1782 retulisti,sed
953 1753 983 1776 ut

194 1797 222 1820 ct
237 1801 252 1820 a
269 1793 359 1828 pravis
380 1794 590 1829 cogitationibus
608 1795 772 1830 quantocius
796 1802 876 1829 quam
905 1794 984 1830 longe

195 1839 377 1872 recedamus;
392 1847 425 1867 eo
436 1840 509 1875 quod
527 1840 671 1870 retributio
684 1848 698 1867 a
710 1840 786 1868 caelis
805 1841 925 1876 reposita
941 1844 984 1868 est

194 1885 241 1917 iis,
256 1885 376 1920 quicum
394 1886 533 1921 proposito
549 1886 696 1914 mentiendi
711 1887 794 1915 verba
818 1887 900 1922 impia
916 1895 981 1922 pro-

196 1931 292 1958 tulere.
312 1932 373 1959 Noli
405 1932 486 1968 igitur
511 1933 554 1962 de]
565 1933 645 1961 dictis
668 1934 848 1967 erubescere;
875 1937 981 1961 tantum

196 1977 274 2004 abest
291 1981 319 2004 ut
333 1983 360 2005 te
374 1986 425 2005 nos
439 1980 474 2006 ob
488 1979 535 2006 illa
552 1979 718 2013 incusemus,
732 1985 763 2008 ut
783 1980 867 2008 etiam
881 1980 983 2015 scripto

196 2022 368 2058 consignatas
382 2023 531 2051 habeamus
544 2025 653 2059 gratias.

497 2069 605 2097 EPIST.
622 2069 667 2097 ΙΙΙ.

337 2111 438 2140 Basilio
453 2114 565 2148 patricio
582 2114 654 2141 urbis
668 2115 800 2150 prwfecto.

1065 1335 1102 1360 Οὐ
1118 1333 1179 1361 καθ’
1192 1333 1284 1369 ἡμῶν,
1299 1333 1395 1367 ὥσπερ
1407 1332 1542 1368 ἔγραψας,
1556 1333 1624 1360 ἀλλὰ
1637 1334 1710 1370 ὑπὲρ
1721 1335 1810 1370 ἡμῶν,

1029 1380 1063 1408 τὰ
1076 1379 1228 1415 λαληθέντα
1244 1387 1287 1405 σοι
1300 1378 1468 1414 λογιζόμεθα
1480 1386 1486 1393 ·
1506 1378 1604 1406 οὐκοῦν
1618 1380 1678 1406 οὐδὲ
1693 1381 1812 1415 συγγνώ-

1030 1436 1095 1463 μην,
1113 1424 1153 1458 οἷς
1182 1426 1326 1461 ὲλάλησας,
1347 1425 1486 1461 προσῆκεν
1512 1427 1610 1454 αἰτεῖν.
1637 1427 1668 1453 Εἰ
1690 1427 1739 1462 μὲν
1759 1427 1814 1464 γὰρ

1028 1473 1115 1508 ἀληθῆ
1140 1472 1174 1499 τὰ
1195 1471 1321 1508 ῥηθέντα,
1337 1471 1492 1506 ὠφέλησας,
1520 1471 1578 1498 ἀλλ’
1604 1472 1655 1498 οὐκ
1683 1471 1813 1506 ἔϐλαψας,

1029 1519 1142 1554 ἔλεγχον
1155 1517 1210 1545 τῶν
1221 1518 1425 1554 ἡμαρτημένων
1437 1518 1629 1553 ποιησάμενος,
1643 1518 1672 1550 ἐξ
1684 1515 1723 1545 ὧν
1735 1519 1815 1545 εἴωθε

1030 1565 1173 1600 διόρθωσις
1191 1563 1397 1600 περιγίνεσθαι·
1416 1564 1441 1590 ει
1472 1564 1500 1590 δὲ
1515 1564 1612 1599 ψευδῆ,
1630 1565 1697 1592 πολὺ
1714 1565 1816 1600 μᾶλλον

1029 1612 1185 1648 ὠφέλησας,
1204 1612 1292 1646 μάτην
1309 1610 1513 1645 αίτιασάμενος.
1537 1611 1686 1646 Προσέχειν
1705 1620 1735 1638 τε
1761 1610 1818 1646 γὰρ

1030 1658 1101 1685 οὕτω
1113 1657 1224 1693 μᾶλλον,
1235 1657 1283 1683 καὶ
1293 1656 1480 1692 περιστέλλειν
1490 1657 1612 1687 ἑαυτοὺς,
1623 1657 1654 1683 οὑ
1665 1657 1719 1683 τῶν
1727 1656 1817 1692 ἔργων

1033 1703 1124 1739 μόνον,
1139 1704 1190 1730 ὅσα
1208 1703 1246 1738 μὴ
1267 1703 1316 1735 δεῖ,
1339 1702 1528 1738 διανέστησας,
1551 1703 1609 1730 ἀλλ’
1638 1703 1713 1729 οὐδὲν
1735 1701 1818 1739 ἦττον

1033 1751 1159 1778 σπεύδειν
1173 1751 1325 1789 ἀναχωρεῖν
1340 1750 1387 1776 και)¹
1403 1751 1458 1777 τῶν
1483 1750 1521 1785 μὴ
1535 1749 1626 1776 καλῶν
1641 1749 1818 1784 ὐπολήψεων.

1033 1795 1138 1826 ’Ἄλλως
1153 1803 1183 1821 τε
1206 1794 1245 1827 δὲ,
1260 1795 1301 1821 ὅτι
1316 1794 1363 1820 καὶ
1387 1793 1594 1829 μισθαποδοσίαι
1611 1793 1667 1824 τοῖς
1686 1793 1733 1818 ἐπὶ
1748 1791 1820 1826 ψεύ-

1031 1841 1090 1868 δεσι
1108 1840 1185 1876 ῥῆμα
1201 1839 1320 1875 πονηρὸν
1339 1839 1544 1874 ὑφισταμένοις,
1563 1839 1666 1866 ἐκεῖθεν
1689 1838 1822 1864 ἀπόκειν-

1032 1895 1088 1913 ται.
1112 1886 1221 1922 Μηκέτι
1244 1884 1291 1913 οὖν
1320 1885 1492 1921 ὲπερυοριῶν
1520 1885 1576 1916 τοῖς
1602 1893 1643 1911 σοι
1664 1883 1824 1918 λαληθείσιν

1032 1931 1225 1958 ὲπιδείκνυσο·
1254 1932 1336 1967 ἡμεῖς
1364 1930 1418 1966 γὰρ
1442 1930 1571 1957 τοσοῦτον
1593 1930 1733 1964 ἀπέχομεν
1757 1929 1826 1963 περὶ

1032 1977 1135 2004 τούτων
1161 1977 1312 2010 ἐπικαλεῖν,
1334 1976 1404 2004 ὥστε
1431 1985 1473 2003 σοι
1497 1977 1543 2003 κα)⁵
1569 1976 1650 2012 χάριν
1677 1974 1828 2010 ὁμολογεῖν

1034 2023 1179 2059 ἐγγράφως
1191 2023 1241 2059 ἧδη
1259 2023 1448 2058 συντιθέμεθα.

1348 2068 1461 2095 ΕΠΙΣΤ.
1481 2068 1520 2096 Γ’.

1110 2114 1260 2146 Bamb-lg)
1273 2114 1417 2149 πατρικίῳ
1430 2114 1479 2141 καὶ
1489 2113 1610 2149 ἐπάρχῳ
1623 2113 1752 2146 πόλεως.

822 2159 957 2185 Montacut.
975 2159 1026 2192 (ep.
1045 2159 1083 2190 15,
1100 2167 1125 2191 p.
1142 2160 1193 2191 7t).

233 2201 353 2229 Diﬂluxit
371 2202 469 2236 virtus,
485 2203 551 2230 abiit
563 2203 622 2238 ejus
644 2203 739 2239 gratia,
757 2204 863 2232 obtinet
886 2203 986 2239 impie-
1001 2206 1026 2234 Ι)

199 2252 251 2279 tas,
264 2251 290 2275 et
314 2248 485 2275 mendacium
504 2249 555 2276 alis
576 2249 772 2284 pullulantibus
787 2251 898 2283 crescit,
915 2250 985 2278 veri-

198 2293 262 2321 tatis
276 2294 324 2321 ala:
335 2294 467 2330 ﬂoresque
481 2295 620 2324 decidunt.
636 2296 715 2325 Unde
729 2302 820 2325 autem
835 2298 894 2325 haec
906 2297 985 2325 inva-

198 2340 250 2367 luit
280 2341 414 2368 malorum
442 2341 526 2369 Ilias?
542 2342 676 2370 Nimirum
698 2343 776 2370 aiunt
789 2343 862 2378 quod
886 2348 916 2371 tu
946 2344 983 2371 sis

199 2394 261 2413 cum
275 2386 399 2422 imperio,
415 2392 443 2415 et
455 2388 501 2422 qui
522 2389 607 2415 multo
633 2389 770 2424 digniores
794 2394 858 2417 sunt
880 2394 911 2417 ut
937 2390 986 2417 tibi

199 2431 343 2466 imperent,
359 2438 436 2460 tuum
460 2434 575 2461 tolerare
587 2439 614 2462 et
638 2435 747 2463 trahere
768 2435 862 2472 jugum
885 2444 986 2472 cogan-

201 2483 256 2506 tur.
275 2479 412 2507 Moderata
434 2487 509 2508 certc
528 2482 635 2509 videtur
647 2482 806 2517 improbitas
820 2490 880 2518 quae
902 2484 984 2510 vitam

201 2525 267 2560 ipsis
290 2526 398 2560 penitus
427 2535 483 2555 non
509 2529 674 2562 absciderit;
689 2529 740 2557 hoc
762 2534 805 2557 est
826 2530 898 2564 quod
912 2529 987 2557 fures

201 2570 301 2606 passim
318 2575 346 2598 et
374 2573 515 2601 carniﬁces
532 2581 581 2608 per
606 2573 700 2601 urbem
725 2579 839 2602 scatent.
858 2574 920 2602 Haec
936 2581 987 2609 ego

200 2617 234 2644 de
249 2622 274 2644 te
286 2617 377 2644 nullus
392 2618 525 2653 praedico;
547 2619 570 2646 is
585 2624 675 2647 autem
697 2620 743 2654 qui
757 2619 784 2647 in
797 2621 924 2655 praesenti
939 2628 987 2655 pa-

202 2669 255 2691 trat
282 2671 314 2691 ea
332 2672 392 2699 qua:
405 2672 454 2699 per
464 2665 586 2692 omnium
603 2673 649 2693 ora
664 2671 691 2693 et
708 2674 788 2693 aures
802 2666 985 2697 celebrantur.

202 2710 260 2745 ipse
293 2715 335 2737 est
357 2710 403 2745 qui
428 2710 513 2744 (licet
534 2718 584 2746 ego
613 2712 812 2747 conticescam)
833 2711 985 2739 istiusmodi

203 2756 290 2783 titulis
304 2755 402 2790 dignus
421 2760 473 2784 est.
489 2755 529 2783 Tu
554 2764 646 2791 porro,
663 2756 687 2783 si
710 2756 783 2792 quod
797 2756 930 2789 referunt,
943 2757 986 2784 illa

204 2802 270 2836 agis.
285 2803 347 2830 odio
364 2803 455 2838 potius
468 2803 566 2831 habeto
578 2803 713 2830 actionem
728 2802 824 2838 ipsam,
837 2802 871 2830 de
887 2810 985 2837 perpe-

1078 2204 1173 2239 Ἐῤῥει
1188 2203 1223 2230 τὰ
1237 2203 1319 2236 καλὰ,
1338 2203 1387 2230 καὶ
1401 2203 1451 2238 τῆς
1470 2202 1572 2238 ἀρετῆς
1584 2202 1601 2237 ὴ
1614 2201 1693 2237 χάρις
1708 2201 1834 2236 οἴχεται.

1037 2248 1121 2274 κακία
1134 2246 1162 2274 δὲ
1174 2248 1355 2275 πολιτεύεται·
1369 2248 1456 2274 καὶτὸ
1470 2247 1521 2282 μὲν
1532 2246 1629 2282 ψεῦδος
1643 2247 1836 2280 πτεροφυεῖιί,

1036 2292 1195 2326 φυλλοϐολεῖ
1222 2293 1251 2320 δὲ
1277 2294 1312 2321 τὰ
1339 2293 1427 2328 πτέρα
1449 2294 1466 2328 ἡ
1491 2293 1613 2328 ἀλήθεια,
1630 2292 1714 2319 Πόθεν
1737 2290 1792 2318 οὖν
1817 2291 1838 2326 ὴ

1036 2339 1154 2375 τοσαύτη
1168 2340 1223 2366 τῶν
1241 2340 1335 2367 κακῶν
1357 2339 1457 2373 ’1λίας;
1474 2340 1536 2366 Ὀτι
1553 2339 1585 2365 σὺ
1603 2338 1662 2374 μὲν,
1677 2337 1716 2369 ὦς
1730 2345 1838 2371 φασιν,

1037 2387 1149 2422 ἄρχεις·
1166 2388 1190 2414 oi
1206 2387 1235 2413 δέ
1259 2396 1306 2414 σου
1334 2386 1401 2413 πολὺ
1422 2385 1567 2422 κρείσσους
1584 2386 1697 2420 ἄρχειν,
1713 2384 1764 2410 τὸν
1787 2384 1841 2410 σὺν

1037 2433 1122 2472 βαρὺν
1137 2433 1228 2460 ἕλκειν
1241 2433 1323 2468 ζυγὸν
1349 2432 1550 2466 ἀναγκάζονται
1561 2440 1568 2447 ”
1583 2431 1631 2458 καὶ
1646 2431 1749 2467 μετρία,
1769 2431 1843 2458 τοὺ-

1034 2491 1090 2513 τοις
1105 2482 1243 2513 κάκωσις,
1261 2481 1278 2515 ὴ
1301 2479 1339 2515 μὴ
1365 2480 1456 2505 πᾶσαν
1478 2478 1568 2504 αὐτῶν
1588 2477 1638 2512 τὴν
1653 2477 1726 2511 ζωὴν
1749 2486 1843 2513 περι-

1036 2528 1190 2555 κόπτουσα’
1218 2526 1297 2554 τοῦτό
1325 2527 1399 2552 ἐστιν
1424 2526 1438 2551 6
1461 2525 1490 2551 ἐν
1507 2524 1584 2550 πόλει
1604 2524 1726 2559 λῃστὴς,
1751 2524 1809 2551 καὶ
1829 2525 1845 2551 6

1039 2573 1180 2608 πάνδημος
1203 2572 1309 2607 δήμιος.
1331 2571 1401 2605 Ἐγὼ
1425 2571 1475 2605 μὲν
1497 2570 1528 2596 οὐ
1555 2569 1627 2604 λέγω
1649 2569 1741 2596 ταῦτα
1769 2570 1846 2604 περὶ

1041 2619 1102 2646 σοῦ·
1120 2619 1179 2645 ἀλλ’
1205 2620 1219 2645 6
1240 2618 1325 2644 ποιῶν
1346 2617 1380 2643 τὰ
1397 2617 1455 2643 νυνὶ
1480 2617 1554 2652 πάσῃ
1567 2615 1678 2651 γλώσσῃ
1693 2616 1747 2642 καὶ
1763 2616 1846 2650 ἀκοῇ

1040 2666 1113 2701 πάσῃ
1130 2664 1325 2700 περιᾳδόμενα,
1346 2663 1450 2694 ἐκεῖνός
1461 2662 1519 2688 ἐστι
1532 2661 1594 2695 (κᾶν
1610 2660 1664 2694 ἐγὼ
1679 2662 1848 2695 σιωπήσω-

1042 2711 1102 2747 μαι)
1129 2712 1143 2737 6
1166 2710 1270 2737 τούτων
1285 2709 1341 2736 τῶν
1366 2709 1507 2743 ὀνομάτων
1523 2708 1608 2740 ἄξιος.
1628 2707 1664 2734 Σὺ
1676 2707 1717 2738 δὲ,
1738 2708 1767 2733 εἰ
1790 2707 1850 2742 μὲν

1041 2758 1170 2792 πράττεις
1182 2756 1200 2783 ὅ.
1213 2764 1305 2791 φασιν,
1327 2755 1442 2790 μίσησον
1467 2753 1566 2789 μᾶλλον
1581 2753 1631 2788 τὴν
1655 2752 1778 2787 πρᾶξιν.
1795 2752 1853 2779 καὶ

1042 2804 1098 2833 τοῖς
1128 2800 1325 2836 πραττομένοις
1349 2798 1519 2834 αίσχὺνθητι,
1553 2798 1570 2833 ἢ
1587 2798 1645 2827 τοῖς
1661 2796 1852 2832 ὀνομάζουσι

844 2848 961 2877 νΑιιιιΕ
979 2847 1171 2877 LECTIONES

246 2885 260 2904 ι’
274 2881 315 2907 Io.
333 2883 417 2917 ἒρῤει.
456 2889 469 2908 ιι
482 2885 524 2912 la.
539 2885 694 2919 πτερορυεῖ.
