1928 3097
116 169 168 200 929

690 168 959 199 EPISTOLARUM
979 168 1094 199 LIBER
1113 169 1171 199 III.

1690 163 1744 205 93'0

117 221 332 258 μνησικάκησον.
358 221 397 248 Οὐ
421 220 476 255 γὰρ
499 219 573 247 ἐστιν
597 220 686 254 ἄλλως
712 222 762 254 τὰς
777 223 902 257 πράξεις,

959 221 1037 249 tratis
1053 221 1184 256 pudeﬁas,
1199 226 1280 256 quam
1298 223 1456 252 memineris
1478 229 1508 252 ut
1525 224 1622 260 punias
1638 232 1685 253 eos
1697 227 1744 261 qui

116 270 173 297 ἀλλ’
189 269 206 305 ἢ
222 270 278 300 τοῖς
301 268 412 300 οἰκείοις
437 268 612 304 ἐξονομάζειν
633 269 774 305 ὀνόμασιν.
790 269 847 297 Καὶ
863 270 902 305 τῷ

116 314 317 350 δυσχεραίνοντι
340 315 401 346 ταῖς
433 315 577 350 κλήσεσιν,
602 314 693 350 πολλῷ
722 315 856 350 πρότερον
884 316 901 350 ἡ

117 361 190 397 φυγὴ
202 361 369 388 διαπονεῖται
380 359 435 387 τῶν
454 360 591 395 πράξεων.
610 361 642 388 Εί
665 361 694 387 δὲ
708 360 743 387 τὰ
754 360 838 396 ψευδῆ
855 369 901 387 σου

117 408 298 442 καταχέουσι·
325 406 442 433 σπεῦσον
468 406 562 442 ὥσπερ
586 405 688 441 ἔφυγες
715 407 765 442 τὴν
788 407 898 442 πρᾶξιν,

116 451 187 478 οὕτω
199 453 294 486 φυγεῖν
305 460 334 478 σε
350 452 398 478 καὶ
407 451 438 478 τὸ
449 452 533 486 ἐγγὺς
548 452 691 487 τυγχάνειν
704 451 755 487 τῆς
766 451 902 487 πράξεως.

116 496 153 523 Τδ
169 496 219 532 μὲν
235 498 290 533 γὰρ
301 497 450 530 κολάσεως,
464 497 495 524 τὺ
508 497 538 524 δὲ
551 498 603 525 οὐκ
617 497 737 525 ἐπαίνων
752 498 828 530 ἄξιον
837 506 845 514 ⁸
860 498 908 525 καὶ

115 543 176 578 οὐχὶ
201 544 232 570 τὸ
255 543 312 576 πῦρ
338 544 498 580 λυμαίνεται
532 544 613 580 μόνον
636 545 700 577 τοὺς
727 545 907 581 ἁπτομένους,

118 589 188 616 ἀλλὰ
202 590 249 617 καὶ.
260 591 275 617 ό
288 590 391 623 καπνὸς
401 611 409 624 ,
433 590 487 618 τῶν
506 591 543 626 μὴ
559 591 655 628 πόῤῥω
673 591 722 618 τοῦ
745 592 832 628 πυρὸς
853 593 906 626 ἀφ-

116 636 271 671 εστηκότων
287 636 446 673 δριμύσσων
461 637 510 669 τὰς
522 637 599 672 ὖψεις
616 638 665 665 καὶ
683 638 904 674 ἀμαυρούμενος.

410 737 522 764 ΕΠΙΣΤ.
551 738 588 763 Δ’.

252 783 364 818 Σεργίῳ
379 783 534 818 μαγίστρῳ
547 782 597 810 καί
614 782 770 818 λογοθέίτῃ.

953 267 994 295 sic
1008 267 1165 302 loquuntur.
1178 267 1247 296 Sunt
1261 269 1335 296 enim
1349 270 1473 297 actiones
1486 271 1606 306 propriis
1620 272 1678 299 suis
1693 280 1745 299 no-

955 313 1075 341 minibus
1100 313 1283 349 designandae.
1307 314 1358 348 Qui
1379 323 1568 352 quemcunque
1591 317 1698 344 titulum
1716 318 1743 345 in

956 359 1055 386 malam
1067 363 1173 394 partem
1189 361 1271 394 capit.
1290 359 1313 387 is
1324 361 1414 395 potius
1434 361 1460 388 id
1477 369 1555 398 agere
1574 363 1700 396 debebat,
1714 367 1746 391 ut

956 405 1078 434 actiones
1107 405 1180 440 ipsas
1202 406 1334 434 evitaret:
1360 407 1401 434 sin
1427 412 1518 435 autem
1547 413 1573 436 te
1594 410 1745 437 mendaciis

956 456 1084 484 onerant,
1097 452 1125 480 id
1144 460 1208 488 agas
1230 458 1347 488 oportet,
1363 459 1393 481 ut
1411 455 1636 489 quemadmodum
1653 464 1744 483 reces-

955 497 1026 525 seris
1049 499 1084 526 ab
1107 499 1213 534 agendo
1227 499 1308 529 male.
1325 499 1363 526 ita
1387 504 1415 527 et
1434 508 1544 528 omnem
1559 501 1661 528 devites
1684 502 1745 536 ejus

956 544 1201 580 propinquitatem.
1219 543 1287 572 Illud
1304 545 1467 581 supplicium
1492 551 1620 579 meretur.
1635 547 1745 574 laudem

956 589 1031 617 istud
1062 597 1118 617 non
1146 594 1276 617 meretur.
1290 590 1350 617 Non
1374 590 1455 618 modo
1473 591 1546 627 laedit
1578 591 1647 627 ignis
1675 592 1747 620 arri-

954 635 1072 670 pientes,
1095 636 1143 663 sed
1169 639 1198 663 ct
1217 636 1308 663 fumus
1325 644 1420 664 eorum
1435 637 1530 665 oculos
1546 639 1705 674 perstringit
1719 643 1746 667 et

953 681 1078 717 fuliginat
1089 682 1136 717 qui
1151 689 1207 709 non
1224 681 1303 717 longe
1323 682 1357 710 ab
1367 682 1428 718 igne
1441 682 1605 712 consistunt.

1287 737 1396 765 EPIST.
1419 738 1464 766 IV.

1143 782 1236 819 Sergio
1248 785 1374 820 magistra
1388 791 1412 811 et
1428 784 1573 821 legat/reue.

861 861 866 866 .
885 848 938 871 (ep.
957 848 996 871 14,
1012 849 1037 871 p.
1055 848 1106 871 ’15)-

731 841 866 866 Montacut.
885 842 905 873 (ε

157 880 278 917 Ἐχθρῶν
307 881 377 908 εἰσιν
400 881 430 908 αι
464 881 609 909 ἐπιϐουλαὶ
634 882 683 909 καὶ
712 883 741 910 αἱ
764 882 905 918 λοιδορίαι,

957 841 996 871 14,
1031 860 1037 866 .
1055 842 1085 867 ’15
1100 861 1106 867 .

996 849 1039 911 Aph
1051 843 1176 911 ho)stibus
1189 883 1306 916 insidiae,
1315 884 1448 918 convicia,
1465 885 1592 913 barathra
1603 890 1744 920 parantur.

117 929 164 955 καὶ
177 929 212 954 τὰ
235 927 373 963 βάραθρα·
403 927 489 962 φίλων
504 928 544 961 δὲ,
561 928 593 955 τὸ
617 929 836 965 ὑπερασπίζειν,
857 930 904 956 καὶ

117 974 353 1010 προκινδυνεύειν,
365 975 412 1001 καὶ
426 975 540 1002 κωλύειν
551 975 614 1008 τοὺς
625 976 841 1011 ἐπηρεάζοντας,
853 976 904 1011 ὅση

115 1020 240 1056 δύναμις.
269 1021 390 1057 Μέτριος
415 1019 462 1048 οὖν
486 1021 541 1048 τῶν
564 1022 669 1057 ἐχθρῶν
685 1024 797 1054 ἐκεῖνος,
823 1023 904 1050 ὸτῶν

116 1067 325 1102 προειρημένων
337 1067 433 1094 ἐαυτὸν
453 1067 586 1102 καθυφείς
600 1076 608 1084 ·
627 1069 674 1095 καὶ
691 1069 760 1104 μήτε
774 1077 905 1104 συκοφαν-

116 1111 183 1144 τῶν,
216 1112 285 1147 μήτε
303 1111 407 1144 δόλους,
433 1113 503 1147 μήτε
523 1112 671 1144 ἐπιϐουλὰς
694 1114 902 1148 σκευαζόμενος.

116 1156 173 1184 Καὶ
190 1156 282 1188 ἄθλιος
307 1157 362 1183 τῶν
388 1157 473 1191 φίλων
499 1158 603 1190 ἐκεῖνος
619 1158 687 1193 (είγε
704 1158 780 1193 φίλος
799 1159 878 1192 ὅλως)
890 1160 905 1186 ὁ

118 1203 188 1238 μήτε
224 1202 439 1238 ὑπερασπίζων,
476 1205 546 1239 μήτε
574 1205 806 1240 προκινδυνεύων,
834 1207 905 1242 μήτε

116 1248 281 1275 ἀνακόπτειν
313 1248 437 1276 σπεύδων
460 1249 524 1281 τοὺς
550 1251 786 1286 προαιρουμένους
818 1252 906 1279 ἐπιτί-

118 1295 225 1323 θεσθαι.
243 1295 330 1323 Τοῦτο
341 1296 396 1331 γὰρ
411 1295 460 1323 καὶ
473 1296 528 1323 τῶν
542 1296 647 1332 ἐχθρῶν
663 1297 696 1324 ἂν
709 1297 814 1333 (ὥσπερ
825 1297 905 1334 ἔφην)

115 1342 222 1379 ποιήσῃ
235 1343 249 1369 ὁ
263 1342 383 1378 μέτριος.
400 1343 499 1370 Σκόπει
523 1341 580 1376 οὖν,
602 1340 643 1374 οἷς
657 1343 729 1378 ὑπὲρ
742 1343 789 1370 σοῦ
806 1343 905 1378 λέγεις,

116 1388 171 1416 τίνι
195 1388 308 1415 σεαυτὸν
325 1389 492 1421 συντάττεις,
511 1390 566 1424 Οὐχ
581 1389 681 1426 ὕϐρισα
694 1390 760 1425 γὰρ,
782 1390 841 1417 οὐδὲ
852 1390 906 1417 τῶν

116 1434 308 1470 διασυρόντων,
325 1436 432 1470 φήσεις,
456 1435 565 1469 γέγονα.
583 1436 646 1462 οὐδὲ
668 1437 740 1464 κατὰ
754 1436 801 1463 σοῦ
814 1437 905 1468 δόλους

117 1479 296 1516 appetat/dm.
316 1479 387 1514 Ἐγὼ
400 1479 423 1506 δ’
443 1481 468 1506 εί
483 1480 520 1515 μὴ
534 1480 564 1506 τὸ
576 1480 705 1515 φορτικὸν
717 1480 904 1515 ηὑλαῦούμην,

120 1526 308 1562 ίσχυρισάμην
323 1526 369 1560 ἃν,
384 1527 422 1558 ὡς
445 1527 506 1554 οὐδὲ
522 1526 601 1554 τοῦτο
616 1527 665 1559 τῆς
691 1527 741 1562 σῆς
758 1527 840 1554 ἕνεκα
859 1536 905 1561 φι-

117 1571 242 1608 λοτιμίας
267 1573 314 1600 καὶ
337 1573 468 1608 γνώμης·
491 1572 548 1599 ἀλλ’
575 1573 616 1599 ὅτι
645 1572 707 1607 μηδ’
723 1572 806 1608 ἔχεις,
826 1573 855 1606 ἐξ
869 1570 906 1601 ὧν

120 1626 164 1644 σοι
176 1618 273 1649 ταῦτα,
293 1617 331 1653 μὴ
355 1617 415 1644 λίαν
440 1619 607 1654 ἀσχημόνως
635 1619 685 1645 καὶ
708 1617 905 1652 ἐπιγελάστως,

121 1672 154 1690 συ
158 1663 286 1700 μπλασθή
291 1672 378 1691 σεται.

426 1795 539 1824 ΕΠΙΣΤ.
562 1795 604 1823 Ε’.

330 1841 413 1875 Ἠλίᾳ
434 1841 697 1876 πρωτοσπαθαριῳ.

955 930 1106 957 amicorum
1117 933 1169 961 est.
1187 930 1308 966 indignis
1333 931 1422 958 modis
1439 931 1567 959 multatos
1581 932 1651 959 tueri
1665 932 1744 966 velle,

955 974 1083 1009 periculis
1099 982 1129 1002 sc
1154 975 1189 1002 ob
1216 983 1264 1003 eos
1285 975 1395 1008 otl'erre,
1415 980 1443 1003 et
1465 976 1520 1003 vim
1538 976 1639 1004 illatam
1653 977 1748 1012 prohi-

956 1021 1031 1053 bere,
1045 1026 1177 1056 quantum
1204 1021 1316 1056 quidem
1344 1022 1372 1049 in
1401 1022 1466 1057 ipsis
1485 1022 1578 1050 fuerit.
1605 1023 1747 1050 lnterini-

955 1065 1041 1094 mices
1066 1066 1208 1094 modestus
1234 1071 1285 1099 est,
1313 1067 1360 1102 qui
1389 1067 1423 1095 ab
1451 1071 1515 1095 ante
1542 1069 1698 1096 memoratis
1716 1075 1748 1097 so

956 1111 1112 1146 expeditum
1143 1117 1240 1139 tenens
1253 1132 1260 1144 ,
1276 1119 1327 1139 nec
1354 1113 1532 1147 sycophanta,
1557 1120 1610 1140 nec
1624 1113 1745 1146 dolosus,

955 1165 1006 1184 nec
1027 1158 1189 1185 insidiarum
1204 1162 1322 1184 structor
1333 1157 1395 1190 erit.
1415 1157 1556 1192 Improbus
1570 1162 1662 1185 autem
1675 1158 1746 1185 ami-

955 1211 1004 1232 cus
1018 1204 1063 1231 ille
1077 1204 1119 1240 (si
1139 1205 1220 1231 modo
1246 1203 1307 1231 talis
1337 1203 1441 1231 amicus
1467 1204 1616 1240 dicendus)
1633 1204 1679 1239 qui
1694 1212 1746 1232 nec

955 1250 1085 1286 protegit,
1115 1258 1168 1278 nec
1190 1250 1357 1285 periclitatur
1379 1258 1429 1285 pro
1444 1251 1542 1282 amico,
1566 1257 1618 1277 nec
1637 1250 1746 1278 festinat

956 1303 1004 1323 eos
1018 1295 1162 1330 repellere.
1192 1295 1238 1330 qui
1256 1295 1283 1323 in
1310 1295 1427 1323 amicum
1442 1295 1502 1330 ejus
1524 1295 1630 1323 irruere
1651 1303 1745 1324 secum

957 1345 1121 1369 statuerunt.
1136 1341 1165 1369 ld
1180 1341 1254 1369 enim
1268 1341 1310 1369 vel
1323 1341 1370 1376 qui
1384 1341 1455 1369 inter
1466 1341 1591 1369 inimicos
1606 1341 1746 1369 modestus

957 1391 998 1414 est
1016 1387 1068 1422 (ut
1086 1385 1160 1421 dixi)
1175 1386 1284 1414 etiiciet.
1305 1386 1369 1414 Vide
1384 1386 1422 1414 sis
1441 1394 1506 1422 ergo
1526 1387 1570 1414 cui
1584 1387 1703 1422 ipsorum
1719 1391 1747 1414 te

956 1440 1132 1465 annumeres.
1148 1440 1195 1468 per
1205 1440 1236 1459 ea
1252 1440 1313 1468 quae
1323 1440 1373 1468 pro
1386 1437 1413 1460 te
1425 1433 1535 1469 allegas.
1551 1432 1590 1460 Te
1600 1441 1655 1461 non
1668 1432 1746 1461 atieci

957 1478 1142 1511 contumeliis,
1166 1478 1284 1512 inquies,
1308 1486 1361 1506 nec
1385 1478 1418 1506 iis
1435 1479 1634 1506 annumerabar
1657 1479 1704 1514 qui
1720 1484 1747 1508 to

957 1523 1122 1557 inridebant;
1138 1524 1226 1551 nullos
1241 1524 1269 1551 in
1293 1529 1319 1552 te
1343 1524 1472 1552 contexui
1493 1525 1579 1552 dolos.
1595 1525 1648 1561 Ego
1659 1530 1746 1560 certe,

957 1569 1009 1597 nisi
1026 1570 1099 1605 quod
1113 1570 1236 1598 odiosum
1250 1570 1302 1598 hoc
1319 1569 1377 1598 fore
1392 1578 1497 1604 verear,
1519 1571 1682 1599 conﬁrmare
1696 1579 1747 1599 au-

957 1617 1052 1645 derem
1069 1617 1122 1645 hoc
1134 1618 1211 1645 nullo
1225 1618 1307 1645 modo
1320 1622 1351 1645 ut
1362 1617 1534 1645 aestimationi
1550 1622 1603 1645 tute
1619 1618 1747 1645 consule-

955 1670 1011 1695 res,
1029 1667 1077 1690 aut
1096 1663 1239 1690 sententiae
1257 1662 1370 1690 factum.
1388 1663 1446 1690 lmo
1456 1670 1521 1690 vero
1543 1663 1644 1690 nullam
1661 1663 1746 1690 habes

955 1709 1127 1736 occasionem
1143 1709 1191 1737 tibi
1209 1709 1406 1744 suppeditatam
1421 1709 1493 1736 unde
1508 1709 1568 1740 ista.
1585 1709 1639 1737 nisi
1651 1709 1746 1737 admo-

957 1754 1022 1781 dum
1037 1755 1155 1782 absurde
1170 1760 1197 1782 et
1209 1755 1332 1787 ridicule.
1353 1755 1509 1791 conﬁngere
1523 1755 1623 1790 possis.

1255 1799 1364 1828 EPIST.
1380 1799 1413 1827 ν.

1211 1845 1278 1873 Elia:
1300 1846 1522 1881 protosputhart'o.

739 1895 874 1922 Montacut.
892 1897 945 1930 (ep.
962 1899 1002 1930 16,
1019 1907 1044 1931 p.
1061 1899 1112 1931 77).

158 1950 289 1986 ᾜτήσω’
318 1949 502 1985 συνεθέμεθα·
525 1949 651 1984 γέγονεν·
681 1950 835 1986 εὐχαρίστει
861 1949 908 1979 οὖν

117 1996 178 2033 Θεῷ
192 1997 231 2032 τῷ
250 1996 362 2032 χορηγῷ
379 1996 426 2023 καὶ
438 1996 519 2031 αἰτίῳ
535 1996 651 2023 πάντων
668 1996 722 2023 τῶν
742 1997 842 2030 καλῶν,
859 1997 908 2033 τῆς

120 2042 276 2079 βαρυτάτης
292 2042 454 2079 φορολογίας
471 2041 650 2075 ἀπαλλαγείς.

428 2104 539 2132 ΕΠΙΣΤ.
549 2105 576 2138 ς
579 2108 595 2131 ⁷.

120 2150 319 2186 Θεοφυλάκτῳ
346 2151 508 2185 πατρικίῳ,
525 2150 588 2190 ’καὶ
616 2149 774 2186 στρατηγῷ
807 2150 905 2186 Ἀρμε-

449 2193 561 2212 νιακων
564 2204 572 2213 ο

992 1953 1176 1989 Supplicasti:
1201 1954 1401 1982 condescendi:
1427 1954 1528 1982 factum
1561 1960 1614 1983 est.
1638 1955 1744 1986 Gratias

955 2007 1005 2035 age
1022 1999 1077 2027 Deo
1092 2000 1174 2035 igitur
1184 1999 1304 2035 largitori
1318 2004 1345 2027 et
1359 2007 1446 2027 causa:
1460 1999 1593 2027 bonorum
1610 2002 1744 2036 omnium,

954 2045 1027 2082 quod
1041 2045 1112 2073 liber
1125 2045 1163 2073 sis
1186 2053 1202 2073 a
1219 2045 1320 2074 tributo
1334 2045 1494 2081 gravissimo
1511 2046 1673 2078 colligendo.

1251 2109 1357 2137 EPIST.
1374 2109 1417 2136 Vl.

1011 2155 1201 2192 Theophylacto
1213 2157 1337 2191 patricio,
1350 2162 1376 2184 et
1392 2157 1453 2184 duci
1462 2156 1690 2184 Armeniacorum.

741 2232 875 2258 Montacut.
894 2234 947 2260 (eo.
963 2234 1004 2260 21.
1020 2242 1045 2260 u.
1061 2235 1113 2260 82).

154 2275 225 2312 Τρία
237 2275 326 2311 μισεῖν
340 2271 465 2306 οἶδα,καὶ
475 2274 538 2305 τοὺς
555 2273 650 2306 ἄλλους
665 2234 903 2310 μισεῖζιέιαῗὶἳὶίῦξ

963 2234 991 2259 21
1040 2255 1045 2260 .
1061 2235 1092 2260 82
1106 2254 1113 2260 .

993 2242 1057 2305 ’ίίξίο
1071 2235 1133 2305 odio
1145 2277 1272 2313 prosequi
1291 2282 1395 2305 certum
1408 2281 1460 2309 est.
1475 2281 1503 2305 et
1519 2277 1588 2305 alios
1601 2277 1696 2306 hortor
1714 2284 1744 2307 ut

118 2322 227 2359 ψεῦδος,
243 2321 291 2348 καὶ
306 2320 408 2351 δόλους,
426 2319 474 2346 καὶ
487 2320 597 2354 ἀγάπης
615 2319 772 2355 διαφθοράν.
799 2321 905 2356 ’Λλοίην

120 2370 154 2396 ἂν
167 2369 222 2399 τοῖς
246 2366 345 2403 τρισὶν,
365 2367 392 2393 ετ
405 2366 432 2392 τί
451 2375 507 2401 μοι,
534 2365 601 2401 παρ’
631 2366 649 2393 ἃ
670 2366 831 2402 διεπράχθη,
859 2367 906 2394 καὶ

120 2414 192 2442 κατὰ
217 2413 278 2440 νοῠν
296 2413 360 2448 ἐχω,
379 2412 467 2444 άλλως
492 2413 568 2448 ἐρεῖν
598 2412 748 2447 μελετήσω.
777 2412 849 2447 Ἐγώ
875 2421 906 2439 σε

120 2460 198 2495 φίλον
211 2459 394 2495 ἐποιησάμην,
415 2458 491 2493 φίλον
517 2458 567 2493 μὲν
580 2458 645 2485 ὄντα
658 2458 736 2490 Θεοῦ,
751 2458 801 2485 ὅσα
816 2467 848 2493 γε
866 2460 906 2491 είς

120 2506 244 2537 εὐσεϐεῖς
263 2503 314 2541 ἦκε
335 2505 493 2540 λογισμοὺς,
508 2504 584 2539 φίλον
600 2504 629 2530 δὲ
648 2505 742 2531 πιστὸν
761 2506 817 2536 τοῖς
831 2504 906 2539 φιλο-

121 2553 242 2588 χριστοις
267 2550 421 2587 βασιλεῦσιν
442 2550 538 2586 ἡμῶν
563 2550 623 2577 οὐδὲ
636 2552 671 2577 τά
698 2551 766 2586 πρὸς
789 2551 865 2586 ἡμᾶς
878 2551 907 2578 δὲ

121 2598 198 2633 παρὰ
213 2597 299 2624 ταῦτα
313 2597 362 2631 (ὣς
379 2604 411 2630 γε
429 2596 526 2628 αὐτοὺς
539 2596 644 2631 ἢγομεν
658 2596 699 2628 είς
715 2595 823 2630 πειθὼ),
840 2596 908 2623 ἀλλὰ

119 2645 167 2672 τὸν
181 2644 273 2679 ὅμοιον
285 2644 390 2679 τρόπον
403 2642 574 2678 διακείμενον
583 2650 590 2657 ’
607 2641 675 2669 ἀλλὰ
682 2642 743 2668 τότε
757 2642 806 2677 μὲν
821 2641 908 2674 οὕτως

121 2690 234 2726 εἴχομέν
259 2698 288 2717 τε
316 2689 365 2716 καὶ
392 2689 585 2724 πεπείσμεθα,
608 2689 706 2724 ἔχομεν
729 2689 757 2715 δὲ
777 2688 908 2720 ὡσαύτως

120 2738 168 2765 καὶ
185 2737 242 2764 νῦν.
260 2735 322 2768 Πῶς
338 2735 385 2763 οὖν
405 2735 470 2771 ἡδύς
488 2737 546 2771 εἰμι
560 2736 617 2768 τοῖς
632 2737 689 2767 σοῖς
705 2735 887 2769 συκοφάνταις
900 2743 907 2767 ;

122 2782 294 2818 Αἰσχύνομαι
310 2782 366 2817 γὰρ
383 2782 482 2814 εἰπεῖν,
503 2781 562 2813 πῶς
580 2779 661 2816 ἦλθον
675 2781 724 2807 ἐπὶ
748 2781 797 2812 σὰς
818 2780 908 2808 διαϐο-

123 2830 189 2861 λάς·
216 2829 276 2856 οὐδὲ
300 2829 356 2864 γὰρ
385 2828 416 2855 τὺ
445 2828 572 2855 ἀπολύειν
602 2828 722 2864 ἐμαυτὸν
747 2826 909 2862 ὑπολήψεως

123 2874 263 2910 τοιαύτης,
283 2875 395 2902 ᾶνεχτον
413 2874 495 2910 ἐμοί’
509 2873 567 2901 ἀλλ’
591 2874 692 2906 ἐκεῖνος
714 2873 821 2908 ἐχθρὸς,
837 2873 908 2899 ἐκεῖ·

956 2323 1081 2351 similiter
1108 2331 1190 2351 exosa
1207 2323 1334 2356 habeant,
1351 2323 1532 2354 mendacium.
1556 2323 1642 2356 dolos,
1659 2325 1744 2352 inter-

957 2370 1026 2397 itum
1052 2371 1162 2398 amoris.
1189 2370 1217 2396 Si
1240 2370 1304 2405 quid
1334 2370 1412 2397 aliter
1430 2369 1529 2397 efferre
1554 2369 1742 2405 proposuerim

956 2424 1037 2452 quam
1049 2416 1185 2451 quomodo
1197 2421 1302 2451 gestum
1318 2419 1369 2449 est,
1385 2420 1414 2442 et
1429 2415 1500 2450 apud
1515 2416 1634 2442 animum
1651 2424 1742 2443 Ineunt

957 2462 1107 2497 cognitum,
1128 2461 1213 2488 tribus
1238 2461 1296 2488 istis
1317 2469 1367 2496 ego
1391 2461 1613 2494 culpabilisﬁam.
1638 2461 1693 2497 Ego
1718 2467 1744 2490 te

957 2507 1024 2534 mihi
1040 2507 1157 2534 amicum
1180 2506 1333 2538 conciliavi,
1351 2507 1397 2534 Dci
1429 2506 1545 2533 amicum
1567 2507 1744 2535 exsistentetn

957 2552 1007 2587 (in
1037 2556 1169 2587 quantum
1192 2551 1236 2586 pia
1265 2551 1429 2586 cogitatione
1449 2551 1555 2586 assequi
1576 2552 1721 2586 potuerim)
1735 2571 1743 2583 ,

956 2598 1073 2625 amicum
1096 2602 1188 2624 autem
1209 2597 1326 2627 ﬁdelem,
1351 2597 1458 2632 regibus
1479 2597 1580 2624 nostris
1595 2605 1610 2624 a
1634 2597 1745 2625 Christo

957 2642 1082 2670 dilectis:
1099 2650 1150 2670 nec
1167 2646 1193 2669 te
1208 2642 1376 2677 reputabam,
1389 2642 1460 2677 quod
1483 2650 1641 2677 persuasum
1660 2643 1744 2670 habe—

958 2688 1032 2721 bam,
1050 2687 1129 2714 aliter
1151 2687 1177 2714 in
1193 2694 1244 2714 nos
1267 2686 1347 2714 etiam
1371 2687 1536 2718 animatum;
1557 2686 1626 2713 bene
1650 2694 1743 2713 verum

959 2739 1024 2761 tunc
1037 2733 1146 2768 quidem
1172 2733 1208 2760 ita
1224 2732 1293 2760 forte
1314 2740 1473 2767 persuasum
1489 2731 1632 2762 habebam,
1651 2731 1704 2758 imo
1717 2736 1745 2759 et

958 2780 1106 2807 etiamnum
1125 2777 1220 2805 eodem
1244 2778 1325 2804 modo
1339 2777 1428 2804 atIecti
1444 2785 1547 2804 sumus.
1563 2777 1652 2810 Quare
1665 2777 1746 2812 igitur

958 2829 1052 2860 gratus
1084 2831 1145 2851 sum
1162 2827 1189 2850 et
1214 2827 1342 2858 acceptus
1369 2822 1423 2849 tuis
1448 2821 1643 2857 sycophantis?
1663 2822 1746 2855 pudet

959 2871 1033 2900 cnim
1062 2870 1153 2898 dicere
1172 2877 1216 2897 me
1243 2869 1277 2897 ad
1296 2872 1323 2896 te
1349 2867 1530 2897 accusandum
1559 2866 1744 2902 descendisse_
