1928 3097
183 160 236 193 931

748 156 879 188 PHOTII
895 151 1147 186 PATRIARCHE
1168 152 1222 182 (ΞΡ.

1756 142 1806 176 932

181 223 234 244 nec
249 214 315 242 mihi
338 217 413 242 certe
437 212 607 240 tolerandum
627 211 735 239 videtur
760 211 794 238 ab
818 209 991 245 huiusmodi.

1043 216 1072 240 ος
1089 206 1271 240 συκοφάντης,
1284 203 1389 234 ἐκεῖνος
1403 202 1492 230 πάντα
1508 201 1602 234 κακὸς,
1614 201 1629 228 ὁ
1643 200 1807 236 τηλικαύτην

182 262 343 298 suspicione
357 268 401 288 me
415 259 544 294 expedire
559 268 565 285 :
581 265 675 285 verum
692 257 736 284 ille
762 257 859 288 hostis,
877 256 920 283 ille
934 263 973 290 sy-

185 309 322 343 cophanta
342 306 488 341 omnigena
503 304 606 332 malitia
622 304 743 338 repletus
755 308 807 335 est,
821 303 867 338 qui
881 302 972 334 talem,

186 359 288 382 lautam
307 352 537 379 machinationem
554 351 694 382 instruxit,
706 354 736 377 ut
752 353 777 377 te
790 350 898 384 penitus
911 357 975 384 spo-

187 401 280 427 liatqu
294 398 388 426 amicis
408 398 544 429 redderet,
559 401 587 424 et
605 404 656 424 nos
669 401 726 423 tum
742 396 823 423 etiam
849 396 876 422 in
891 396 976 422 male-

188 448 300 473 ticorum
313 450 434 472 extrema
448 444 559 479 regione
573 444 663 470 locare
677 443 836 474 destinarat,
847 442 977 469 nimirum

190 497 219 519 ut
238 492 401 524 nrincinium
431 498 486 518 non
508 490 643 517 violenter
671 497 802 517 manuum
831 489 976 521 illatarum,

189 537 237 564 sed
255 537 371 572 improbi
387 536 480 569 animi,
493 545 508 563 a
523 537 601 563 nobis
617 536 794 570 procederet(
809 535 880 562 unde
893 535 979 562 multo

191 584 324 618 majorum
346 583 480 610 malorum
505 582 582 618 origo
599 590 680 617 quam
707 589 722 608 a
742 581 868 608 manibu’s
882 588 979 615 proce-

192 629 260 655 duut
287 627 436 662 violentis),
449 632 478 654 ut
518 635 568 662 pro
602 626 751 654 dilectione
775 626 867 653 odium
890 627 980 661 potius

193 679 421 708 exspectaremus.
433 678 460 700 et
471 673 549 700 dolos
567 673 700 708 refugium
716 672 795 699 nobis
811 671 839 699 in
854 672 982 699 omnibus

194 725 388 747 statueremus.
403 720 499 747 Omnia
514 719 542 746 in
566 727 616 746 nos
632 727 680 754 per
696 719 747 745 hoc
760 719 848 753 ipsum
865 718 982 754 ingerit;

194 765 354 793 coincidunt
367 765 468 792 etenim
483 765 511 791 iu
532 772 561 792 se
574 764 636 797 ista,
651 772 713 791 cum
734 764 834 791 malum
850 771 901 791 nos
919 763 984 790 ami-

195 811 235 838 cis
252 810 401 838 machinari
426 810 530 841 statuit,
552 813 580 837 et
605 814 695 837 tamen
719 810 777 837 haec
798 809 857 844 ipsa
875 809 984 837 eﬂ‘utire

197 865 252 884 non
268 856 374 883 horruit
394 856 466 890 apud
485 863 533 883 eos
558 855 657 890 quibus
670 855 774 890 optime
791 855 877 882 nostri
893 863 983 882 mores

197 902 253 928 noti
267 906 356 933 erant,
374 889 511 935 utcunque
539 889 575 927 de
599 900 715 927 ridiculo
741 899 901 927 habebatur.
916 900 982 932 Quis
999 889 1020 917 Β

197 947 417 980 dcmumcunque
447 945 538 976 fuerit,
566 943 742 984 manifestum
769 943 843 970 illum
880 942 981 970 facito:

198 992 238 1019 sic
253 996 326 1018 certe
344 995 370 1018 te
383 998 397 1016 a
422 990 491 1017 mala
510 989 598 1017 bestia
621 989 790 1024 expediveris
804 996 864 1023 quae
879 989 984 1016 clancu-

199 1038 254 1064 lum
272 1044 333 1064 cum
360 1036 475 1070 teipsum
494 1040 551 1062 tum
579 1035 662 1062 etiam
687 1035 789 1062 amicos
813 1034 984 1069 depraedatur

199 1087 228 1109 et
243 1082 393 1113 admordet,
416 1086 444 1108 et
458 1081 509 1108 sub
528 1085 660 1116 praetextu
674 1080 871 1108 benevolentiae
897 1080 989 1108 multi—

200 1127 284 1162 plices
297 1127 447 1154 instimulat
472 1126 638 1153 inimicitias.
664 1125 711 1153 Sin
732 1126 882 1153 abscondes
901 1126 989 1159 illum,

200 1181 250 1208 ego
264 1177 391 1208 tanquam
410 1173 436 1199 iu
454 1177 603 1207 conspectu
623 1172 683 1205 Dei,
695 1172 846 1207 apologiam
861 1172 933 1205 dedi,
946 1180 990 1200 me

200 1219 313 1246 credere
336 1219 445 1253 quidem
473 1221 500 1245 et
524 1217 646 1252 proﬁteri
669 1217 787 1244 amicum
810 1222 836 1244 te
867 1221 991 1245 nostrum

201 1265 268 1297 Deo,
281 1270 308 1291 et
323 1264 453 1299 piissimis
471 1263 684 1298 imperatoribus
707 1263 848 1294 devotum,
867 1270 921 1289 non
936 1263 989 1289 mi-

201 1318 254 1338 nus
275 1311 304 1337 in
324 1309 452 1345 praesenti
468 1317 548 1344 quam
575 1309 609 1336 ab
628 1309 703 1336 olim.
731 1309 873 1344 Improbus
898 1314 990 1336 autem

202 1357 247 1384 ille
261 1357 343 1384 homo
358 1356 431 1383 haud
444 1355 572 1391 quadam,
596 1355 662 1382 mihi
679 1355 770 1388 crede,
787 1355 889 1382 malitia
905 1355 990 1382 desti-

1025 253 1133 284 πλάσας
1146 249 1294 285 συσκευὴν,
1312 249 1359 275 καί
1373 257 1403 274 σε
1419 248 1504 283 φίλων
1515 247 1563 274 καὶ
1576 246 1631 274 τῶν
1640 246 1681 273 ὅτι
1695 246 1809 282 μάλιστα

1026 298 1182 329 σπουδάσας
1201 297 1304 332 ἔρημον
1324 296 1421 328 ποιεῖν,
1436 294 1484 321 καὶ
1497 293 1570 329 ἡμᾶς
1587 293 1626 324 είς
1642 292 1687 319 τδν
1699 291 1809 327 ἔσχατον

1024 345 1079 372 τῶν
1115 344 1281 379 κακουργῶν
1320 342 1413 378 χώραν
1436 341 1543 368 τάττειν
1569 339 1683 374 οἰηθεὶς.
1718 339 1810 374 ἄρχειν

1026 392 1138 422 ἀδίκων,
1158 391 1188 417 οὐ
1200 390 1310 425 χειρῶν.
1328 389 1396 415 ἀλλά
1421 387 1534 423 γνώμης
1549 386 1572 422 (ὃ
1589 386 1720 412 πλειόνων
1740 385 1812 412 αίτία

1027 438 1130 470 κακῶν,
1146 437 1162 472 ἢ
1177 437 1270 472 χερσὶν
1287 435 1433 470 ὑϐρίζειν),
1451 435 1528 469 μῖσος
1538 433 1566 460 δὲ
1581 432 1634 468 πρὸ
1644 432 1694 465 τῆς
1705 431 1813 466 ἀγάπης

1027 484 1121 519 τιμᾷν,
1156 483 1202 509 καὶ
1225 483 1270 509 τὸν
1296 482 1371 508 δόλον
1403 480 1476 516 ἔχειν
1502 480 1542 511 είς
1566 478 1727 513 ἀποφυγήν
1757 477 1813 512 ἅμα

1029 530 1118 555 πάντα
1136 528 1227 563 φέρων
1244 527 1306 554 καθ’
1333 526 1412 562 ἡμῶν
1437 525 1588 561 (συντρέχει
1603 523 1657 559 γὰρ
1674 522 1760 550 ταῦτα
1775 523 1814 553 είς

1030 574 1098 601 αὐτὸ
1111 574 1150 608 τῷ
1166 573 1251 600 κακόν
1267 582 1293 599 τι
1310 574 1368 603 τοῖς
1383 571 1470 606 φίλοις
1483 571 1585 597 ἐθέλειν
1599 571 1696 601 ποιεῖν,
1712 568 1731 596 ἃ
1743 568 1814 602 λέγει

1031 620 1157 656 ἐκεῖνος),
1185 620 1231 646 καί
1254 628 1296 645 τοι
1324 618 1432 652 γέλωτα
1462 616 1641 651 ὀφλισκάνων,
1668 616 1725 646 τοῖς
1744 615 1815 650 ἡμᾶς

1032 668 1124 699 εἰδόσι,
1133 668 1180 693 καὶ
1193 667 1239 693 τὸν
1248 666 1383 701 ἡμέτερον
1395 664 1506 699 τρόπον,
1529 664 1605 698 ὅμως
1619 662 1669 689 οὐκ
1683 662 1815 697 ὲνάρκτ,σε

1032 714 1143 749 τολμᾷν.
1167 713 1252 748 Δήλου
1270 712 1366 739 τοῦτον
1391 712 1465 743 ὅστις
1487 711 1520 738 ἂν
1585 715 1616 730 ι’·
1634 709 1817 744 ἀπαλλαγείης

1033 761 1087 794 γὰρ
1100 760 1133 786 ἂν
1152 759 1224 786 οὕτω
1236 758 1332 794 θηρίου
1347 757 1445 790 κακοῦ,
1469 757 1516 784 καὶ
1534 757 1564 783 σὲ
1583 757 1630 784 καὶ
1645 757 1707 788 τοὺς
1727 755 1817 790 φίλους

1033 806 1120 841 λάθρα
1140 805 1340 840 λυμαινομένου
1356 806 1403 831 καὶ
1429 803 1585 835 δάκνοντος,
1605 803 1654 830 καὶ
1682 803 1711 829 ὲν
1736 811 1820 837 προσ-

1035 853 1144 887 ποιήσει
1163 852 1271 883 εὐνοίας
1299 850 1400 886 πολλὴν
1428 850 1604 881 ὲκκενοῦντος
1619 855 1630 868 θ
1647 850 1696 884 τὴν
1721 848 1820 883 δυσμέ-

1035 906 1122 924 νειαν.
1144 897 1175 924 Εἰ
1195 896 1224 923 δὲ
1251 897 1367 932 κρύψεις
1391 896 1501 929 τοῦτον,
1521 896 1601 931 ἡμεῖς
1624 895 1683 929 μὲν,
1711 893 1750 925 ὡς
1776 894 1822 920 ἐπὶ

1037 942 1150 977 Κυρίου,
1181 941 1416 977 ἀπολελογήμεθα,
1447 941 1494 967 καὶ
1518 941 1596 975 φίλον
1621 949 1651 967 σε
1683 940 1731 966 καὶ
1754 938 1821 965 Θεοῦ

1036 988 1125 1023 ἡμῶν,
1146 988 1194 1015 καὶ
1220 988 1275 1014 τῶν
1303 987 1508 1014 εὐσεϐεστάτων
1532 985 1664 1022 βασιλέων
1690 985 1775 1012 πάλαι
1792 993 1823 1011 τε

1037 1034 1084 1060 καὶ
1099 1033 1158 1065 νῦν,
1184 1034 1232 1061 καὶ
1257 1034 1435 1068 πιστεύομεν,
1472 1033 1519 1060 καὶ
1543 1033 1728 1069 κηρύσσομεν.
1751 1031 1781 1060 Ὀ
1795 1031 1824 1058 δὲ

1040 1081 1125 1112 κακὸς
1142 1081 1245 1112 ἐκεῖνος
1262 1080 1342 1116 ἀνὴρ,
1366 1079 1396 1107 εὖ
1412 1081 1477 1112 ίσθι,
1491 1081 1529 1113 ὡς
1554 1081 1603 1108 οὐκ
1617 1081 1751 1115 ἀπορήσει
1773 1088 1824 1107 κα-

1040 1127 1112 1158 κίας,
1125 1126 1158 1153 δι’
1174 1124 1212 1153 ὦν
1228 1127 1263 1153 τὰ
1283 1127 1317 1153 σά
1331 1127 1416 1162 χείρω
1440 1127 1573 1162 διαθήσει.
1599 1125 1669 1160 Ἐγὼ
1690 1125 1719 1152 δέ
1733 1134 1773 1152 σοι
1785 1126 1825 1152 ἔτι

1011 1192 1017 1196 .
1041 1172 1280 1207 συμϐουλεύσαιμι
1297 1172 1329 1199 ἂν
1343 1173 1380 1207 μὴ
1394 1172 1527 1208 κρύπτειν
1540 1172 1585 1199 τὸν
1603 1171 1692 1199 κοινὸν
1709 1171 1804 1207 ἐχθρόν
1817 1180 1824 1187 ο

1040 1218 1087 1245 καὶ
1104 1219 1128 1244 εί
1146 1218 1194 1254 μὲν
1212 1219 1346 1251 ἀπιστεῖς,
1357 1215 1394 1246 ὧν
1404 1218 1522 1254 ἔγραψα,
1539 1216 1569 1246 εὖ
1581 1217 1628 1245 οἷδ’
1641 1219 1682 1245 ὅτι
1697 1218 1825 1254 κρύψεις·

1043 1265 1121 1299 φίλον
1133 1264 1187 1300 γὰρ
1202 1265 1324 1300 νομίσεις
1337 1274 1343 1281 ·
1357 1265 1408 1301 ἐμὲ
1422 1265 1449 1292 δὲ
1463 1265 1558 1300 μακρὰ
1571 1266 1665 1301 ληρεῖν
1677 1267 1725 1293 καὶ
1743 1265 1828 1299 φλυα-

1045 1312 1102 1344 ρεῖν
1125 1311 1225 1346 μάτην.
1250 1311 1281 1338 El
1300 1311 1328 1338 δὲ
1350 1311 1555 1347 θριαμϐεύσεις,
1571 1312 1734 1343 ἐπίστευσας
1760 1312 1829 1347 ὅπερ

1045 1356 1161 1392 εὔχομαί
1176 1366 1218 1389 τε,
1234 1357 1282 1385 καὶ
1295 1359 1398 1393 ἀμφοῖν
1415 1358 1597 1394 λυσιτελήσει.

203 1407 304 1436 utetur,
321 1410 373 1438 qua
405 1410 450 1429 res
473 1406 534 1429 tuas
555 1400 676 1436 pessimo
697 1401 757 1428 loco
783 1405 894 1429 statuat.
925 1401 1102 1430 Consulerem
1127 1410 1177 1438 ego
1214 1403 1264 1431 tibi
1288 1409 1373 1437 certe,
1404 1412 1439 1432 ne
1464 1406 1531 1432 velis
1560 1412 1732 1433 communem
1755 1403 1830 1431 illum

203 1451 308 1477 hostem
325 1449 472 1476 occultare.
495 1449 576 1475 Certe
598 1453 688 1475 autem
715 1448 737 1475 si
751 1448 856 1476 dillidas
891 1449 923 1476 iis
951 1457 1011 1484 quae
1033 1450 1105 1477 dicta
1121 1455 1187 1478 sunt
1216 1459 1266 1486 per
1287 1459 1341 1485 me,
1371 1452 1428 1480 seio
1445 1457 1470 1480 te
1483 1453 1559 1480 illum
1574 1452 1786 1485 occultaturum,
1805 1455 1833 1479 et

205 1495 233 1522 in
249 1496 329 1522 amici
344 1503 426 1522 censu
443 1495 618 1527 habiturum;
639 1502 736 1529 passus
755 1495 864 1522 interim
880 1503 923 1523 me
949 1496 1043 1531 longas
1060 1497 1177 1533 ineptias
1208 1507 1289 1534 agere
1304 1504 1332 1526 et
1344 1499 1469 1534 desipere
1488 1499 1588 1527 frustra
1608 1509 1615 1526 :
1636 1500 1678 1527 sin
1693 1500 1833 1535 propalam

207 1543 316 1575 l'eceris,
332 1542 471 1570 credidisti
490 1541 555 1568 mihi
568 1549 575 1573 ;
590 1541 662 1575 quod
677 1541 706 1568 in
719 1541 796 1569 vobis
816 1546 867 1574 est,
887 1542 997 1578 utrique
1015 1548 1090 1571 certe
1110 1549 1235 1572 nostrqu
1252 1546 1464 1574 conducturum.

524 1598 632 1626 EPIST.
649 1598 706 1626 Vll.

405 1644 572 1672 Pantoleonti
591 1645 813 1680 prolespalhan’o.

1347 1603 1461 1630 ΕΠΙΣΤ.
1484 1602 1520 1629 Ζ’.

1197 1649 1398 1676 Πανταλέοντι
1415 1649 1679 1683 πρωτοσπαθαριῳ.

830 1702 963 1727 Montacut.
983 1701 1035 1733 (ep.
1051 1703 1091 1733 29.,
1109 1711 1134 1735 p.
1151 1705 1201 1734 85).

242 1754 295 1788 Qui
311 1753 400 1789 vergis
422 1753 456 1781 ad
469 1759 597 1780 occasum
617 1753 680 1781 vitae
699 1758 763 1786 tuae,
780 1753 908 1788 propellis
930 1753 999 1780 tein
1013 1755 1034 1783 C

208 1801 316 1829 illorum
342 1799 492 1826 insolentes
513 1799 642 1826 audacias
655 1799 754 1834 quibus
775 1800 885 1835 sanguis
909 1799 997 1826 bullit.

208 1848 279 1882 Quin
301 1847 373 1881 quod
387 1845 479 1873 verius
501 1850 544 1873 est
560 1850 590 1873 ut
611 1846 758 1881 proferam,
775 1846 912 1874 latronum
931 1845 1000 1873 faci-

209 1901 276 1921 nora
304 1897 333 1919 ut
357 1892 458 1919 leviora
486 1891 638 1919 habeantur
664 1896 788 1926 praestas.
810 1892 894 1921 Totos
926 1892 1000 1919 enim

210 1938 278 1970 dies,
293 1942 387 1964 noctes
403 1937 533 1972 integras,
549 1936 575 1963 iu
591 1937 729 1964 caedendis
739 1936 897 1965 hominibus
911 1941 1000 1964 trans-

211 1983 315 2015 mittis;
330 1990 381 2010 nec
392 1982 434 2009 vel
448 1983 583 2009 tantillum
601 1982 733 2017 temporis
749 1982 852 2010 omittis
874 1983 999 2018 improbe

211 2027 319 2062 gloriari
343 2028 377 2054 de
400 2027 506 2054 illorum
530 2027 619 2062 pinnis
638 2035 707 2062 quos
730 2027 882 2062 puniendos
910 2032 998 2055 tenes.

212 2075 334 2102 Phalaris
343 2074 411 2101 forte
419 2074 527 2108 aliquis,
537 2079 584 2102 aut
595 2074 747 2110 Dionysius,
757 2080 804 2102 aut
811 2076 831 2102 si
839 2076 885 2110 qui
893 2076 928 2103 ob
935 2084 999 2103 cru-

212 2121 350 2148 dt-lilatem
372 2119 518 2147 barbaram
546 2120 681 2148 celebrius
705 2128 804 2148 nomen
830 2121 940 2154 habent,
971 2121 1000 2148 in

211 2171 352 2195 certamen
371 2165 481 2201 prodire
503 2165 672 2193 ambitiosius
688 2170 787 2193 lentas.
809 2166 863 2194 Nec
883 2167 931 2194 tibi
946 2167 1000 2194 vita

213 2212 302 2239 vitalis
330 2211 455 2244 habetur,
483 2211 505 2239 si
524 2217 550 2238 te
574 2212 706 2246 aequalem
729 2211 781 2239 illis
796 2216 918 2247 praestes,
947 2212 1000 2239 nisi

214 2258 307 2285 nuiltis
322 2257 436 2285 excedas
458 2258 627 2293 parasangis.
648 2259 699 2285 Ast
716 2262 792 2286 certe
811 2266 872 2286 cum
887 2259 954 2286 viris
973 2259 1000 2286 in

213 2308 351 2338 certamen
370 2303 512 2331 descendit
527 2311 604 2339 puer.
631 2303 698 2331 Nam
715 2305 774 2331 sine
795 2304 849 2332 illis
867 2313 928 2339 quze
944 2312 1002 2332 ma-

212 2350 310 2384 guilice
334 2349 454 2384 alioquin
479 2350 644 2385 gerebantur
664 2350 698 2377 ab
722 2350 775 2377 illis
796 2350 930 2385 tyrannis,
952 2349 1002 2377 tibi

214 2394 335 2430 tyrannis
354 2394 425 2421 haud
447 2394 566 2427 videtur,
591 2395 654 2422 licet
674 2395 747 2422 omni
765 2403 848 2429 opere
864 2395 892 2421 in
920 2395 947 2422 id
962 2395 1002 2421 in-

214 2440 294 2466 nixus
317 2439 414 2472 lueris,
440 2444 468 2466 et
489 2444 597 2474 tempus
623 2440 720 2467 similia
746 2439 919 2475 perpetraudi
945 2448 1001 2467 non
1019 2428 1041 2455 Ῑ)

214 2484 295 2519 longe
309 2485 390 2512 absit.
420 2484 504 2520 Leges
526 2486 659 2520 profecto,
680 2494 795 2520 quarum
816 2485 949 2513 bcuclieio
962 2487 1002 2514 vi-

213 2534 282 2557 vunt
306 2530 477 2564 respublicae,
499 2530 571 2557 haud
591 2531 681 2558 adhuc
703 2535 834 2558 emortum
855 2536 931 2562 sunt.
953 2539 1003 2559 uec

214 2574 318 2602 diutius
334 2574 460 2602 tolerabit
473 2575 531 2602 lucc
540 2575 652 2610 justitize
665 2577 772 2603 oculus.
789 2576 856 2603 Cum
869 2576 943 2603 enim
956 2576 1002 2611 qui

214 2628 263 2656 per
276 2624 383 2646 montes
398 2619 594 2647 latrocinantur
607 2619 693 2652 fures.
709 2628 759 2655 pro
772 2621 876 2648 meritis
892 2620 1003 2657 dignum

215 2666 377 2702 supplicium
396 2666 539 2700 sufferant,
558 2668 628 2695 haud
646 2676 752 2703 mquum
770 2674 822 2701 est,
842 2673 871 2695 ut
887 2669 932 2704 qui
953 2677 1002 2704 per

214 2721 283 2747 ram,
298 2720 360 2741 cum
375 2712 524 2749 improbius
535 2713 709 2748 deliquerint,
726 2715 898 2749 tranquillius
911 2719 1002 2749 agant.

1093 1755 1154 1782 Ἐπὶ
1167 1755 1226 1790 βίου
1246 1756 1352 1791 δυσμὰς
1373 1757 1459 1792 ἥκων,
1476 1758 1516 1788 είς
1532 1757 1567 1784 τὰ
1585 1757 1640 1784 τῶν
1656 1758 1839 1793 σφριγῶντων

1050 1798 1172 1832 ἐλαύνεις
1189 1801 1373 1836 νεανιεύματα
1380 1810 1387 1816 ·
1400 1802 1500 1836 μᾶλλον
1510 1802 1539 1828 δὲ
1547 1802 1729 1838 ἀληθέστερον
1737 1804 1838 1837 εἰπεῖν,

1050 1843 1133 1881 ἦττον
1147 1847 1251 1882 φοϐερὰ
1271 1848 1306 1874 τὰ
1321 1848 1375 1876 τῶν
1389 1848 1495 1885 λῃστῶν
1511 1848 1643 1880 δεικνύεις
1658 1848 1838 1885 τολμήματα·

1050 1890 1113 1921 ὅλας
1131 1891 1233 1923 νύκτας
1251 1892 1299 1918 καὶ
1312 1892 1377 1925 ὅλας
1393 1893 1502 1927 ἡμέρας
1517 1892 1645 1920 δαπανῶν
1659 1893 1700 1924 είς
1714 1894 1763 1925 τὰς
1785 1894 1840 1920 τῶν

1050 1936 1204 1973 ἀνθρώπων
1221 1938 1374 1973 μάστιγας⁶
1400 1938 1447 1966 καὶ
1466 1938 1565 1973 μικροῦ
1589 1938 1658 1974 μηδὲ
1672 1938 1770 1971 λιπὼν,
1792 1939 1840 1970 οὒς

1050 1982 1091 2009 ἔτι
1104 1983 1227 2016 κολάζων
1241 1983 1324 2019 ἔχεις,
1337 1983 1422 2016 κακὸς
1434 1982 1503 2010 εἶναι
1517 1984 1708 2020 σεμνύνεσθαι.
1720 1984 1842 2019 Φάλαρις

1052 2027 1118 2060 ἴσως
1136 2037 1188 2060 σοι,
1203 2029 1251 2055 καὶ
1265 2029 1414 2062 Διονύσιος,
1430 2030 1478 2056 καὶ
1492 2027 1533 2062 οἷς
1547 2030 1594 2056 ἐπὶ
1608 2029 1730 2065 ὠμότητι
1747 2029 1842 2064 μεῖζον

1051 2074 1148 2109 ὖνομα,
1165 2075 1204 2106 είς
1221 2074 1316 2109 ἀγῶνα
1342 2076 1504 2111 προκεῖσθαι
1529 2075 1745 2111 πεφιλοτίμησαι
1759 2084 1768 2092 ·
1792 2075 1843 2102 καὶ

1050 2121 1099 2155 οὐχ
1114 2120 1155 2147 ὃτι
1172 2120 1279 2152 τούτοις
1305 2120 1418 2149 σεαυτὸν
1433 2121 1586 2156 ἐνάμιλλον,
1604 2121 1661 2147 ἀλλ’
1677 2121 1703 2148 εί
1721 2121 1759 2156 μὴ
1786 2129 1842 2156 μα-

1052 2164 1110 2200 κρῷ
1139 2165 1331 2200 παραδράμοις
1351 2166 1473 2197 τούτους,
1492 2165 1537 2192 τὸν
1572 2165 1629 2200 βίον
1656 2174 1696 2192 σοι
1723 2165 1845 2193 ἀϐίωτον

1051 2211 1183 2246 νομίζεις.
1217 2211 1298 2238 Ἀλλὰ
1331 2213 1396 2244 παῖς
1425 2211 1493 2247 πρὸς
1520 2212 1628 2248 ἄνδραί
1654 2211 1844 2246 ἀγωνίζεταιο

1053 2257 1139 2291 χωρὶς
1154 2256 1208 2291 γὰρ
1233 2256 1299 2290 τῶν,
1325 2257 1398 2292 ἅπερ
1408 2258 1524 2289 ὲκείνοις
1540 2257 1628 2288 ἄλλως
1645 2265 1674 2283 τε
1688 2257 1736 2283 καὶ
1754 2265 1847 2291 μεγα-

1052 2301 1137 2332 λείως
1148 2301 1362 2337 διαπέπρακται,
1383 2302 1437 2329 οὐδ’
1458 2303 1474 2337 ἡ
1489 2303 1627 2338 τυραννὶς,
1650 2302 1692 2328 σοὶ
1702 2303 1847 2338 τυραννὶς,

1054 2347 1105 2374 κᾶν
1119 2347 1180 2374 λίαν
1198 2347 1325 2384 ὲκϐιάζῃ,
1334 2348 1439 2375 καὶτοῦ
1453 2349 1550 2375 παθεῖν
1559 2349 1573 2374 ὁ
1585 2349 1690 2384 χρόνος,
1704 2345 1742 2375 ὧν
1754 2348 1850 2384 πρατ-

1054 2402 1123 2425 τεις,
1139 2393 1173 2420 τὰ
1189 2394 1270 2429 ὃμοια
1286 2394 1316 2421 οὐ
1333 2395 1442 2429 μακράν
1455 2402 1461 2409 ·
1487 2393 1549 2421 οὗτε
1563 2394 1618 2430 γὰρ
1633 2395 1656 2421 οἱ
1671 2394 1762 2429 νόμοι,
1785 2393 1852 2420 καθ’

1054 2438 1103 2470 οὒς
1117 2439 1144 2465 αί
1159 2439 1293 2466 πολιτεῖαι
1320 2440 1399 2473 ζῶσι,
1426 2439 1586 2475 τεθνήκασι,
1607 2440 1654 2467 καὶ
1672 2440 1686 2465 ὁ
1702 2440 1753 2474 τῆς
1768 2440 1853 2475 δίκης

1055 2486 1106 2512 οὐκ
1120 2485 1233 2517 ἀνέξοιτ¹
1246 2486 1279 2513 ἂν
1295 2486 1335 2512 ἔτι
1347 2486 1496 2521 ὀφθαλμὸς,
1511 2486 1581 2513 ὥστε
1591 2486 1646 2513 τῶν
1656 2487 1685 2513 ὲν
1702 2487 1759 2517 τοῖς
1770 2486 1855 2521 ὄρεσι

1056 2531 1174 2566 λῃστῶν,
1192 2533 1240 2566 τὴν
1264 2530 1342 2563 ἀξίαν
1367 2531 1493 2558 διδόντων
1515 2531 1701 2566 ποινηλασίαν,
1725 2531 1793 2562 τοὺς
1822 2533 1855 2558 ὲν

1056 2577 1117 2607 ταῖς
1133 2576 1243 2603 πόλεσιν
1264 2575 1453 2612 ἀναιδέστερον
1469 2576 1690 2612 μιαιφονοῦντας,
1703 2572 1741 2603 ὧν
1763 2576 1856 2611 χείρω

1057 2621 1270 2657 τελολμήκασιν,
1286 2622 1444 2658 ἀδεέστερον
1461 2622 1607 2658 βιώσεσθαι

1038 2669 1164 2697 civitates
1190 2670 1276 2698 multo
1298 2670 1483 2706 impudentius
1504 2670 1658 2699 homicidiis
1678 2670 1745 2698 dant
1783 2678 1860 2705 ope—

849 2801 966 2829 VARIKE
993 2799 1198 2829 LECTIONES.

255 2887 265 2900 τ
281 2883 323 2910 ίσ.
340 2883 395 2919 εἴη.
407 2889 416 2901 ε
428 2891 474 2918 γρ.
492 2883 694 2915 ἑκκεντοῦντος.
736 2884 744 2901 ί
762 2883 782 2918 ἢ
799 2883 907 2918 ἄνδρας.
