1928 3097
117 161 164 192 933

416 212 528 243 ΕΠΙΣΤ.
547 217 587 243 II'.

140 267 246 295 Λέοντι
259 263 415 298 σπαθαριῳ
429 262 470 295 τῷ
486 262 688 297 ἐπιλεγομένῳ
701 261 855 296 Δράκοντι.

679 161 949 193 EPISTOLARUM
972 161 1089 192 LIBER
1105 161 1164 192 ΙΙΙ.

1265 214 1371 242 EPIST.
1387 214 1455 242 VIII.

1042 261 1134 288 Leonti
1155 262 1302 296 spathan'o,
1322 264 1503 297 cognominata
1521 262 1644 290 Draconi.

727 321 863 346 Monucut.
881 320 933 352 (ep.
951 319 991 350 29,
1008 326 1033 351 p.
1050 319 1102 351 87).

138 378 236 406 Πολλοὶ
248 377 317 413 πρὸς
331 376 406 412 ἡμᾶς
419 374 496 402 λύκοι
510 374 560 409 τὴν
574 373 687 409 γνώμην
700 373 894 409 παρεγένοντο,

109 426 248 457 ποοὸάτων
265 424 404 459 ἐνδύματα
421 420 582 457 φοροῦντες,
602 421 649 447 καὶ
664 420 703 455 τῷ
717 419 817 452 ἔξωθεν
829 428 895 455 σχη-

108 470 233 506 ματισμῷ
247 469 297 505 τὴν
321 469 423 495 ἔσωθεν
439 467 663 503 περιστέλλοντες
679 465 778 492 κακίαν
789 473 796 481 ·
828 465 895 493 ἀλλὰ

107 517 205 544 τούτων
232 517 256 543 οί
274 516 384 547 πλείους
398 516 448 542 οὐκ
464 515 560 541 ἔλαθον
576 512 704 545 ἐπιπολὺ,
733 513 780 538 τοῦ
799 512 895 547 χρόνον

107 562 281 598 φωράσαντας
304 560 393 586 αὐτῶν
415 560 464 595 τὴν
487 559 584 594 τέχνην
601 578 608 591 ,
630 558 677 585 καὶ
691 558 724 593 τὴ
745 557 890 593 περιϐολὴν

105 608 151 642 τῆς
167 607 258 642 δορᾶς,
276 606 326 632 οὐκ
342 606 382 637 είς
398 606 486 640 μάτην
503 605 582 639 μόνον
605 604 806 639 ἐπινοηθεῖσαν,
824 603 893 630 ἀλλὰ

108 653 153 679 καὶ
164 652 261 686 διπλὴν
272 650 647 683 ὲπιδεικνύντος,τούναντίον
658 650 729 685 ἥπερ
739 649 891 681 ἐϐούλοντο,

105 700 152 734 τὴν
164 699 318 734 προσοῦσαν
332 698 424 729 αὐτοῖς
437 697 570 732 πονηρίαν
583 697 633 731 τήν
651 705 680 722 τε
698 696 891 732 κρυπτομένην

106 744 175 779 φημὶ
191 744 239 770 καὶ
253 744 301 778 τὴν
329 743 514 779 κρύπτουσαν.
541 742 575 769 Ἦ
592 742 621 769 δὲ
643 742 676 778 σὴ
699 742 889 777 μεγαλειότης,

106 789 141 820 ὡς
153 788 250 821 ἔοικεν,
263 790 295 816 ὲκ
309 789 408 815 πολλοῦ
429 788 508 815 τοῦτο
533 789 580 814 καὶ
596 787 770 823 μελετήσασα
784 787 831 814 καὶ
845 795 890 813 τε-

107 834 234 870 χνώσασει
246 855 252 867 ,
268 835 337 870 σοφὴ
363 834 410 861 τοῦ
436 834 585 861 καλύπτειν
611 833 718 868 ἐγένετο
731 833 762 860 τὺ
773 833 867 869 θηρίον
880 854 888 866 ,

979 372 1056 399 Μυίιί
1083 372 1117 400 ad
1143 379 1194 399 nos
1215 372 1345 400 animitus
1363 373 1420 408 lupi
1440 379 1625 406 accesserunt.
1642 376 1734 403 ovium

944 417 1103 445 indumenta
1120 423 1265 453 gestantes,
1278 418 1378 453 quique
1390 426 1438 454 per
1453 424 1595 447 externum
1611 421 1734 448 habitum

944 464 1081 491 internam
1119 464 1271 491 vestierunt
1304 464 1515 499 improbitatem.
1551 467 1605 494 Sed
1636 468 1734 495 horum

942 509 1068 544 plerique
1082 509 1129 537 diu
1142 518 1197 537 non
1218 510 1378 538 celabantur
1404 520 1410 537 :
1433 512 1562 540 revelavit
1577 513 1649 540 enim
1666 518 1734 541 tem—

944 566 997 593 pus
1017 558 1164 586 artiﬁcium
1180 559 1313 594 ipsorum,
1330 564 1358 587 et
1383 562 1513 588 amictum
1536 562 1667 597 pellicula:
1679 571 1733 590 nou

947 609 1052 632 tantum
1067 604 1093 631 in
1111 613 1210 632 vanum
1236 605 1417 641 excogitatum
1436 608 1606 639 monstravit,
1624 609 1671 635 sed
1692 609 1735 636 in-

947 657 1039 684 super,
1067 650 1142 684 quod
1169 650 1282 678 minime
1307 651 1436 678 volebant
1461 652 1572 684 factum,
1598 653 1734 688 duplicem

947 696 1014 730 ipsis
1034 696 1130 723 adesse
1154 696 1336 731 iniquitatem,
1351 697 1538 725 absconditam
1560 699 1688 726 nimirum
1707 704 1736 726 et

944 742 1167 770 abscondentem.
1204 742 1262 770 Tua
1291 748 1380 771 autem
1408 744 1627 779 magniﬁcentia.
1663 745 1734 779 quod

943 797 992 823 par
1008 794 1049 817 est
1073 789 1195 822 credere,
1221 797 1282 817 cum
1297 798 1312 817 a
1338 790 1418 825 longo
1444 795 1566 826 tempore
1594 791 1732 823 meditata,

942 839 970 861 et
990 835 1137 862 artiﬁciose
1165 840 1327 863 construens
1355 836 1439 863 fueris
1461 836 1554 869 istud,
1585 838 1736 872 prudenter

106 881 151 908 καὶ
167 881 263 916 μέχρις
277 881 310 908 ἂν
324 881 410 916 ἀρνίῳ
424 881 580 916 περιέτυχε,
596 881 645 915 τὴν
659 880 740 915 δορὰν
765 880 815 907 οὑκ
838 880 891 906 ἀπ-

948 880 1055 907 testiam
1071 880 1239 914 occultavit;
1263 889 1352 915 neque
1366 881 1464 916 pellem
1482 882 1630 917 deposuisti
1643 884 1734 918 prius-

106 926 181 953 έθετο
191 934 197 940 '
214 926 381 962 ἐπι-τυχοῦσα
397 926 437 959 δὲ,
462 926 509 952 καὶ
521 925 684 957 ἀπεδύσατο,
701 925 749 952 καὶ
762 925 806 952 τὸν
820 924 890 960 θῆρα

106 971 201 1004 ἔδειξε·
218 972 266 998 καὶ
280 971 416 1003 τοσοῦτον,
431 971 460 998 τό
472 979 504 1005 γε
515 970 601 1006 αὐτῆς
616 971 707 1006 μέρος,
724 970 758 997 τὰ
771 979 890 1006 προστυ-

105 1017 186 1052 χόντα
200 1016 361 1052 διέφθειρεν,
379 1017 441 1043 ὅσον
452 1016 513 1043 οὐδὲ
543 1016 577 1043 τὰ
605 1015 815 1051 προφανέστατα
836 1016 891 1042 τῶν

105 1063 282 1098 ἀγριωτάτων
296 1063 389 1098 θηρῶν
417 1063 570 1097 ἐλυμήνατο
592 1062 634 1089 ἄν.
656 1062 737 1088 Ἀλλὰ
760 1062 891 1097 χαίρομεν

105 1110 155 1136 κάν
170 1109 267 1144 τούτῳ,
285 1109 325 1136 ὅτι
340 1108 459 1136 λαθοῦσα
474 1108 625 1144 προέλαϐεν
639 1109 714 1143 ἡμᾶς
733 1107 891 1143 κρυπτομέμ

105 1166 137 1192 νη
162 1157 257 1190 κακία,
273 1157 290 1192 ἢ
315 1156 556 1192 προκατελάϐομεν
583 1156 664 1191 ἡμεῖς
689 1154 803 1181 κολάσαι
825 1155 892 1180 ὑπο-

105 1203 254 1238 νοουμένην
266 1202 429 1238 μοχθηρίαν·
446 1202 477 1228 τὺ
493 1202 541 1237 μὲν
557 1202 610 1236 γὰρ
620 1201 666 1228 καὶ
679 1201 775 1236 σφάλοι
788 1201 821 1227 ἂν
828 1200 893 1227 πολ-

105 1249 183 1281 λάκις
198 1249 247 1275 οὐκ
260 1249 302 1276 ἐπ’
319 1249 427 1284 ὀλίγον’
441 1248 472 1275 τὸ
485 1248 514 1275 δὲ
528 1247 574 1275 καὶ
592 1247 682 1281 λαθὸν,
703 1247 755 1282 τὴν
773 1246 892 1281 ὑστάτην

103 1295 155 1322 οὐκ
166 1295 200 1322 ἂν
215 1295 295 1330 φύγοι
305 1295 384 1331 δίκην
395 1303 402 1309 ο
416 1295 483 1322 ἀλλὰ
498 1295 584 1322 ταῦτα
600 1294 753 1330 γράφομεν,
776 1293 825 1328 οὐχ
849 1292 892 1319 ἴνα

105 1343 277 1377 ἐπιστραφῇς
305 1342 506 1378 (ἐπιστραφήσῃ
526 1341 580 1377 γὰρ
597 1341 644 1368 καὶ
660 1341 697 1377 μὴ
710 1339 817 1375 θέλων),
833 1338 892 1367 ἀλλ’

105 1388 150 1415 ἴνα
161 1388 233 1424 γνῷς
247 1389 286 1420 ὡς
299 1388 359 1415 οὐδὲ
385 1389 435 1422 τὴν
449 1387 536 1424 ἀρχὴν
565 1387 660 1419 ἔλαθες
669 1387 702 1414 ἂν
716 1388 799 1423 ἡμᾶς,
814 1388 839 1413 εί
854 1387 892 1422 μὴ

106 1435 238 1471 συνεργὸν
257 1432 337 1469 εὗρες
350 1434 399 1470 τὴν
413 1434 552 1469 ἡμετέραν
572 1433 788 1469 φιλανθρωπίαν.
817 1433 857 1460 Τὰ
869 1433 892 1459 δ’

104 1480 174 1508 ἄλλα
186 1480 325 1516 ὲρρὦσθαί
336 1489 366 1507 σε
380 1481 430 1515 τὴν
446 1480 535 1516 ψυχὴν
545 1480 644 1515 μᾶλλον
655 1480 672 1515 ἢ
681 1480 711 1506 τὸ
722 1480 801 1515 σῶμα
816 1480 894 1506 ἐπευ-

104 1527 209 1563 χόμεθα
223 1535 229 1541 ·
255 1527 304 1554 καὶ
335 1527 390 1554 τῶν
415 1527 623 1563 τετολμημένων
639 1526 683 1553 διὰ
701 1526 845 1562 μετανοίας
858 1526 894 1553 τὰ

943 933 1025 961 quam
1051 927 1078 953 in
1098 935 1197 962 agnum
1223 932 1362 962 arreptum
1385 928 1522 956 incidisti:
1551 929 1597 956 illo
1618 930 1732 965 potitus,

944 977 972 999 et
987 972 1098 1004 eruisti,
1123 978 1151 1000 et
1174 978 1200 1000 te
1215 974 1330 1001 bestiam
1353 974 1492 1009 professus
1515 983 1555 1002 es.
1576 975 1606 1002 In
1628 981 1733 1004 tantum

944 1026 1011 1046 vero
1023 1019 1123 1051 oblata.
1135 1020 1206 1053 quod
1220 1024 1279 1047 tuas
1294 1016 1384 1054 par'tes
1397 1021 1540 1054 attinebat,
1552 1021 1733 1056 discerpsisti,

945 1070 974 1093 ut
1003 1073 1055 1093 nec
1075 1066 1272 1093 crudelissima
1296 1066 1392 1094 bestiae
1417 1067 1526 1102 publica
1558 1068 1732 1095 devorarent.

946 1111 1083 1138 Laetamur
1099 1111 1151 1138 hoc
1170 1112 1230 1146 ipso
1255 1116 1357 1145 tamen,
1378 1114 1450 1147 quod
1464 1114 1550 1140 celata
1573 1114 1734 1149 improbitas

945 1157 1021 1191 prius
1036 1164 1088 1184 nos
1105 1158 1259 1191 occupavit,
1282 1165 1363 1193 quam
1380 1159 1413 1185 ad
1431 1160 1610 1187 coercendam
1627 1167 1735 1194 suspec-

946 1206 1001 1228 tam
1017 1206 1121 1229 tantum
1144 1202 1369 1237 accingeremur;
1392 1204 1458 1231 illud
1480 1205 1552 1232 enint
1572 1205 1637 1233 licet
1648 1213 1735 1241 saepe-

946 1254 1063 1274 numero
1084 1248 1204 1281 aberret,
1234 1256 1288 1276 non
1314 1253 1404 1276 tamen
1421 1250 1448 1276 in
1469 1250 1607 1284 minimls;
1632 1251 1695 1285 hoc,
1711 1252 1734 1279 si

947 1293 1076 1326 latuerit,.
1099 1299 1239 1329 postremo
1271 1295 1418 1323 vindictam
1448 1304 1504 1323 non
1529 1297 1673 1332 elongabit.
1700 1298 1736 1325 Et

947 1338 1006 1366 haec
1020 1339 1130 1374 quidem
1145 1340 1248 1373 scribo,
1269 1349 1323 1368 tton
1336 1345 1366 1368 ut
1389 1343 1559 1371 convertaris
1571 1343 1653 1377 (nam
1671 1343 1737 1372 licet

946 1386 1048 1414 invitus
1067 1387 1130 1415 olim
1151 1389 1347 1424 converteris),
1367 1389 1414 1417 sed
1445 1394 1475 1416 ut
1493 1390 1572 1425 plane
1589 1388 1735 1427 intelligas,

946 1433 1020 1468 quod
1037 1441 1071 1460 ne
1085 1433 1195 1468 quidem
1212 1434 1246 1461 ab
1270 1434 1349 1462 initlo
1365 1443 1416 1463 nos
1436 1435 1555 1469 latueris,
1571 1436 1619 1464 sed
1634 1444 1736 1472 coope-

948 1483 1054 1506 rantem
1070 1485 1191 1506 nostram
1207 1485 1336 1515 expertus
1350 1481 1388 1508 sis
1401 1482 1586 1509 clementiam.
1601 1481 1736 1510 Caeterum

948 1528 975 1552 te
989 1525 1081 1552 animo
1097 1525 1182 1561 magis
1193 1534 1273 1561 quattt
1289 1534 1404 1561 corpore
1419 1527 1509 1555 valere
1530 1527 1647 1562 cupiam,
1661 1533 1689 1555 et
1707 1532 1738 1556 ut

106 1572 244 1607 στίγματα
258 1572 458 1606 ἀπαλείψαντα,
471 1573 519 1599 καὶ
533 1573 564 1599 οὑ
579 1573 610 1599 τὸ
624 1572 769 1607 πρόδατον,
784 1571 851 1598 ἀλλὰ
866 1571 893 1598 τὺ

948 1579 996 1606 per
1008 1572 1196 1606 paenitentiam
1211 1573 1337 1608 stigmata
1361 1573 1494 1608 impressa
1506 1574 1591 1606 cluas,
1608 1582 1660 1602 nec
1671 1574 1738 1602 velis

107 1618 202 1654 θηρίον
221 1620 260 1650 είς
275 1619 321 1645 τὸν
344 1619 476 1650 παντελὲς
503 1619 742 1654 ἀπεκδυσάμενον,
762 1619 832 1655 μήτε
853 1619 897 1645 ὲν-

105 1663 205 1697 ταῦθα,
226 1665 295 1699 μήτε
305 1664 410 1691 ἐκεῖθεν
424 1664 539 1696 εὐθύνας
556 1663 675 1700 ὑφέξειν.

412 1765 525 1792 ΕΠΙΣΤ.
540 1765 579 1793 Θ’.

227 1811 350 1845 ’Ῑώαννῃ
364 1811 521 1846 σπαθαρίῳ
536 1811 576 1843 τῷ
591 1810 774 1846 χρυσοχέρῃ.

950 1623 1041 1649 ovem,
1053 1617 1100 1645 sed
1115 1617 1229 1645 bestiam
1247 1619 1359 1653 penitus
1373 1621 1520 1654 deponere,
1535 1620 1571 1647 ita
1585 1625 1626 1653 ut,
1645 1628 1697 1648 nec
1710 1620 1738 1647 in

947 1662 1010 1695 hoc,
1023 1670 1073 1690 nec
1090 1663 1183 1690 futuro
1205 1664 1306 1692 steculo
1328 1665 1362 1692 ad
1377 1665 1496 1693 calculos
1512 1666 1619 1694 voceris
1633 1671 1661 1694 et
1675 1667 1739 1694 red-

948 1709 1064 1737 dendam
1081 1709 1216 1737 rationem

1268 1766 1374 1794 EPIST.
1394 1766 1440 1794 IX.

1114 1811 1213 1838 Joanni
1227 1812 1375 1847 spat/tario,
1389 1814 1562 1848 chrysoclteri.

732 1867 866 1916 {loutacuL
885 1867 937 1899 (ep.
954 1868 994 1898 59,
1011 1875 1036 1900 p.
1054 1868 1106 1900 98).

142 1924 202 1950 Οὔκ
212 1923 372 1959 ἐγράψαμεν
387 1923 431 1950 ἴνα
447 1921 666 1958 θαυμάζῃς,ἀλλ“
680 1921 725 1949 ἵνα
737 1923 896 1957 στηριχθῇς,

105 1971 138 1997 ὲν
165 1967 207 2001 οἷς
233 1970 277 1996 τὸν
303 1969 384 1996 σάλον
402 1968 564 2004 ὑπέμεινας.
580 1968 612 1994 Et
636 1968 658 1994 δ’
676 1968 824 2003 ἀρραϐῶνα
849 1968 896 1994 τοῦ

106 2016 290 2052 στηριχθῆναι
302 2016 332 2042 τὸ
345 2015 438 2051 θαῦμα
446 2015 586 2051 παρέχεις,
599 2015 686 2049 ἡδέως
696 2014 895 2050 ἀποδεχόμεθα.

106 2062 177 2089 Οὐδὲ
191 2062 246 2096 γὰρ
260 2062 290 2095 ἐξ
301 2061 407 2088 ἑαυτῶν
421 2061 597 2097 προφέρομεν
611 2060 683 2094 ἅπερ
697 2059 824 2095 λέγομεν,
837 2060 895 2086 ἀλλ’

105 2108 138 2140 ἐξ
149 2105 185 2134 ὧν
197 2109 246 2142 τῆς
259 2107 400 2142 ζωηφόρου
413 2108 505 2142 πηγῆς
516 2106 743 2141 ἀπηντλήσαμεν·
754 2105 814 2141 ἥτις
827 2105 896 2140 μετὰ

104 2154 158 2188 τῆς
178 2154 207 2180 ὲν
231 2153 321 2179 πίστει
342 2153 421 2187 δίψης
438 2154 494 2184 τοῖς
518 2152 675 2188 προσιοῦσιν
699 2151 804 2185 ἄφθονα
829 2159 895 2186 προ-

105 2201 184 2236 χέειν
195 2199 229 2226 τὰ
241 2200 289 2234 τῆς
304 2200 441 2235 σωτηρίας
456 2199 638 2234 ἐπηγγείλατο
651 2198 771 2233 νάματα.

422 2347 534 2374 ΕΠΙΣΤ.
558 2348 587 2375 I'.

196 2394 298 2422 Λέοντι
313 2394 446 2430 γεγονότι
461 2393 606 2429 λογοθέτῃ
625 2393 665 2427 τῷ
679 2394 807 2429 Μαδιάμ.

981 1921 1158 1957 Nequaquam
1174 1930 1206 1950 eo
1223 1922 1278 1951 ﬁne
1293 1922 1456 1958 scripsimus
1478 1927 1508 1950 ut
1522 1922 1670 1956 mirareris,
1688 1924 1737 1952 sed

947 1973 977 1994 ut
991 1968 1117 1995 stabilem
1134 1972 1160 1995 te
1181 1968 1324 1996 redderem
1343 1968 1370 1996 in
1386 1968 1419 1996 iis
1433 1969 1531 2004 quibus
1546 1968 1737 2004 ﬂuctuabaris;

946 2014 970 2041 si
993 2015 1020 2040 in
1046 2015 1145 2050 pignus
1168 2014 1382 2042 conﬁrmationis
1405 2019 1458 2042 tua!
1478 2014 1559 2042 aﬁ‘ers
1580 2016 1740 2044 admiratio-

946 2068 1019 2092 nem,
1035 2060 1162 2088 lubenter
1183 2060 1310 2088 admitto.
1326 2058 1395 2087 Nam
1418 2067 1473 2087 non
1498 2068 1512 2087 a
1529 2061 1607 2088 nobis
1621 2062 1739 2096 proferi-

944 2116 1007 2135 ntus
1034 2115 1095 2142 quat
1119 2106 1253 2140 dicimus,
1271 2106 1319 2134 sed
1338 2106 1372 2134 ab
1402 2106 1436 2134 iis
1469 2107 1540 2135 unde
1563 2108 1597 2135 de
1620 2107 1695 2135 fonte
1710 2109 1738 2136 itt

945 2153 1027 2181 vitam
1045 2153 1151 2180 salienti
1163 2153 1323 2181 hausimus:
1339 2153 1386 2189 qui
1402 2161 1457 2189 pra:
1475 2161 1504 2181 se
1518 2153 1570 2181 fert
1582 2158 1609 2180 et
1623 2154 1738 2188 proﬁte-

946 2204 1001 2232 tur,
1025 2200 1059 2227 iis
1081 2199 1129 2234 qui
1160 2199 1241 2227 ﬁdem
1262 2199 1374 2233 sitiunt,
1399 2205 1480 2235 atque
1501 2200 1562 2227 ideo
1583 2200 1687 2227 adeunt
1707 2204 1738 2227 ut

947 2252 1006 2272 eam
1049 2245 1195 2279 expleant,
1227 2245 1476 2273 abundantissimos
1510 2245 1605 2272 salutis
1641 2245 1738 2273 latices

949 2290 1169 2318 subministrare.

1268 2346 1375 2373 EPIST.
1392 2347 1425 2374 Χ.

1151 2393 1244 2420 Leonti
1261 2392 1396 2428 logotltette
1412 2393 1541 2420 Madiam.

731 2449 861 2474 Montacut.
880 2450 932 2481 (ep.
949 2450 990 2479 ﬂ,
1007 2457 1032 2481 p.
1051 2450 1118 2482 100).

146 2501 297 2536 Εὖτύχημα
329 2500 378 2535 μὲν
409 2499 458 2528 καὶ
483 2501 515 2527 τὸ
541 2499 636 2534 φίλους
659 2500 732 2535 ἔχειν
762 2501 791 2527 ἐν
812 2500 900 2536 καιρῷ

986 2500 1111 2528 Felicitas
1125 2504 1167 2528 est
1178 2500 1280 2529 amicos
1294 2500 1433 2536 possidere
1445 2500 1602 2528 tentationis
1614 2505 1738 2537 tempore

106 2546 283 2582 πειρασμῶν,
305 2546 352 2572 καὶ
374 2546 491 2582 χρείαςιι
506 2547 538 2573 τδ
554 2547 602 2582 τῆς
619 2546 712 2581 φιλίας
729 2546 893 2582 παρέχοντας

949 2554 1028 2574 usum
1043 2551 1124 2581 atque
1139 2546 1259 2574 debitttm
1276 2546 1404 2574 amicitia:
1420 2546 1487 2574 utile
1500 2547 1673 2574 exhibentes:
1689 2547 1737 2575 sed

105 2592 264 2629 χρησιμόν·
288 2593 313 2619 ot
334 2592 363 2619 δὲ
383 2591 420 2628 μὴ
441 2592 558 2620 τοιοῦτοι
587 2592 728 2627 φανέντες,
753 2592 813 2618 οὐδὲ
826 2588 893 2618 οὗτοι

949 2601 1002 2621 nec
1026 2593 1128 2620 amanti
1151 2593 1231 2628 plane
1252 2597 1317 2620 sunt
1339 2592 1449 2620 inutiles
1473 2593 1519 2628 qui
1544 2592 1611 2620 tales
1629 2600 1658 2620 se
1681 2601 1737 2620 non

105 2638 150 2674 τῷ
175 2638 348 2673 ἀγαπήσαντι
377 2638 525 2674 ἄχρηστοι,
540 2638 596 2665 ἀλλ’
612 2639 676 2665 ὅσον
691 2638 768 2665 αὐτοὶ
785 2639 836 2673 τῆς
854 2647 899 2672 φι-

105 2684 172 2716 λίας
191 2684 405 2718 ἀπελείφθησαν,
431 2685 559 2711 τοσοῦτον
579 2684 627 2720 τὴν
644 2685 745 2720 ἀρετὴν
763 2684 810 2710 τοῦ
827 2684 897 2718 ἠγα-

105 2730 230 2766 πηκότπ
256 2730 425 2766 παριστῶσιν
442 2731 671 2767 ὐπερθαύμαστον
706 2732 747 2758 ὃτι
765 2730 814 2757 καὶ
840 2739 897 2757 τοι-

948 2643 1089 2674 praestant.
1114 2639 1182 2667 Nam
1208 2639 1236 2666 in
1258 2644 1390 2675 quantum
1416 2638 1543 2667 amicitite
1565 2639 1691 2671 deerint,
1708 2639 1736 2665 in

951 2689 1056 2712 tantum
1070 2685 1207 2720 diligentis
1218 2685 1346 2713 virtutem
1358 2685 1435 2713 valde
1449 2689 1579 2720 praestant
1591 2685 1737 2712 admirabi-

951 2731 1023 2758 lem:
1050 2738 1083 2758 eo
1107 2731 1180 2766 quod
1202 2731 1284 2760 etiam
1310 2732 1376 2759 tales
1397 2730 1576 2759 nihilominus
1599 2730 1736 2763 dilexerit,

752 2806 870 2835 VARIIE
882 2807 1088 2837 LECTIONES.

151 2889 164 2905 ι
179 2894 224 2920 γρ.
236 2886 324 2921 χρέος.
