1928 3097
193 173 246 204 935

765 170 895 201 ΡΗΟΤΙΙ
914 169 1164 200 ΡΑΤΒΙΑΒΟΗΑἘ
1181 170 1235 200 CP.

1763 173 1810 205 936

194 226 266 261 quod
290 227 454 255 non'omnia
479 234 511 254 ex
537 225 637 253 intuitu
669 224 857 252 retributionis
874 223 980 259 pnusti-

1043 226 1125 257 ιὸτους
1151 225 1242 257 ῦντας,
1268 226 1342 261 ὅμως
1362 226 1485 262 ἐφίλησε,
1506 227 1553 254 καὶ
1581 227 1714 255 οὔπάντα
1737 236 1811 266 χαριν

196 273 269 306 terit,
291 274 339 301 sed
361 273 445 309 gratis
465 278 557 300 amare
582 271 669 303 novit,
694 275 722 297 et
745 269 862 300 Patrem,
886 268 933 304 qui
953 268 981 296 in

196 320 271 346 erretis
293 324 345 351 est,
373 319 474 346 imitari
499 319 527 345 in
553 325 598 350 eo,
627 316 700 352 quod
723 323 774 343 nec
797 315 838 343 vel
854 315 981 342 inimicos

197 369 347 393 aversetur.
359 365 494 398 Quocirca
506 371 556 392 nec
567 363 669 390 amoris
680 361 766 389 nostri
778 361 863 396 legem
876 360 982 388 solvere

197 413 316 447 poteris,
339 416 477 446 utcunque
494 410 585 445 (quod
603 416 695 436 rumor
711 407 773 442 est)
794 407 916 442 ingratus
932 413 982 433 ex-

197 457 309 490 stiteris,
325 462 353 484 et
363 457 521 484 emcntiaris
536 454 696 482 amicitiam.
714 452 821 479 Etenim
835 456 984 486 quantum-

197 501 239 528 vis
253 501 372 536 ingratus
386 500 532 531 exstiteris,
549 506 599 527 nos
614 504 716 530 tamen,
732 501 762 524 ut
778 497 870 524 videre
888 501 983 532 potes,

197 547 356 575 occasiones
397 545 603 581 nobismetipsis
646 543 869 575 ministravinms,
894 546 924 569 ut
949 549 985 569 ne

197 588 240 620 vel
270 593 309 620 sic
329 593 437 628 quidem
462 592 525 619 odio
548 595 576 618 te
592 591 752 618 habeamus.
772 589 813 616 Tu
829 588 893 623 quid
910 588 944 615 de
958 592 985 615 te

199 638 324 666 homines
346 638 493 672 opinentur
513 636 672 664 considera:
695 640 723 663 et
744 639 808 662 ante
832 634 894 666 alia,
913 637 987 660 tuam

199 685 286 720 ipsius
316 683 525 715 conscientiam,
556 687 584 710 et
609 682 731 710 futurum
762 681 827 709 olim
854 679 988 715 judicium

199 731 323 758 recolito.

507 783 618 812 EPIST.
630 783 677 812 XI.

462 830 615 858 Alexandro
628 830 728 857 comiti.

1032 271 1150 306 ἀμοι6ἧς
1163 271 1310 306 ἔπραττεν,
1327 272 1385 299 ἀλλ’
1400 272 1459 308 ᾔδει
1474 274 1522 300 καὶ
1543 275 1643 309 προῖκα
1657 276 1754 309 φιλεῖν,
1769 278 1812 304 καὶ

1032 317 1079 343 τὸν
1100 317 1130 343 ὲν
1143 317 1268 353 οὐρανοῖς
1291 318 1434 353 μιμεῖσθαι
1450 320 1575 355 Πατέρα,
1591 317 1631 352 οἷς
1650 324 1665 340 V
1679 321 1739 348 οὐδὲ
1755 321 1813 354 τοὺς

1033 361 1146 397 ἐχθροὺς
1164 363 1360 398 ἀπεστρέφετο.
1385 365 1442 391 οὐκ
1465 366 1498 392 ἂν
1515 364 1560 392 οὖν
1575 365 1659 402 λύσῃς
1679 367 1760 399 αὐτὸς
1772 368 1813 394 τὸν

1034 408 1168 444 ἡμέτερον
1186 408 1238 443 τῆς
1255 409 1365 445 ἀγάπης
1378 409 1470 445 νόμον,
1488 410 1538 438 κᾶν
1551 411 1697 447 ἀγνώμων,
1714 413 1753 444 ὡς
1766 422 1814 448 φη-

1035 454 1156 489 μίςουσι,
1170 457 1266 490 φανῇς,
1283 456 1331 482 καὶ
1345 456 1394 491 τὴν
1407 457 1497 491 φιλίαν
1506 457 1680 494 ψευδόμενος.
1695 459 1750 486 Καὶ
1765 460 1815 496 γὰρ

1036 500 1084 527 καὶ
1107 500 1140 527 δι’
1157 497 1195 529 ὧν
1212 502 1437 538 ἁγνωμονήσεις,
1455 505 1592 540 ἀφορμάς,
1607 505 1645 536 ὡς
1657 506 1734 541 ὁρᾷς,
1753 507 1816 542 ἡμῖν

1036 547 1142 579 ἑαυτοῖς
1162 547 1368 584 πεπορίσμεθα,
1395 549 1429 576 δι’
1454 549 1487 582 ἃς
1510 551 1570 578 οὐδὲ
1592 550 1664 578 οὕτω
1682 560 1712 578 σε
1731 553 1816 588 μισεῖν

1036 593 1263 630 ύπαχθησόμεθα.
1288 595 1325 622 Σὺ
1351 595 1380 622 δὲ
1401 596 1452 631 τὴν
1474 598 1539 632 περὶ
1554 597 1583 624 σὲ
1599 597 1654 625 τῶν
1669 597 1817 634 ἀνθρώπων

1034 636 1112 670 δόξαν
1126 638 1286 666 ἐπισκόπει*
1306 640 1408 674 μᾶλλον
1419 641 1447 667 δὲ
1465 641 1518 677 πρὸ
1534 641 1636 678 ταύτης
1650 642 1681 669 τὸ
1694 643 1741 670 σὸν
1757 652 1818 670 συν-ο

1035 682 1104 715 ειδδς
1121 684 1167 710 καὶ
1181 684 1212 711 τὸ
1225 685 1330 712 ἐκεῖθεν
1344 686 1495 722 κριτήριον.

1334 783 1445 811 ΕΠΙΣΤ.
1471 785 1522 812 IA’.

1279 827 1460 865 Ἀλεξάνδρῳ
1479 831 1595 866 κόμητι.

827 882 962 908 Montacut.
978 882 1030 913 (ep.
1047 880 1087 912 46,
1103 888 1129 913 p.
1145 881 1212 915 101).

235 939 389 968 Alexander
401 937 523 971 Macedo,
537 937 583 972 qui
603 936 631 964 in
642 942 776 963 summam
793 934 988 962 sublimitatem
1002 935 1027 964 Β

201 989 292 1017 evexit
323 986 487 1014 Macedoniae
523 991 647 1020 regnum,
675 991 707 1010 eo
735 982 780 1010 die
808 982 989 1017 principatum

203 1035 344 1062 abdicasse
356 1033 508 1065 videbatur,
520 1039 573 1066 quo
582 1030 720 1058 neminem
734 1028 867 1056 beneﬁcio
878 1035 991 1055 ornasse

143 1110 146 1113 ,
201 1081 352 1109 dicebatur.
376 1078 524 1106 Rarissime
545 1077 596 1104 hoc
616 1076 654 1104 illi
674 1076 712 1103 ita
732 1074 925 1110 contingebat;
945 1078 990 1101 ut-

203 1132 267 1163 pote
281 1127 327 1162 qui
338 1126 367 1152 in
382 1125 446 1152 illud
462 1123 535 1152 omni
551 1122 641 1151 studio
659 1121 842 1154 incumbebat,
860 1125 891 1148 ut
905 1120 992 1148 bene-

204 1174 306 1201 faceret
318 1171 482 1199 hominibus.
495 1168 574 1202 Quod
585 1168 608 1196 si
623 1167 758 1195 interdum
771 1167 807 1194 ita
818 1165 993 1201 contingebat

205 1223 235 1245 ut
257 1217 326 1244 nihil
347 1219 505 1252 prmstaret,
524 1214 619 1241 dolens
636 1213 760 1241 dicebat:
779 1211 863 1240 Hodie
880 1219 930 1238 non
949 1219 993 1238 re-

203 1263 299 1299 gnavi;
309 1261 363 1289 Sed
381 1269 501 1297 paganus
516 1260 563 1287 ille
582 1259 634 1287 fuit
651 1262 679 1286 et
700 1258 773 1286 inter
792 1265 911 1293 paganos
929 1264 990 1290 rex,

204 1313 233 1337 et
254 1308 386 1343 voluptati
407 1312 489 1342 atque
505 1306 582 1333 luxui
602 1305 720 1336 deditus.
741 1308 770 1332 et
787 1304 822 1331 ob
838 1303 993 1331 felicitatem

204 1354 308 1386 ebrius,
331 1352 432 1388 quique
446 1351 499 1379 sibi
518 1350 673 1378 consimiles
693 1350 759 1377 deos
777 1356 888 1377 suarum
906 1349 993 1376 actio-

205 1407 272 1426 num
283 1399 452 1433 inspectores
465 1397 576 1424 fecerat.
590 1395 632 1423 Tu
646 1400 737 1424 autem
747 1394 920 1423 Christianus
930 1401 994 1421 cum

205 1445 369 1474 Christianis
391 1444 495 1475 vivens,
520 1447 548 1470 et
569 1443 625 1478 (ut
647 1442 798 1470 secundum
820 1440 893 1476 leges
912 1437 993 1475 agas)

207 1498 269 1518 cum
279 1490 394 1524 imperio
404 1489 549 1520 exsistens,
558 1487 657 1523 saepius
665 1488 692 1514 in
706 1487 768 1515 vitae
779 1493 859 1514 cursu
868 1485 995 1512 ﬂuctibus

207 1537 324 1573 agitatus
340 1535 474 1567 ohrueris,
496 1534 524 1562 in
540 1534 606 1569 ipsis
625 1532 720 1566 sacris,
741 1533 812 1560 inter
828 1531 995 1561 sacerdotes,

208 1583 290 1617 idque
310 1589 373 1610 cum
394 1580 601 1616 temperantiam
622 1584 650 1607 et
669 1579 796 1606 virtutem
817 1578 952 1605 honorare
969 1581 995 1604 te

209 1637 265 1657 non
283 1635 377 1664 neges,
394 1627 440 1655 sed
456 1630 483 1654 et
501 1634 586 1654 unum
601 1626 676 1653 illum
692 1632 788 1652 verum
808 1624 893 1651 Deum
909 1623 994 1651 acti0<

209 1683 276 1702 num
296 1674 418 1701 omnium
437 1673 617 1707 inspectorem
633 1670 726 1698 fallere
742 1678 797 1697 non
813 1677 891 1705 posse
906 1673 994 1705 putes.

210 1720 281 1754 Quid
296 1720 360 1747 hinc
374 1723 512 1754 sequatur,
526 1725 622 1753 gravor
641 1724 690 1752 ego
704 1716 804 1743 dicere.
822 1714 890 1742 Illud
905 1719 997 1742 autem

211 1766 326 1797 ailirmo,
337 1765 475 1792 neminem
490 1771 506 1791 e
520 1768 567 1791 tuo
580 1763 695 1790 subditis
707 1761 832 1797 regimini
845 1768 915 1794 esse,
932 1760 997 1795 quin

211 1813 272 1840 loco
286 1811 399 1846 alicujus
414 1809 538 1837 beneﬁcii
551 1815 598 1836 aut
611 1807 785 1844 benignitatis
805 1815 887 1843 quam
914 1814 998 1843 agno-

211 1865 288 1886 scere
300 1857 389 1889 vellet,
402 1864 456 1883 non
469 1855 600 1890 supplicia
610 1855 731 1890 deplorat
741 1854 861 1881 inaudita
869 1853 997 1888 irrogata,

211 1908 259 1930 aut
284 1903 414 1930 damnum
438 1901 542 1929 illatum
571 1901 799 1936 inexspectatum.
821 1899 898 1926 Alius
925 1897 999 1925 aliud

212 1950 319 1984 insigne
334 1948 439 1976 facinus
449 1948 550 1975 dextrae
561 1951 613 1974 tua:
625 1946 725 1981 tragico
741 1945 876 1972 cothurno
888 1943 999 1979 dignum

212 1994 357 2029 deplorans
372 1993 466 2021 refert.
475 1993 543 2020 Cum
556 1991 709 2019 Alexander
718 1998 780 2018 cum
792 1990 885 2017 dolore
899 1988 1001 2024 profes-

213 2048 260 2068 sus
282 2040 363 2067 fuerit
386 2048 393 2066 :
415 2039 501 2066 Hodie
525 2039 639 2074 quidem
660 2046 706 2065 rex
719 2045 772 2064 non
788 2037 827 2072 fui
843 2044 852 2063 :
868 2040 907 2067 tu,
926 2034 999 2069 quod

213 2087 332 2119 videtur,
350 2093 405 2112 non
424 2084 577 2120 praeterlabi
597 2084 646 2111 tibi
668 2083 740 2110 diem
759 2081 882 2116 patieris,
900 2081 929 2108 in
945 2087 1000 2116 quo

213 2140 268 2160 non
281 2131 401 2161 verearis
413 2131 505 2159 dicere
520 2139 527 2157 :
543 2129 626 2157 Hodie
640 2134 768 2164 tyrannm
780 2136 832 2155 non
844 2127 893 2163 fui.

513 2184 618 2214 EPIS’I‘.
644 2185 702 2212 XII.

481 2232 580 2260 Basilio
595 2231 727 2268 quwstori.

1083 934 1257 971 Ἀλέξανδρος
1274 937 1289 963 ὀ
1305 937 1449 972 Μακεδὼν,
1464 940 1512 966 καὶ
1523 940 1686 968 Μακεδόνων
1701 942 1769 979 ἄρας
1783 945 1822 976 εἰς

1041 979 1108 1014 ὕψος
1119 980 1169 1016 τὴν
1183 981 1331 1016 βασιλείαν,
1355 984 1416 1011 κατ’
1430 985 1538 1021 ἐκείνην
1552 986 1601 1022 τὴν
1617 987 1723 1024 ἡμέραν
1737 989 1822 1016 ἐδόκει

1041 1026 1176 1054 παύεσθαι
1199 1029 1249 1063 τῆς
1264 1029 1368 1064 ἀρχῆς,
1383 1030 1445 1057 καθ’
1464 1031 1499 1067 ἢν
1522 1032 1706 1069 εὐεργετήσας
1729 1035 1823 1062 οὐδένα

1041 1073 1187 1101 ἐδείκνυτο.
1209 1075 1325 1103 Σπάνιον
1340 1076 1369 1103 δὲ
1386 1077 1460 1112 αὑτῷ
1479 1078 1510 1104 τὸ
1523 1079 1628 1106 τοιοῦτο
1642 1081 1821 1113 συνέπιπτεν,

1041 1119 1090 1147 ἅτε
1114 1120 1231 1156 μελέτην
1241 1121 1336 1156 ἄγοντι
1355 1122 1508 1158 ἀνθρώποις
1524 1125 1653 1152 εύτεοιεϊν.
1671 1126 1702 1152 Εἰ
1717 1127 1745 1153 δέ
1761 1135 1824 1154 ποτε

1041 1167 1090 1193 καὶ
1116 1167 1290 1202 συμπὲσειεν,
1314 1169 1463 1205 ἀνιώμενος
1486 1171 1581 1205 ἔλεγε·
1609 1172 1745 1207 Σήμερον
1769 1174 1824 1201 οὐκ

1042 1213 1238 1242 ἐϐασίλευσα.
1266 1215 1336 1243 Ἀλλ’
1352 1216 1367 1242 ὁ
1391 1217 1440 1252 μὲν
1467 1217 1578 1253 Ἕλλην,
1604 1218 1652 1245 καὶ
1668 1219 1697 1245 ὲν
1713 1219 1824 1254 Ἕλλησι

1042 1259 1091 1286 καὶ
1109 1259 1251 1294 βασιλεύς·
1270 1261 1317 1288 καὶ
1334 1262 1447 1296 ἡδονῶν,
1463 1264 1510 1289 καὶ
1525 1263 1632 1299 τρυφῆς
1644 1264 1690 1290 καὶ
1701 1263 1826 1299 εὐτυχίαν

1044 1304 1152 1339 μεθύων
1163 1304 1315 1340 ἅνθρωπος,
1338 1306 1385 1332 καὶ
1407 1306 1486 1339 θεοὺς
1501 1307 1638 1339 τοιούτους
1659 1307 1711 1342 τῆς
1724 1307 1827 1339 οίκείας

1043 1350 1182 1382 πολιτείας
1195 1351 1309 1387 ἐφόρους
1330 1351 1502 1387 ποιούμενος.
1517 1353 1554 1380 Σὺ
1566 1352 1595 1379 δὲ
1617 1353 1722 1386 πιστὸς,
1743 1353 1789 1380 καὶ
1799 1354 1828 1379 ἐν

1044 1397 1150 1429 πιστοῖς
1166 1397 1213 1424 καὶ
1229 1398 1298 1433 μετὰ
1310 1398 1365 1424 τῶν
1382 1398 1472 1434 νόμων
1485 1399 1578 1434 ἄρχειν
1590 1399 1767 1435 τεταγμένος,
1781 1400 1829 1426 καὶ

1046 1442 1132 1469 πολλὰ
1142 1443 1318 1478 προσπταίων
1327 1444 1374 1471 τοῦ
1386 1444 1444 1479 βίου
1452 1446 1506 1477 τοῖς
1519 1445 1632 1479 κύμασι·
1642 1446 1689 1472 καὶ
1698 1446 1728 1472 ἐν
1738 1446 1829 1481 μέσοις

1045 1488 1137 1520 αὐτοῖς
1153 1489 1236 1524 ἱεροῖς
1248 1489 1295 1516 καὶ
1307 1489 1419 1525 ἱερεῦσι,
1431 1491 1478 1517 καὶ
1491 1491 1655 1525 ἐγκράτειαν
1669 1491 1717 1518 καὶ
1729 1491 1830 1526 ἀρετὴν

1044 1536 1127 1571 τιμᾷν
1137 1535 1186 1562 οὐκ
1198 1535 1378 1571 ἀρνούμενος·
1393 1537 1437 1564 ναὶ
1448 1537 1480 1572 δὴ
1494 1538 1541 1564 καὶ
1555 1537 1601 1564 τὸν
1612 1537 1692 1572 μόνον
1704 1537 1830 1572 ἀληθινὸν

1045 1580 1111 1607 Θεὸν
1123 1581 1247 1617 ὲπόπτην
1260 1582 1315 1608 τῶν
1329 1582 1482 1617 πρακτέων,
1501 1583 1531 1609 οὐ
1549 1583 1598 1618 μὲν
1609 1581 1656 1610 οὖν
1669 1583 1719 1609 οὐκ
1732 1582 1764 1610 ἂν
1783 1583 1832 1609 δυ-

1047 1626 1163 1661 νάμενος
1188 1626 1436 1662 παραγράψασθαι,
1470 1627 1552 1655 Ἀλλὰ
1579 1629 1606 1656 τί
1633 1629 1665 1655 τὺ
1690 1629 1831 1660 ἐντεῦθενς

1053 1671 1124 1706 Ἐγὼ
1138 1672 1189 1708 μὲν
1208 1673 1295 1700 εἰπεῖν
1313 1672 1434 1701 ἀποκνῶ.
1451 1674 1525 1709 Πλὴν
1543 1675 1593 1701 οὐκ
1610 1674 1683 1701 ἐστιν
1700 1675 1764 1703 ἰδεῖν
1783 1676 1832 1702 οὺ-

1046 1717 1109 1744 δένα
1122 1718 1176 1745 τῶν
1191 1719 1243 1745 ὑπὸ
1257 1719 1298 1751 σὲ,
1315 1719 1344 1750 ὃς
1357 1720 1417 1746 ἀντὶ
1431 1720 1479 1746 τοῦ
1492 1720 1573 1756 χάριν
1585 1721 1743 1755 εὐεργεσίας
1757 1722 1775 1757 η
1789 1731 1832 1748 τι-

1048 1773 1093 1796 νος
1116 1764 1200 1799 ἄλλης
1221 1764 1425 1800 φιλανθρωπίας
1448 1766 1598 1801 ὁμολογεῖν,
1614 1767 1675 1802 οὐχὶ
1698 1767 1834 1803 τιμωρίαν

1048 1811 1098 1837 οὐκ
1119 1810 1244 1845 ὀδύρεται
1263 1810 1378 1846 ἄκριτον
1395 1811 1411 1847 ἢ
1428 1810 1530 1846 ζημίαν
1548 1811 1762 1847 ἀπροφάσιστον.
1780 1813 1836 1839 Καὶ

1048 1857 1126 1888 ἄλλος
1138 1856 1201 1883 ἄλλο
1214 1865 1240 1883 τι
1254 1857 1335 1891 ἔργον
1346 1857 1396 1892 τῆς
1410 1858 1458 1892 σῆς
1474 1858 1564 1891 δεξιᾶς
1578 1859 1713 1894 τραγικῆς
1731 1859 1837 1894 σκηνῆς

1049 1901 1138 1937 θέαμα
1153 1902 1402 1938 κατολοφυρόμενος
1422 1902 1606 1939 διεξέρχεται·
1629 1903 1687 1930 ἀλλ’
1708 1904 1838 1936 Ἀλέξανο

1049 1947 1111 1983 δρος
1123 1948 1172 1983 μὲν
1181 1948 1329 1983 ἀνιώμενος
1344 1948 1420 1983 ἔλεγέ
1433 1957 1508 1976 ποτε·
1521 1949 1657 1984 Σήμερον
1663 1951 1719 1978 οὐκ
1731 1951 1838 1978 ἐϐασί-

1048 1995 1156 2020 λευσα·
1170 1994 1202 2020 σὺ
1211 1993 1244 2025 δ’,
1254 1993 1292 2025 ὡς
1302 1993 1398 2025 ἔοικεν.
1409 1995 1439 2021 οὐ
1450 1995 1616 2030 περιλείψεις
1626 1996 1733 2032 ἡμέραν
1743 1997 1839 2032 σαυτῷ

1049 2040 1078 2065 ἐν
1125 2040 1271 2076 θαρρήσεις
1288 2041 1374 2067 εἰπεῖν
1386 2048 1393 2056 ’
1408 2041 1544 2076 Σήμερον
1561 2043 1616 2070 οὐκ
1631 2042 1839 2077 ἐτυράννησα.

1351 2183 1463 2211 ΕΠΙΣΤ.
1485 2183 1537 2211 IB'.

1270 2229 1418 2262 Βασιλείῳ
1434 2228 1607 2263 κοιαιστορι.

829 2289 962 2316 Montacut.
981 2290 1032 2323 (ep.
1053 2290 1093 2320 Π,
1110 2296 1135 2321 p.
1153 2287 1219 2318 IOI).

250 2346 280 2374 Si
290 2346 364 2381 justa
371 2353 433 2373 cum
447 2352 574 2372 mensura
591 2342 910 2371 contendentesinvicem
925 2343 992 2377 iudi-

1087 2342 1118 2368 Εἰ
1135 2340 1174 2376 τῷ
1193 2339 1289 2375 δικαίῳ
1306 2340 1398 2376 μέτρῳ
1421 2339 1561 2375 χρώμενος
1582 2341 1646 2373 τοὺς
1669 2341 1848 2378 διαμφισϐη-

214 2392 329 2424 caveris,
349 2391 420 2419 haud
435 2395 462 2418 ιο
480 2390 538 2417 auri
556 2389 640 2424 pallor
657 2388 760 2423 majore
776 2389 880 2424 pudore
895 2389 992 2416 sulIun‘

1049 2388 1164 2419 τοῦντας
1185 2387 1308 2422 ἀλλήλοις
1331 2386 1465 2420 ὲδίκαζες,
1486 2387 1537 2414 οὐκ
1549 2387 1582 2414 ἄν
1597 2396 1626 2414 σε
1641 2389 1658 2423 ὴ
1673 2388 1720 2415 τοῦ
1736 2391 1847 2425 χρυσοῦ

216 2439 302 2472 deret,
316 2437 489 2473 temetipsum
503 2444 584 2471 quam
596 2435 657 2462 illos
672 2434 719 2470 qui
730 2435 778 2462 tibi
792 2434 921 2464 oderunt.

1051 2434 1175 2470 ὼχρότης
1191 2432 1271 2460 πλέον
1286 2432 1459 2468 αἰσχύνεσθαι
1481 2433 1545 2465 τοὺς
1561 2433 1641 2460 πλέον
1657 2434 1740 2461 αὐτὸν
1758 2444 1849 2472 χορη-

1050 2479 1164 2514 γοῦντάς
1180 2487 1232 2511 σοι,
1251 2479 1464 2514 παρεσκεύαζεν.

1350 2535 1462 2563 ΕΠΙΣΤ.
1486 2534 1537 2563 ῙΓ’.

1165 2581 1282 2616 Ἰωάννῃ
1298 2582 1440 2616 πατρικίῳ
1455 2581 1504 2609 καὶ
1525 2581 1724 2618 σακελλαρίφ.

839 2637 973 2662 lllontacut.
992 2637 1043 2669 (cp.
1061 2637 1100 2667 48,
1118 2644 1142 2669 p.
1160 2637 1226 2669 102).

252 2680 353 2709 Illustri
364 2678 474 2707 laudum
486 2678 621 2714 praconio
632 2678 666 2706 ob
679 2686 710 2706 ea
720 2687 781 2714 quae
793 2679 864 2714 geris
877 2679 949 2714 apud
962 2678 992 2705 vi-

1092 2679 1234 2714 Λαμπρῶν
1257 2679 1386 2711 ἐπαίνων,
1409 2679 1442 2705 δι’
1464 2676 1502 2706 ὧν
1529 2679 1668 2714 πράττεις,
1696 2677 1779 2713 παρὰ
1792 2679 1856 2710 τοῖς

216 2733 262 2754 ros
273 2726 372 2763 probos
380 2731 408 2753 et
422 2725 551 2753 honestos
558 2725 656 2760 dignus
666 2732 705 2752 es.
719 2724 812 2760 Neque
831 2724 956 2760 ignorare
976 2728 992 2752 ι‹

1058 2724 1212 2757 σπουδαίοις
1219 2726 1360 2762 τυγχάνων
1372 2730 1383 2744 ι
1399 2725 1500 2757 δίκαιος
1514 2725 1546 2752 ἂν
1567 2724 1625 2760 εἴης
1635 2733 1641 2739 ·
1663 2724 1731 2760 μηδὲ
1748 2724 1857 2752 τούτου

508 2532 620 2562 EPIST.
639 2532 711 2560 XIII.

391 2580 488 2608 Joanni
505 2580 618 2615 patricio
637 2584 662 2607 et
684 2579 826 2607 aacallano.

859 2801 977 2830 νΑΙιιιΕ
1002 2801 1206 2833 LECTIONES.

251 2885 266 2897 '
279 2889 325 2914 1:9-
341 2881 380 2912 ὃς·
418 2886 432 2900 ι
447 2881 490 2908 Ζσ.
505 2880 657 2916 τυγχάνειν.
