1928 3097
125 144 165 178 937

682 141 952 178 EPISTOLARUM
971 148 1086 178 LIBER
1100 148 1155 178 Ill.

1685 143 1736 178 938

124 200 148 226 ἐν
159 199 247 235 ἀγνοίᾳ
264 198 345 233 εἶναι,
368 199 409 228 ὅτι
433 199 496 227 ὅσον
508 200 610 236 ὑψηλὸν
634 201 682 229 καὶ
697 202 848 238 θαυμάσιον
863 203 894 229 τὺ

957 211 993 230 κη’
1008 208 1036 231 et
1054 211 1163 238 aequum
1177 207 1230 234 est,
1247 210 1318 237 quou
1336 206 1438 237 quanto
1453 202 1596 229 sublimior
1607 206 1634 229 et
1651 202 1737 230 admié

124 246 147 272 ιν
162 245 259 278 τούτοις
281 245 370 279 κλέος,
392 246 528 282 τοσαύτης
549 247 597 274 καὶ
610 248 659 283 τῆς
679 248 832 283 ἀσφαλείας
846 249 895 275 καὶ

124 289 264 325 ἐπιμελείας
275 290 371 319 δεῖται.
388 290 477 317 Πολλὰ
493 291 543 326 μὲν
557 291 611 328 γὰρ
626 292 698 319 κατὰ
716 292 772 320 τῶν
786 293 894 320 εὐδοκι-

124 335 238 371 μούντων,
251 336 305 363 ἀπὸ
314 335 364 371 τῆς
379 335 434 363 τῶν
449 336 585 372 δαιμόνων
600 337 747 373 ὲπιὸουλῆς
759 338 870 373 ἀφίεται
879 341 895 363 1

125 381 188 417 βέλη·
199 382 273 409 οὐδὲν
287 382 316 409 δὲ
330 382 451 416 ἔλαττον,
467 384 515 410 καὶ
533 383 547 410 ὁ
565 382 595 416 ἐξ
616 383 769 418 ἀνθρώπων
797 385 895 420 ἀνερε-

123 429 246 463 θιζόμενος
260 429 368 464 φθόνος,
377 430 424 457 τὸν
437 429 476 456 ίδν
486 430 587 466 ὲκχέει.
603 430 684 457 Ἀλλὰ
696 430 728 457 σύ
742 439 774 466 γε
787 431 832 458 τὸν
845 430 896 466 τῆς

122 475 206 510 ἀρετῆς
223 475 274 502 οὐκ
293 475 411 507 ἐνδιδοὺς
422 476 508 509 τόνον,
525 476 573 504 καὶ
589 477 629 508 εἰς
642 477 688 504 τδν
703 477 784 505 αὐτὸν
796 477 824 504 δὲ
840 479 897 510 τοις

123 521 250 557 προτέροις
262 520 356 555 ἀγῶνα
375 521 424 548 σὺν
437 521 540 557 μετρίῳ
554 522 601 548 καὶ
614 523 735 558 ταπεινῷ
748 523 896 550 ἐναποδυὸ-

123 575 188 602 μενος
199 566 238 602 τῷ
251 568 415 602 φρονήματι,
428 567 483 594 τῶν
494 567 544 603 μὲν
555 568 636 603 κωφὰ
646 569 743 596 Θᾶττον
756 569 897 604 διελέγξας

121 613 149 640 τὰ
163 612 224 648 μέλη
235 617 246 631 ι
260 613 299 644 είς
315 613 432 649 ἐσχάτην
448 613 581 649 αἰσχύνην
594 615 641 642 καὶ
658 614 776 650 ἀπορίαν
796 616 898 651 μᾶλλον

121 658 206 689 αὐτοὺς
218 658 394 694 περιστήσεις
404 666 412 674 ⁸
426 658 473 685 τὸν
483 659 528 692 δὲ,
542 661 582 691 είς
593 660 657 692 τοὺς
667 661 797 692 τεκόντας
807 680 815 693 ,
828 661 898 696 μετὰ

121 703 229 736 πλείονος
249 704 362 738 πικρίας
375 704 579 740 ἑπαναστρὲψαι
597 706 836 741 παρασκευάσειε·
851 707 898 734 καὶ

120 749 160 776 τὸν
172 749 219 784 τῆς
240 749 348 785 ἐχίδνης
367 750 453 786 μῦθον
472 751 503 778 ὲν
516 751 610 783 αὐτοῖς
626 752 823 788 ὲνεργούμενον
837 754 898 780 ἑπι-

119 795 222 829 δείξεις·
245 795 346 830 δείξας,
372 796 422 832 οὐχ
445 797 566 831 ἐτέρους,
594 797 654 825 ἀλλ’
675 798 775 829 αὐτούς
789 807 821 833 γε
835 799 899 831 τοὺς

119 841 326 877 γεννησαμένους
347 843 576 879 κατεσθιομένους
593 844 694 879 μᾶλλον
711 844 759 871 καὶ
775 845 898 880 διαφθει-

946 250 1053 277 ratione
1078 250 1186 285 dignior
1203 249 1237 277 ab
1258 249 1316 276 istis
1340 249 1424 284 gloria
1453 254 1638 283 comparatur,
1660 253 1737 276 tanto

946 295 1044 330 majori
1064 295 1107 322 illa
1124 302 1190 322 cura
1204 298 1232 322 et
1247 295 1391 322 sedulitate
1409 294 1596 327 custodienda.
1617 297 1646 322 et
1664 299 1737 322 sarta

948 346 1074 377 tectaque
1093 341 1247 377 praestanda
1266 346 1316 369 est.
1339 338 1456 368 Plurima
1477 341 1612 377 siquidem
1636 341 1664 368 in
1690 348 1738 369 eos

947 388 993 422 qui
1005 387 1179 423 prosperiore
1194 387 1265 414 fama
1275 387 1373 415 ﬂorent
1384 395 1433 422 per
1448 387 1607 415 insidiantes
1617 387 1739 414 diabolos

947 433 1132 461 immittuntur
1154 433 1222 466 tela;
1242 441 1331 469 neque
1349 433 1463 461 multum
1482 433 1611 461 deficiunt
1628 433 1671 461 his
1687 433 1737 461 ho-

947 481 1046 513 mines,
1072 479 1119 515 qui
1141 478 1250 507 invidiae
1273 487 1329 506 suae
1355 480 1430 507 virus
1454 479 1594 515 prurigine
1622 479 1738 515 quadam

948 526 1094 554 excitatum
1121 525 1276 554 effundunt.
1303 525 1342 553 Tu
1372 530 1464 553 autem
1485 526 1554 553 nihil
1577 525 1612 553 de
1631 526 1739 554 virtutis

948 580 1030 600 cursu
1048 573 1174 604 remittis.
1192 577 1219 600 et
1232 573 1266 600 ad
1282 572 1437 600 eademmet
1447 572 1517 607 ipsa,
1534 580 1594 607 qute
1603 573 1658 607 jam
1674 572 1739 600 olim

948 619 1029 646 adisti
1046 619 1205 651 certamina,
1227 622 1253 646 te
1270 626 1386 654 apparas
1406 625 1468 646 cum
1487 618 1624 646 moderata
1643 621 1670 644 et
1689 617 1741 645 hu-

950 665 1007 692 mili
1021 664 1166 693 atl‘ectione
1179 665 1262 693 animi
1275 674 1282 699 ;
1299 665 1350 692 tela
1366 664 1442 692 irrita
1458 664 1610 696 reddidisti,
1622 668 1650 692 et
1659 663 1741 699 insu-

950 718 999 746 per
1018 711 1093 746 ipsos
1115 711 1144 738 in
1163 715 1314 738 extremam
1329 711 1548 746 desperationem
1565 714 1647 744 atque
1663 716 1742 737 vere-

951 756 1078 784 cundiam
1106 756 1263 788 adduxisti;
1292 755 1422 783 invidiam
1445 760 1536 783 autem
1559 755 1586 782 in
1615 759 1742 782 auctores

951 801 1026 838 ipsos
1036 809 1098 829 cum
1110 802 1206 837 majori
1215 801 1397 829 amaritudine
1408 801 1618 836 retorquendam
1629 799 1741 828 curasti.

951 846 1032 874 Certe
1057 846 1177 874 fabulam
1199 854 1261 881 qua:
1284 847 1318 874 de
1341 846 1432 881 vipera
1450 845 1547 876 fertur,
1572 845 1644 880 apud
1670 845 1744 879 ipsos

120 888 251 924 ρομένους,
272 888 325 915 ὑπὸ
349 889 396 916 τοῦ
426 875 511 916 καλοῦ
540 875 709 926 γεννήματος
733 875 833 924 αὐτοῖς.
851 893 899 920 τοῦ

957 893 1008 920 vim
1036 893 1160 920 obtinere
1194 900 1272 920 suam
1297 892 1465 925 declarabis;
1493 892 1558 919 dum
1589 891 1744 919 ostenderis

119 934 218 969 φθόνου,
242 934 276 961 δι’
292 929 330 961 ὥν
349 935 462 962 σεαυτὸν
483 935 678 972 λαμπροτέρας
696 936 835 972 εὐφημίας
852 938 905 965 καὶ·

119 979 287 1015 ἀναρρήσεως
301 979 420 1015 μάλιστα
430 979 568 1014 diuitum;
851 982 853 984 ’

954 938 1163 974 haudquaquam
1178 938 1252 966 illam
1262 938 1329 966 alios
1349 938 1397 966 sed
1409 937 1482 973 ipsos
1489 942 1618 973 parentes
1628 937 1745 965 exedere

953 989 982 1011 et
995 985 1164 1020 disperdere,
1185 985 1223 1012 ita
1241 984 1356 1020 pulchra
1377 991 1499 1020 propago
1516 988 1559 1012 est
1574 983 1688 1010 invidia.
1704 982 1743 1010 Tu

119 1031 202 1056 tamen
214 1027 284 1055 hanc
297 1028 333 1056 ob
346 1034 456 1055 causam
480 1028 621 1066 iilustriori
650 1029 766 1064 quadam
782 1029 1010 1065 deprredicatione
1034 1033 1272 1068 publicationeque
1294 1037 1320 1059 te
1354 1032 1466 1067 dignum
1504 1031 1638 1066 imprimis
1670 1029 1745 1057 arbi-

118 1074 201 1102 traris.

416 1116 529 1144 ΕΠΙΣΤ.
551 1118 599 1144 lA'.

123 1162 240 1196 Ἰωάννη
270 1160 499 1231 πατρικίωᾎξςιξ
517 1162 708 1223 σμκελλαρίῳ
734 1163 811 1190 κατὰ
834 1163 904 1197 τοὺς

500 1204 536 1230 up
550 1205 614 1230 ους.

500 1204 614 1230 υριους.

1260 1118 1368 1147 EPIST.
1382 1118 1451 1145 XIV.

1029 1166 1126 1193 Joanni
1146 1165 1260 1200 patricio
1277 1171 1301 1192 et
1324 1165 1458 1192 sacellum
1481 1172 1526 1198 per
1543 1164 1683 1200 Augurius.

735 1244 870 1269 Moutacut.
890 1244 943 1277 (ep.
960 1243 1000 1274 ιθ,
1017 1251 1043 1276 p.
1062 1244 1129 1276 102).

150 1291 194 1332 Τῷ
211 1296 316 1323 ’Δττιδι
333 1295 383 1331 μέν
395 1303 425 1322 σε
438 1296 614 1332 ἀναφέρουσι,
629 1296 729 1324 Γάλλον
744 1297 900 1329 καλοῦντες,

116 1344 141 1371 oi
157 1343 220 1378 παρ’
235 1341 348 1377 Ἕλλησι
373 1342 515 1377 σοφισταί·
540 1345 574 1379 τῇ
590 1343 792 1378 γυναικωνίτιδι
809 1352 839 1370 σε
854 1352 903 1370 κα-

116 1388 295 1420 τακλείουσιν,
307 1386 470 1422 ἀνδρόγυνον
481 1387 529 1414 καὶ
539 1388 640 1420 είδότες
653 1388 702 1416 καὶ
712 1388 902 1424 ὀνομάζοντες,

117 1435 141 1460 οἱ
157 1434 286 1468 ἡμέτεροι
311 1433 398 1467 σοφοί.
417 1433 503 1461 Πόθεν
525 1431 571 1461 οὖν
597 1434 630 1460 σὺ
645 1434 710 1466 τοὺς
733 1435 904 1470 ἑκατέρωθεν

115 1476 194 1516 ὅρους
205 1479 328 1515 ὑπερϐὰς
338 1479 379 1511 εἷς
392 1479 427 1506 τὰ
439 1479 491 1514 τῆς
509 1479 674 1516 Ἐκκλησίας
685 1479 754 1507 Θεοῦ
765 1481 904 1516 μυστήρια

993 1297 1064 1326 Sunt
1074 1297 1119 1333 qui
1136 1303 1162 1325 te
1177 1300 1338 1332 comparant
1354 1296 1420 1329 Atti,
1433 1295 1538 1323 Gallum
1556 1296 1744 1323 nominantes:

957 1345 1086 1373 nimirum
1115 1343 1263 1373 Graecanici
1288 1343 1428 1380 sophistae.
1461 1343 1549 1371 Nostri
1578 1343 1743 1374 nasutiores.

956 1391 1003 1427 qui
1013 1395 1040 1418 et
1055 1391 1145 1418 sciunt
1160 1390 1353 1426 Androgynon,
1364 1394 1389 1417 et
1399 1390 1436 1417 ita
1445 1389 1603 1421 nominant,
1620 1389 1746 1424 Gynaecio

957 1435 1152 1464 includendum
1164 1435 1284 1464 tradunt.
1297 1435 1375 1464 Unde
1385 1443 1450 1472 ergo
1457 1435 1560 1463 factum
1579 1439 1608 1463 ut
1621 1435 1749 1470 utrinque

957 1482 1090 1510 terminos
1127 1481 1348 1517 oireumscriptos
1374 1481 1542 1514 transiliens,
1568 1481 1596 1508 iu
1620 1480 1748 1509 Ecclesia:

116 1526 351 1562 παρεισέφρησας,
373 1527 430 1554 ἀνω
451 1526 499 1553 καὶ
514 1525 590 1553 κάτω
616 1526 706 1553 πάντα
728 1526 831 1553 ποιῶν·
857 1526 901 1552 καὶ

957 1533 984 1557 te
1010 1529 1129 1557 sacraria
1147 1528 1290 1564 injecisti?
1318 1528 1409 1556 omnia
1424 1535 1527 1563 susque
1544 1527 1631 1562 deque
1652 1526 1746 1553 habes.

115 1573 146 1599 τὸ
161 1573 190 1599 ὲν
206 1573 239 1607 τῇ
253 1573 286 1608 σῇ
301 1572 469 1609 παραφθόρῳ
484 1571 563 1606 φύσει
576 1571 702 1608 ἄκαρπόν
715 1580 745 1598 τε
759 1571 807 1598 καὶ
821 1571 907 1607 ἀχρη-

116 1627 179 1647 στον
196 1620 225 1648 ὲν
239 1622 272 1656 τῇ
292 1618 341 1646 τοῦ
361 1618 480 1654 Χριστοῦ
496 1618 672 1655 γονιμωτάτῃ
688 1618 735 1645 καὶ
750 1617 906 1653 πολυτέχνῳ

121 1662 289 1702 Ἐκκλησία,
316 1665 477 1700 φιλονεικεῖς
503 1664 733 1700 καταπράξασθαι
747 1672 754 1697 ;
769 1663 827 1691 ἀλλ’
851 1664 906 1691 ῐσθι

117 1711 232 1745 σαφῶς,
251 1711 292 1737 ὅτι
307 1710 369 1746 ᾅδου
388 1709 438 1745 μὲν
448 1709 496 1736 καὶ
519 1709 574 1736 τῶν
592 1709 676 1735 αὐτοῦ
693 1708 799 1742 πυλῶν,
815 1709 849 1736 δι’
869 1706 907 1736 ὦν

115 1757 248 1791 πράττεις
260 1755 459 1791 ἀναιδέστερον,
479 1755 591 1782 σεαυτὸν
604 1759 618 1774 α
633 1753 842 1789 ἑατηλίτευσας³
865 1755 907 1781 ὅτι

113 1801 143 1830 δὲ
160 1803 208 1830 καὶ
224 1803 418 1836 ἀσθενέστερος
434 1799 519 1837 ἦσθα,
535 1802 615 1837 ἡμεῖς
630 1801 679 1828 καὶ
695 1802 710 1828 6
723 1800 770 1828 τοῦ
787 1801 907 1836 Χριστοῦ

115 1847 166 1875 σὺν
180 1847 248 1883 ἡμῖν
265 1846 478 1881 πολυάνθρωπος
493 1846 541 1872 καὶ
558 1846 636 1880 ἆγιος
650 1846 740 1881 χορὸς,
755 1846 807 1873 κᾶν
819 1846 907 1882 λυπή-

114 1901 223 1929 σωμεν,
246 1891 429 1926 διελέγξομεν.
451 1892 483 1918 El
498 1892 521 1918 δ’
535 1892 640 1919 ἐκεῖνον
666 1892 711 1919 τδν
728 1891 908 1927 ἀρχιτέκτονα

111 1939 170 1966 τῶν
186 1938 412 1973 πονηρευμάτων,
428 1937 497 1973 μετὰ
517 1937 572 1965 τῶν
587 1938 668 1964 αὐτοῦ
689 1938 781 1965 πυλῶν
790 1935 843 1972 (ὧν
859 1939 909 1974 μία

111 1983 188 2018 τάχα
206 1982 351 2017 τυγχάνεις
371 1982 467 2015 αὐτὸς,
496 1982 556 2009 ὅλον
580 1982 677 2017 ἐκείνῳ
696 1983 727 2008 τὸ
753 1983 842 2018 στόμα
860 1983 908 2009 καὶ

111 2030 165 2064 τὴν
190 2026 318 2062 γλῶσσαν
337 2028 385 2055 καὶ
409 2028 459 2064 τὴν
483 2027 577 2063 φωνὴν
604 2028 812 2063 χαρισάμενος),
832 2028 908 2063 ὅμως

112 2070 268 2111 σῦμπασαν
293 2074 376 2101 αὐτοῦ
399 2074 450 2109 τὴν
484 2074 638 2110 παράταξιν
667 2074 830 2109 ἀνισχύρους
859 2074 908 2101 καὶ

111 2121 278 2156 ἀπράκτους
295 2120 388 2147 κατὰὶι
399 2121 451 2155 τῆς
475 2120 640 2156 Ἐκκλησίας
655 2121 737 2147 αὑτοῦ
759 2120 876 2156 Χριστὸς
890 2121 907 2156 ἡ

107 2166 235 2202 ἀλήθεια
259 2166 434 2201 ἀπεφήνατο·
454 2165 536 2201 μέχρι
552 2166 625 2197 τίνος
640 2166 690 2193 οὐκ
705 2166 811 2197 ὲνδὶδως
829 2166 906 2193 ἀναι-

109 2211 265 2246 δευόμενος
275 2232 282 2243 ,
309 2211 356 2237 καὶ
378 2211 419 2242 είς
433 2211 564 2245 οὐρανοὺς
577 2211 612 2237 τὰ
627 2211 678 2245 τῆς
701 2211 830 2243 ἀπονοίας
846 2210 910 2247 βέλη

112 2257 192 2293 μετὰ
204 2256 305 2291 πολλῆς
317 2256 368 2290 τῆς
379 2256 559 2289 ἀναισθησίας
574 2256 664 2290 ἀφιείς
674 2265 681 2290 ;
693 2257 727 2283 δι’
740 2254 788 2289 ὧν,
805 2257 911 2291 γέλωτα

112 2304 171 2340 μὲν
186 2304 243 2334 τοῖς
258 2302 467 2338 συμπράττωσι
485 2300 594 2337 δαίμοσι
610 2303 704 2335 κινεῖς,
718 2302 807 2338 λύπην
821 2303 849 2330 δὲ
865 2304 911 2330 ἐπὶ

108 2350 149 2385 τῇ
169 2350 206 2384 σῇ
225 2347 350 2384 ἀπωλείᾳ
362 2348 419 2379 τοῖς
435 2347 524 2382 ἁγίοις
540 2347 691 2383 προξενετς,
710 2349 824 2384 μισητὸν
840 2349 867 2375 δὲ
882 2350 912 2375 τὺ

111 2396 166 2422 σδν
181 2394 263 2429 γένος
277 2393 325 2421 νῦν
339 2393 439 2428 μᾶλλον
457 2393 473 2428 ἢ
490 2393 624 2429 πρότερον
644 2394 690 2419 καὶ
706 2393 847 2428 διαϐόητον
863 2394 910 2420 ἐπὶ

109 2439 208 2475 κακίᾳ
224 2438 370 2475 παριστᾷς.

423 2571 535 2604 ΕΠΙΣΤ.
557 2574 607 2603 1Ε’;

336 2617 517 2653 Ἀναστασίῳ
538 2622 703 2656 φορολόγῳ.

957 1574 1068 1602 Naturae
1096 1578 1187 1613 autem
1213 1579 1266 1601 tuae
1293 1573 1506 1608 corruptissima:
1532 1571 1662 1607 quidquid
1688 1571 1748 1599 sine

958 1620 1045 1648 fructu
1063 1625 1091 1648 et
1103 1619 1198 1648 inutile
1213 1619 1380 1652 adhaerebat,
1394 1619 1422 1646 in
1438 1618 1632 1647 fecundissima
1646 1617 1748 1645 Christi

959 1665 1077 1694 Ecclesia
1090 1671 1118 1694 et.
1131 1665 1224 1694 liberis
1234 1665 1442 1701 quamplurimis
1464 1664 1519 1692 feta
1529 1685 1536 1697 ,
1550 1671 1685 1692 summam
1699 1667 1749 1698 per

959 1710 1155 1745 impudentiam
1166 1710 1288 1737 inserere
1299 1709 1419 1737 voluisti.
1431 1709 1484 1737 Sed
1499 1708 1650 1736 clarissime
1665 1707 1748 1734 intel-

958 1755 1025 1790 ligas
1045 1759 1168 1790 oportet.
1189 1755 1260 1790 quod
1277 1763 1326 1789 per
1342 1762 1374 1782 ea
1391 1762 1451 1789 quae
1466 1753 1589 1788 operaris
1604 1753 1749 1788 impuden-

959 1801 1073 1834 tissime,
1099 1805 1126 1828 te
1145 1801 1235 1836 palam
1254 1800 1397 1827 declarasti
1417 1800 1488 1835 quod
1509 1799 1542 1827 ad
1563 1798 1700 1826 infernum
1721 1802 1748 1826 et

959 1846 1058 1874 inferni
1085 1851 1176 1881 portas
1198 1850 1315 1881 spectes.
1338 1845 1417 1878 Quod
1436 1852 1517 1880 porro
1539 1845 1576 1873 sis
1593 1852 1674 1879 quam
1697 1844 1749 1871 illae

959 1892 1032 1920 fores
1049 1891 1193 1924 infirmior,
1209 1899 1260 1919 uos
1279 1897 1307 1918 et
1325 1891 1467 1918 nobiscum
1486 1898 1538 1918 una
1556 1889 1748 1917 numerosissia

960 1945 1022 1964 mus
1049 1936 1151 1964 Christi
1164 1944 1239 1972 grex,
1250 1937 1313 1964 licet
1327 1941 1421 1964 nostro
1436 1943 1497 1964 cum
1508 1936 1619 1967 dolore,
1634 1935 1749 1963 manife—

959 1988 1031 2011 stum
1040 1983 1165 2010 facimus.
1185 1982 1251 2010 Cum
1266 1990 1332 2010 vero
1344 1982 1476 2010 maiorum
1492 1981 1614 2009 omnium
1629 1980 1749 2009 archite-

963 2033 1035 2057 ctum
1047 2028 1134 2062 illum,
1148 2036 1201 2056 una
1214 2036 1275 2056 cum
1289 2028 1373 2063 ipsius
1389 2027 1474 2063 portis
1486 2027 1614 2063 (quarum
1627 2026 1750 2054 fortassis

961 2079 990 2102 tu
1006 2083 1058 2102 una
1075 2082 1114 2106 es,
1132 2082 1195 2101 cum
1210 2074 1235 2102 in
1252 2074 1367 2101 solidum
1383 2074 1433 2108 ipsi
1449 2081 1491 2106 os,
1508 2073 1638 2109 linguam,
1654 2079 1749 2100 vocem

960 2120 1161 2155 concesseris),
1176 2125 1203 2148 et
1223 2128 1320 2148 omnes
1345 2120 1430 2155 ipsius
1450 2119 1586 2147 exercitus
1605 2118 1749 2150 invalidos,

962 2172 990 2194 et
1015 2166 1083 2194 nihil
1109 2171 1221 2202 agentes
1242 2170 1336 2194 contra
1360 2165 1518 2198 Ecclesiam,
1541 2165 1668 2193 Christus
1691 2164 1750 2199 ipsa

963 2212 1063 2240 veritas
1076 2211 1157 2240 nobis
1172 2212 1390 2239 confirmaverit:
1407 2217 1548 2246 quousque
1566 2215 1595 2237 tu
1610 2210 1645 2237 de
1659 2209 1751 2244 impu‘

961 2259 1053 2287 dentia
1070 2264 1114 2286 tua
1131 2258 1169 2286 nil
1185 2258 1324 2286 remittis?
1342 2265 1484 2292 quousque
1502 2265 1556 2284 non
1573 2256 1683 2284 omittes
1698 2256 1750 2282 im-

960 2304 1099 2340 pudentiae
1112 2308 1165 2331 tute
1176 2304 1228 2331 tela
1242 2303 1345 2330 furioso
1359 2310 1436 2329 more
1452 2302 1480 2329 in
1490 2302 1589 2329 caelum
1601 2299 1752 2336 ejaaulari?

962 2350 1034 2377 unde
1064 2351 1148 2377 risum
1180 2353 1207 2377 et
1236 2349 1384 2377 ludibrium
1412 2347 1606 2375 auxiliantibus
1635 2345 1752 2375 diabolis

963 2395 1111 2428 ministras,
1133 2394 1255 2421 dolorem
1272 2401 1337 2421 vero
1355 2394 1389 2421 de
1409 2398 1453 2420 tua
1476 2393 1628 2429 perditione
1650 2392 1752 2419 sanctis

965 2440 1111 2467 suffundis.
1138 2439 1230 2467 Genus
1251 2447 1334 2474 porro
1359 2443 1456 2470 tuum,
1480 2439 1551 2466 ultra
1579 2446 1659 2473 quam
1686 2437 1752 2465 olim

966 2486 1065 2517 fuerat,
1093 2485 1156 2513 odio
1182 2485 1274 2512 haberi
1301 2487 1329 2512 et
1365 2485 1538 2512 detestationi
1566 2485 1641 2517 facis,
1667 2488 1695 2511 et
1717 2483 1753 2510 ob

967 2532 1168 2568 improbitatem
1181 2530 1361 2558 diﬂ‘amatum.

1271 2574 1379 2604 Ei‘iST.
1391 2574 1451 2603 XV.

1147 2623 1291 2649 Anastasio
1310 2622 1402 2649 tributi
1426 2621 1568 2660 coilectori.

763 2666 898 2693 Montacut.
918 2669 970 2702 (ep.
988 2670 1028 2699 5i,
1045 2676 1070 2701 p.
1087 2669 1152 2701 106).

150 2712 217 2739 Οὐκ
232 2709 290 2738 εστι
304 2718 345 2737 σοι
358 2708 472 2744 πάροδος
486 2709 524 2740 είς
534 2709 584 2742 τὴν
596 2708 648 2743 τῆς
661 2707 798 2743 βασιλείας
813 2709 911 2745 πύλην,

100 2758 188 2786 διότι
204 2765 246 2783 σοι
254 2754 356 2789 ταύτην
366 2753 539 2788 ἀπετείχισεν
549 2753 563 2780 ό
574 2753 624 2788 τῆς
637 2754 820 2790 φιλαργυρίας
831 2755 911 2790 ἔρως.

1003 2711 1080 2739 [laud
1092 2711 1139 2738 tibi
1151 2715 1226 2746 patet
1245 2711 1384 2745 ingressus
1398 2717 1448 2745 per
1460 2711 1560 2737 ostium
1577 2708 1605 2736 in
1621 2714 1754 2744 regnum:

967 2757 1143 2793 pecuniarum
1161 2757 1264 2792 quippe
1287 2763 1363 2784 amor
1382 2763 1445 2783 eum
1467 2755 1515 2783 tibi
1532 2755 1657 2784 occlusit.
1680 2751 1756 2788 Quod

770 2809 888 2838 VARIAS
913 2811 1116 2840 LECTIONES.

156 2862 174 2885 δ’
192 2859 312 2894 ἐφίεται.
352 2862 363 2876 ι
378 2866 425 2893 γρ.
445 2857 520 2892 βέλη.

266 2907 400 2936 Ρλτιιοι..
418 2900 477 2937 Cit.
497 2907 561 2935 Cll.

559 2865 570 2878 α
584 2858 689 2886 ἑαυτόν,
729 2859 742 2878 b
764 2859 833 2893 μετά
847 2859 959 2888 ilmsch.

1527 2902 1562 2934 30
