1928 3097
190 171 243 202 939

759 168 892 199 PHOTII
909 167 983 198 PAT.

1040 165 1163 197 tRCHiE
1182 166 1237 196 (ΣΡ.
1771 166 1814 198 940

190 227 212 255 si
234 233 342 254 murum
363 226 534 261 interiectum
556 233 610 261 quo
629 225 792 258 cxcluderis,
812 232 861 260 per
880 232 982 260 paupe-

1040 223 1065 250 El
1084 222 1113 249 δὲ
1125 222 1156 249 τὸ
1171 221 1329 257 μεσότοιχον
1341 221 1385 249 διὰ
1399 221 1602 257 φιλοπτωχειας
1611 221 1715 256 λύσεις,
1732 222 1815 250 θᾶττον

189 281 251 301 rum
275 279 396 300 amorem
417 271 589 299 submoveris
604 291 611 304 ,
635 271 797 307 quantocius
820 275 848 298 te
869 270 983 306 recipiet

1040 269 1052 304 ἡ
1065 268 1115 303 τῆς
1131 267 1321 304 ὲλεημοσύνης
1334 267 1494 300 ὑποδέξεταί
1510 276 1540 294 σε
1557 268 1694 296 κατοικία.

189 320 368 356 cleemosynae
382 318 519 348 destinata
532 318 676 346 habitatio.

483 374 594 404 EPIST.
610 374 683 403 XVI.

531 421 635 449 Eidem.

1330 367 1443 394 enim.
1469 367 1529 401 ις.
1826 382 1833 406 ,

1333 451 1336 455 ι
1355 412 1402 446 Τῷτ
1419 413 1512 446 αὐτῷ.
1824 422 1832 446 δ

807 476 943 502 Montacut.
962 477 1015 510 (ep.
1033 479 1072 511 52,
1090 487 1115 512 p.
1133 479 1201 512 106).

222 531 332 561 Nullum
351 531 500 559 admittunt
520 531 591 559 inter
610 539 640 559 se
656 532 853 559 commercium
866 532 982 560 avaritia

188 583 215 605 et
236 578 403 606 humanitas.
422 577 515 614 Longe
533 579 611 606 abest
632 578 705 606 enim
721 578 762 606 vir
779 578 934 606 misericors
949 578 983 606 ab

187 624 250 652 odio
264 624 396 656 fraterno,
411 631 465 658 quo
476 624 603 651 laborant
614 624 724 651 divites.
737 622 872 656 Quocirca
889 623 982 651 hiatus

188 670 284 706 ingens
306 669 481 698 constituitur
500 669 575 705 inter,
591 669 729 697 infernum
746 672 776 697 et
789 669 921 697 caelorum
937 677 982 698 re-

188 723 270 752 gnum
275 736 282 742 .

484 771 596 800 EPIST.
608 770 692 798 XVII.

535 816 638 844 Eidem.

1071 536 1130 563 Οὐκ
1154 533 1208 562 οἶδε
1232 535 1340 562 συνοδον
1361 534 1496 568 ἀλλήλων,
1517 532 1661 566 πλεονεξία
1674 533 1724 561 καὶ
1736 533 1820 568 φιλαν-

1035 580 1156 617 θρωπία.
1181 580 1300 616 Μακρὰν
1320 579 1419 615 ἀπέχει
1444 579 1514 615 ἀνὴρ
1551 579 1676 614 ἐλεήμων
1701 579 1750 614 τῆς
1771 586 1821 604 των

1031 626 1218 653 πλουτούντων
1232 625 1423 661 μισαδελφίας.
1438 625 1489 651 Διὰ
1498 624 1578 651 τοῦτο
1591 625 1639 651 καὶ
1653 624 1726 659 μέγα
1734 624 1819 660 χάσμα

1030 671 1189 708 ἐστήρικται
1201 669 1304 706 μεταξὺ
1319 671 1434 706 γεέννης
1451 670 1499 697 καὶ
1510 670 1660 706 βασιλείας.

1340 768 1454 796 ΕΠΙΣΤ.
1479 768 1529 796 ΙΖν.

1356 813 1399 848 Τῷ
1414 814 1506 848 αὐτῷ.

813 872 948 898 Montacut.
968 871 1020 903 (ep.
1038 871 1078 902 55,
1095 878 1120 903 p.
1141 871 1205 903 [07).

223 930 339 959 Divitias
363 935 490 961 evacuas,
515 932 544 955 et
570 926 747 955 vehementer
771 925 886 961 gaudeo,
907 924 979 960 quod

189 977 237 1005 tibi
258 976 391 1004 caelorum
417 981 530 1010 regnum
549 972 713 1000 aediﬁcatum
734 971 862 999 videam:
885 971 933 999 sed
952 974 981 998 et

188 1030 242 1061 una
259 1025 427 1050 evacuentur
440 1020 554 1048 allectus
570 1019 619 1050 illi,
635 1019 682 1054 qui
699 1018 809 1046 divitias
824 1018 900 1053 prius
918 1026 981 1054 pos-

188 1068 320 1096 sederunt
339 1076 346 1095 :
367 1072 398 1095 ut
414 1074 470 1094 non
486 1066 568 1094 modo
580 1065 716 1093 thalamus
735 1065 784 1093 tibi
801 1066 899 1101 regalis
914 1073 982 1093 con-

188 1114 290 1150 tingat,
299 1112 348 1142 sed
359 1118 387 1141 et
403 1120 519 1148 sponsus
538 1111 619 1139 etiam
635 1111 749 1147 prodeat
769 1111 885 1147 pulchre
901 1119 982 1139 exor-

188 1163 281 1188 natus.

483 1202 698 1231 EPIST.‘XVI|I.

437 1248 574 1282 Galatoni,
586 1257 601 1275 a
615 1249 729 1275 secretis.

1066 924 1163 955 Κενοϊς
1177 923 1224 950 τὸν
1244 922 1360 951 πλοῦτον
1372 931 1379 939 ·
1397 922 1445 949 καὶ
1461 922 1533 958 μέγα
1553 922 1643 958 χαίρω
1656 922 1698 949 ὃτι
1717 929 1758 949 σοι
1776 921 1823 956 βα-

1032 968 1134 996 σιλείαν
1143 969 1267 1004 οὐρανῶν
1275 969 1332 1005 ὁρῶ
1341 969 1485 1004 οἱκοδομου
1489 969 1585 1004 μένην.
1601 968 1681 995 Ἀλλὰ
1692 967 1824 995 κενοὺσθω

1032 1025 1073 1043 σοι
1098 1015 1145 1042 καὶ
1170 1015 1189 1043 ἃ
1212 1017 1378 1052 προκατεῖχε
1401 1016 1447 1043 τὸν
1464 1015 1582 1042 πλοῦτον
1612 1015 1704 1050 πάθη·
1730 1014 1772 1041 ἵνα
1785 1015 1822 1050 μὴ

1034 1063 1114 1098 μόνον
1128 1063 1144 1098 ή
1160 1062 1268 1094 παστὰς
1293 1062 1404 1098 ὑπάρχῃ
1429 1061 1569 1098 βασιλικὴ,
1583 1061 1652 1089 ἀλλὰ
1668 1061 1716 1088 καὶ
1730 1061 1745 1087 ὁ
1759 1069 1824 1096 νυμ-

1033 1107 1095 1143 φίος
1112 1107 1327 1143 ὲξωραῖσμένος.

1333 1205 1446 1233 ΕΠΙΣΤ.
1471 1206 1524 1234 IH'.

1257 1251 1414 1280 l‘aldwrt
1428 1251 1603 1286 ἀσηκρῆτις.

819 1307 952 1332 Montacut.
970 1307 1021 1340 (ep.
1039 1308 1078 1340 55,
1097 1315 1124 1341 p.
1142 1308 1209 1342 llO).

227 1362 399 1398 Archetypon
411 1361 546 1398 (opinor)
559 1366 609 1394 cst,
624 1368 673 1388 nec
682 1360 715 1388 ad
725 1360 903 1388 imitationem
920 1361 982 1389 alio-

1079 1364 1254 1400 ’Λρχέτυπον,
1273 1362 1362 1399 οἶμαι,
1385 1365 1433 1391 καὶ
1453 1364 1484 1391 οὺ
1502 1363 1571 1400 πρὸς
1593 1363 1710 1399 μίμησιν
1726 1363 1826 1399 ἑτέρων

190 1416 249 1436 rum
274 1408 442 1441 institutum,
471 1406 593 1442 prmclari
622 1407 703 1434 amici
731 1407 769 1434 tui
795 1407 979 1437 mendacium.

1040 1410 1275 1445 μεμηχανημένον,
1288 1410 1336 1437 τοῦ
1353 1409 1436 1436 καλοῦ
1460 1418 1507 1436 σου
1535 1409 1613 1444 φίλου
1639 1408 1768 1443 τυγχάνει
1795 1408 1826 1434 τὸ

189 1455 284 1491 Neque
307 1455 382 1482 enim
401 1453 560 1489 persuaderi
579 1453 630 1488 ipsi
649 1453 754 1488 possit,
770 1458 801 1480 ut
816 1461 878 1481 cum
894 1454 982 1489 poetis

192 1501 237 1529 vcl
261 1500 456 1528 amantissimis
476 1499 625 1532 ﬁctionum,
643 1507 678 1526 ne
698 1500 787 1527 dicam
803 1500 915 1527 comicis
937 1505 983 1528 aut

189 1546 313 1582 tragicis,
330 1549 520 1582 comparetur;
535 1546 622 1572 multo
640 1545 725 1580 magis
743 1545 788 1580 qui
804 1553 849 1573 res
868 1545 982 1573 heroum

191 1597 282 1629 gestas
300 1597 386 1619 metro
408 1599 557 1627 paronymo
572 1590 648 1627 (hoc
667 1596 719 1622 est.
739 1590 874 1626 heroico)
889 1598 983 1626 perse—

191 1638 247 1666 cuti
264 1642 338 1665 sunt.
361 1637 430 1664 Cum
445 1644 508 1664 vero
530 1641 626 1671 poetas
649 1643 744 1664 omnes
764 1636 793 1663 in
811 1640 983 1671 extempora-

193 1683 265 1710 libus
277 1681 411 1718 ligmcntis
420 1681 628 1717 transgreditur,
648 1681 729 1716 idque
751 1689 813 1708 cum
826 1681 983 1717 supercilio,

193 1729 339 1757 historicus
360 1728 493 1764 quispiam
516 1733 563 1755 aut
586 1735 666 1763 prosa
698 1727 824 1763 scriptor,
844 1727 888 1755 hic
912 1734 983 1762 opus

192 1780 244 1806 est,
270 1779 300 1802 ut
321 1773 349 1801 in
371 1773 530 1801 memoriam
550 1776 693 1800 revocetur
710 1773 751 1806 ci,
774 1777 801 1800 et
821 1780 853 1800 ex
870 1773 983 1801 adverso

192 1823 374 1855 componatur
392 1823 520 1847 strenuus
540 1819 675 1854 quispiam
696 1819 900 1846 mendaciorum
924 1826 983 1846 sar-

193 1871 246 1899 tor,
274 1869 304 1893 ut
317 1865 354 1892 ita
378 1872 506 1901 magnum
523 1869 551 1892 et
568 1864 681 1892 dubium
698 1864 815 1892 subeant
833 1868 982 1892 certamen.

193 1911 260 1944 Quis
273 1914 364 1938 autem
380 1910 424 1938 ille
440 1910 548 1938 tandem
562 1910 616 1937 erit
629 1910 640 1937 ?
657 1909 738 1938 Certe
752 1917 804 1937 nec
822 1909 893 1937 inter
906 1909 983 1937 Grae—

193 1965 251 1987 cos,
273 1956 321 1984 sed
366 1964 454 1991 neque
477 1956 606 1983 barbaros
627 1955 730 1983 versari
749 1954 905 1991 dignabitur
925 1955 980 1983 ille.

194 2001 248 2028 Sed
268 2008 338 2036 opus
357 2006 447 2029 autem
465 2007 507 2029 est
527 2006 557 2028 ut
571 2001 719 2037 investiges
741 2005 841 2028 terram
862 2001 983 2028 homini-

193 2047 246 2074 bus
273 2046 463 2082 incognitam,
485 2047 577 2082 potius
601 2055 661 2082 quw
688 2054 822 2082 nusquam
854 2046 980 2080 habetur,

1036 1454 1145 1489 ψεῦδος.
1165 1455 1295 1489 Ποιηταῖς
1316 1454 1365 1490 μὲν
1380 1455 1446 1489 γὰρ,
1464 1454 1551 1482 καίτοι
1567 1453 1762 1489 φιλομυθοῦσιν
1777 1453 1825 1489 (οὐ

1037 1500 1110 1535 λέγω
1119 1502 1261 1535 κωμικοῖς,
1269 1500 1326 1527 ἀλλ’
1337 1500 1397 1527 οὐδὲ
1408 1499 1578 1534 τραγικοῖς),
1589 1499 1639 1526 οὐκ
1656 1499 1688 1526 ἂν
1700 1499 1826 1533 πεισθείη

1038 1546 1242 1582 συγκρίνεσθαι.
1266 1545 1360 1580 Πολλῷ
1381 1546 1409 1572 δὲ
1425 1545 1536 1581 μᾶλλον.
1555 1545 1610 1571 οὐδ’
1625 1541 1666 1576 οἷς
1680 1543 1715 1571 τὰ
1728 1544 1826 1581 ἡρώων

1037 1590 1198 1626 παρωνύμῳ
1222 1590 1315 1626 μέτρῳ
1347 1590 1489 1626 ἐξῄρηται.
1516 1591 1604 1618 Ὅπου
1628 1590 1672 1622 δὲ,
1705 1591 1829 1625 ποιητῶν

1037 1637 1178 1669 ἁπάντων,
1206 1637 1236 1663 ὲν
1263 1636 1303 1672 τῷ
1329 1637 1492 1672 σχεδιάζειν,
1524 1636 1759 1673 ὑπερωφρύωται,
1786 1638 1829 1669 τίς

1039 1682 1182 1718 ἱστορικῶν
1210 1682 1228 1718 ἦ
1257 1683 1439 1718 συγγραφέων
1465 1684 1506 1715 εἰς
1529 1683 1640 1718 μνήμην
1668 1683 1749 1718 χρεία
1780 1683 1830 1710 καὶ

1037 1728 1199 1763 παράθεσις
1212 1729 1280 1765 πρὸς
1296 1729 1343 1756 ἕνα
1363 1730 1437 1762 τινὰ,
1455 1728 1559 1759 λοιπὸν,
1576 1729 1720 1762 γενναίων,
1737 1726 1828 1763 οἶμαι,

1036 1774 1071 1802 τὰ
1083 1774 1180 1811 ψευδῆ.
1197 1775 1286 1810 μέγας
1301 1775 1375 1811 αὐτῷ
1389 1776 1437 1802 καὶ
1453 1775 1629 1810 ἀμφήριστος
1651 1774 1830 1800 ὑπολείπεται

1036 1820 1051 1847 ὁ
1065 1819 1150 1855 ἀγών.
1173 1820 1223 1853 Τίς
1237 1819 1284 1848 οὖν
1300 1822 1374 1848 ἐστιν
1395 1817 1488 1853 οὗτος
1505 1820 1562 1846 Οὐκ
1575 1820 1604 1846 ὲν
1615 1818 1754 1853 Ἕλλησιν,
1772 1818 1831 1845 οὐδ’

1037 1865 1066 1892 ἐν
1088 1865 1241 1902 Βαρδάροις
1265 1865 1338 1898 ἀξιοῖ
1357 1865 1564 1892 πολιτεύεσθαι·
1581 1865 1633 1899 γῆν
1643 1863 1672 1890 δὲ
1687 1862 1832 1897 ἄγνωστον

1036 1910 1203 1946 ἀνθρώποις,
1228 1910 1329 1946 μᾶλλον
1353 1911 1375 1937 δ’
1391 1911 1566 1945 ἀνύπαρκτον
1589 1909 1667 1942 ὅλως,
1688 1909 1736 1936 καὶ
1748 1909 1832 1943 γένος

1036 1956 1257 1991 ἀκατονόμαστον
1270 1956 1449 1992 ἐπιζητήσας,
1461 1955 1590 1983 κακείθεν
1606 1954 1759 1989 ἐπιδημῶν,
1772 1955 1834 1986 τοῖς

1038 2001 1143 2036 μύθοις,
1161 2001 1215 2029 τῶν
1236 2002 1400 2038 ἀπορρήτων
1426 2000 1582 2037 ὑφηγητὴς,
1611 2000 1680 2035 μετὰ
1707 1999 1835 2034 φοϐερᾶς

1035 2048 1085 2082 τῆς
1096 2047 1197 2083 ὀφρύος
1213 2047 1396 2083 προκάθηται.
1415 2047 1555 2082 Τιμοκλέα
1577 2047 1653 2079 ποτε,
1679 2046 1784 2080 μᾶλλον
1801 2046 1835 2072 δὲ

193 2097 221 2119 cl
238 2097 345 2128 gentem
363 2093 480 2128 aliquam
501 2093 719 2126 innominatam;
743 2093 806 2120 inde
826 2093 880 2120 huc
902 2100 982 2128 pere-

1040 2093 1253 2120 Κλονθάκονολον
1265 2093 1310 2120 τὸν
1320 2093 1478 2127 Ὀφιοκανὺν
1494 2093 1544 2128 (δεῖ
1555 2093 1620 2128 γὰρ,
1631 2092 1669 2124 ὡς
1682 2093 1768 2126 ἔοικε,
1783 2094 1836 2120 καὶ

193 2138 288 2174 grinus
310 2138 437 2166 adveniat
460 2143 511 2172 ;et
534 2146 596 2166 cum
618 2138 731 2166 terribili
751 2139 868 2173 quodam
888 2146 984 2174 super-

194 2184 257 2212 cilio
273 2205 280 2216 ,
311 2189 481 2212 secretorum
512 2189 655 2212 enarrator
671 2205 678 2217 ,
711 2184 810 2212 fabulis
841 2185 984 2219 przcsideat

195 2229 366 2258 enarrandis.
384 2229 534 2258 Timoclcm
551 2230 622 2258 forte
636 2230 766 2265 aliquem,
783 2238 844 2257 cum
857 2230 899 2257 vel
916 2238 984 2265 puer

195 2276 238 2303 vel
259 2275 419 2304 adolescens
438 2275 642 2311 disciplinarum
658 2275 765 2302 scholas
780 2275 886 2308 adires,
906 2275 984 2303 audi-

194 2323 268 2354 visti.
286 2327 334 2350 aut
343 2321 592 2350 Clonthacontlilon
612 2320 787 2355 ophicianum
802 2324 887 2356 (nam
904 2329 983 2349 mon-

195 2375 250 2397 stra
267 2369 346 2397 nobis
357 2369 498 2396 nominum
513 2367 653 2396 formanda
663 2367 746 2400 sunt)
759 2366 984 2402 Ophicianorum,

195 2423 265 2452 quos
282 2415 334 2443 sibi
344 2414 473 2447 conﬁxit,
488 2414 607 2442 nationis
622 2418 758 2446 naturam,
773 2412 894 2448 politiam
907 2433 914 2445 ,
933 2421 984 2449 pu-

197 2469 274 2496 gnas,
299 2459 437 2493 victorias,
463 2460 526 2487 vita:
552 2459 661 2493 saecula,
693 2462 798 2493 aetates,
823 2458 984 2492 felicitates,

198 2515 287 2542 neque
304 2507 447 2534 hominum
464 2506 663 2538 tantummodo,
679 2505 727 2533 sed
745 2510 773 2533 et
790 2505 941 2540 plantarum
958 2510 987 2533 et

198 2553 366 2585 animalium.
384 2553 476 2585 maris,
494 2556 523 2580 et
542 2556 621 2580 terrae
633 2572 640 2584 ,
657 2551 791 2587 aerisque,
812 2551 986 2587 hyperbolice

198 2597 387 2629 mentientem,
408 2601 436 2625 et
458 2596 612 2632 prodigiose
629 2600 851 2632 prosequentem.
868 2596 948 2624 Certe
964 2596 986 2624 si

198 2643 345 2679 praeclarus
367 2643 413 2670 ille
437 2647 502 2670 tuus
521 2642 636 2675 amicus,
658 2642 684 2669 in
705 2647 844 2671 certamen
859 2643 893 2670 de
908 2650 987 2670 mcn-

199 2690 301 2722 tiendo,
327 2696 389 2716 cum
409 2689 462 2717 isto
484 2688 594 2716 homine
613 2689 803 2723 descenderet,
826 2690 934 2726 iudices
959 2694 988 2717 et

199 2736 373 2771 praemiorum
390 2734 581 2764 distributores
593 2755 601 2769 ,
618 2735 653 2763 ad
668 2734 822 2764 istiusmodi
837 2735 987 2764 certamina

1034 2138 1069 2165 τὰ
1091 2138 1212 2173 ὀνόματα
1226 2138 1439 2174 τερατεύεσθαι)
1464 2139 1599 2174 κουρίζων
1616 2139 1681 2170 ῐσως
1694 2139 1711 2174 ἥ
1731 2147 1836 2174 μειρα-

1034 2183 1120 2216 κίζων
1132 2185 1188 2217 τοῖς
1199 2184 1371 2220 μαθήμασιν,
1382 2185 1512 2220 ἤκουσας,
1521 2184 1690 2219 Ὀφιοκανῶν
1700 2185 1836 2216 ἐκείνων,

1034 2229 1081 2262 οὓς
1101 2231 1181 2262 αὐτὸς
1204 2231 1387 2265 ὑπεστήσατο,
1410 2231 1500 2265 γένος,
1519 2231 1566 2258 καὶ
1580 2231 1673 2266 φύσιν,
1691 2232 1739 2258 καὶ
1755 2232 1839 2258 πολι-

1034 2275 1120 2307 τείαν,
1136 2275 1183 2302 καὶ
1197 2276 1297 2310 μάχας,
1313 2276 1360 2302 καὶ
1377 2276 1465 2309 νίκας,
1480 2276 1527 2302 καὶ
1545 2275 1609 2310 βίων
1626 2276 1728 2308 αἰῶνας
1741 2282 1770 2308 ο,
1785 2280 1840 2304 καὶ

1034 2320 1153 2357 ἡλικίας,
1167 2322 1214 2348 καὶ
1225 2321 1396 2356 εὐδαιμονίας
1407 2330 1413 2337 ·
1428 2321 1478 2348 οὐκ
1490 2321 1643 2357 ἀνθρώπων
1656 2322 1749 2357 μόνον,
1763 2323 1841 2350 ἀλλὰ

1035 2368 1083 2394 καὶ
1097 2367 1201 2402 φυτῶν,
1222 2367 1268 2394 καὶ
1284 2367 1373 2400 ζώων,
1391 2369 1437 2394 καὶ
1458 2368 1520 2403 γῆς,
1537 2369 1584 2395 καὶ
1603 2367 1756 2404 θαλάσσης,
1786 2370 1842 2396 καὶ

1036 2414 1126 2449 ἀέρος,
1149 2414 1197 2440 καὶ
1217 2414 1371 2450 ὖπερὸολὴν
1391 2414 1556 2450 ψευσμάτων
1580 2415 1841 2450 τερατευσάμενον.

1042 2459 1124 2486 Ἀλλὰ
1138 2460 1185 2486 καὶ
1209 2459 1277 2495 πρὸς
1299 2459 1404 2492 τοῦτον,
1424 2461 1463 2491 είς
1484 2460 1548 2492 τοὺς
1566 2460 1631 2496 περὶ
1647 2460 1694 2486 τοῦ
1710 2459 1845 2494 ψεύδους

1037 2504 1156 2540 ἀγῶνας,
1172 2505 1185 2531 ὁ
1200 2505 1282 2536 καλός
1303 2514 1350 2532 σου
1367 2505 1443 2540 φίλος
1464 2511 1488 2532 ει
1501 2505 1676 2537 ἀποδύσαιτο,
1689 2507 1731 2537 εἰς
1751 2506 1846 2541 μεγίη

1037 2559 1103 2585 στην
1125 2550 1158 2577 ἂν
1184 2550 1303 2585 ἀπορίαν
1325 2550 1390 2582 τοὺς
1416 2550 1563 2582 ἀθλοθέτας
1583 2551 1632 2577 καὶ
1650 2550 1753 2586 κριτὰς
1780 2551 1849 2577 τῶν

1036 2596 1164 2624 τοιούτων
1190 2597 1389 2632 ἀγωνισμάτων
1413 2598 1617 2633 περιστήσειεν,
1634 2596 1765 2633 ὁποτέρῳ
1780 2598 1850 2624 τῶν

1037 2643 1083 2670 δύο
1109 2642 1158 2678 τὴν
1188 2642 1308 2669 νικῶσαν
1332 2643 1553 2678 ἐπιψηφίσονται.
1586 2643 1639 2670 Ἔα
1666 2642 1765 2670 τοίνυν
1795 2643 1853 2670 τὸν

1037 2689 1212 2725 ἀνεῳγμένον
1226 2689 1311 2724 τάφον
1338 2689 1393 2716 τῶν
1407 2690 1573 2725 ψευσμάτων
1593 2689 1724 2725 (ἄμεινον
1736 2688 1801 2725 γὰρ
1814 2691 1854 2716 ἐκ

1039 2735 1088 2771 τῆς
1099 2734 1217 2766 ἀληθοῦς
1231 2734 1328 2769 σοφίας
1342 2735 1505 2769 ὲξεικονίσαι
1520 2735 1578 2771 ἅμα
1597 2735 1644 2762 καὶ
1657 2735 1856 2771 στηλιτεῦσαι

855 2812 969 2842 VARUS
989 2812 1192 2848 LECTIONES,

238 2894 249 2908 ι
268 2889 311 2916 ισ.
323 2890 442 2924 ἀγωγάς.
