1928 3097
134 148 183 182 θιι

710 133 978 175 EPISTOLARUM
994 143 1110 174 manu
1128 140 1186 172 Ill.

1708 143 1763 176 912

129 205 172 232 τὸν
183 203 274 232 ἄθλιον
285 203 296 238 )
308 201 356 228 καὶ
366 200 417 236 τῆς
425 198 530 227 ἐκεῖθεν
538 197 673 230 δυσωδίας
684 198 782 225 σαυτδν
793 198 912 234 ἀπόστη-

975 196 1142 228 :onstitutos,
1161 196 1190 223 in
1205 196 1341 233 ambiguis
1356 196 1503 225 sententiis
1522 196 1668 225 distractos
1684 199 1760 227 vide-

130 259 184 278 crav.
201 249 233 277 Ei
244 249 298 284 γὰρ
311 247 372 274 οὐδὲ
381 245 470 280 δεξιοῦ
481 243 635 280 ὀφθαλμοῦ,
647 243 710 271 οὐδὲ
724 243 816 279 χειρὸς
828 243 918 279 (ἅπερ

129 296 239 324 δύναται
253 294 338 330 φίλων
351 292 485 327 δεξιότης,
500 291 555 317 τῶν
571 290 621 326 μὲν
635 290 702 326 ὁρᾷν
718 290 749 316 τὸ
765 289 917 325 συμφέρον,

129 342 181 369 τῶν
194 341 223 368 δὲ
241 338 480 376 μεταχειρίζεσθαι
501 335 705 371 συνεργούντων
727 335 775 362 καὶ
792 343 918 371 συμπρο-

130 385 317 422 θυμουμένων,
341 384 389 411 καὶ
410 382 505 414 ἁπλῶς
525 381 593 416 πρὸς
617 381 727 408 ἅπαντα
750 380 801 415 μὲν
823 379 857 407 τὰ
869 378 917 406 τοῦ

129 430 187 466 βίου
203 428 436 465 χρησιμευόντων,
457 427 546 458 ἄλλως
559 426 588 453 δὲ
609 425 678 461 πρὸς
699 423 800 452 κακίαν
815 425 918 452 ὑποσυ-

130 473 258 510 ρόντων),
283 473 345 499 οὐδὲ
367 472 469 499 τούτων
491 471 631 506 φείδεσθαι
653 468 917 505 παρακελευόμεθα,

129 520 196 547 ἀλλὰ
218 518 406 554 διασχίξεσθαι
421 517 519 544 θᾶττον
542 515 634 543 αὐτῶν
659 516 707 543 καὶ
726 515 919 549 διατεμνεσθαι

130 564 372 601 προσταττόμεθαο
390 563 416 589 τί
436 562 489 598 χρὴ
503 563 590 588 ποιεῖν
610 561 675 597 περὶ
691 561 738 587 τοῦ
755 559 919 596 σεσηπότος,

130 611 176 638 καὶ
187 610 218 637 οὒ
232 610 290 643 νῦν,
302 609 370 636 ἀλλὰ
385 608 532 640 διαπαντὸς
547 607 595 634 καὶ
613 608 751 643 ἀχρήστου
764 607 812 633 καὶ
835 605 920 632 πάλαι

129 656 320 692 διαιρεθέντος,
343 656 391 683 καὶ
415 655 446 682 οὐ
473 654 570 690 μέλους
592 654 659 680 ποτὲ
680 652 833 687 γεγονότος,
852 651 920 679 ἀλλὰ

130 702 216 730 πολλὰ
228 701 284 729 τῶν
298 701 388 737 μελῶν
399 700 528 736 ἀπαρχῆς
538 699 787 735 τραυματίσαντος.

968 248 1072 275 remus,
1098 243 1141 270 cui
1165 250 1181 270 c
1199 243 1310 271 duobus
1325 244 1447 272 victoriae
1469 243 1604 272 calculum
1623 244 1761 273 ascribere

968 289 1111 317 deberent.
1140 287 1242 316 Omitte
1271 292 1362 316 autem
1392 293 1422 316 tu
1451 294 1548 324 patens
1576 289 1643 317 illud
1670 291 1762 325 sepul-

968 341 1045 362 crum
1066 333 1271 362 mendaciorum
1288 333 1395 369 (satius
1413 334 1496 362 fuerit
1511 343 1527 362 a
1545 334 1634 362 veraci
1652 335 1765 370 sapien-

970 379 1007 407 tia
1036 383 1194 407 mutuantes
1224 384 1440 415 repraesentare,
1462 380 1544 408 simul
1566 385 1595 408 et
1620 381 1764 416 propalare

974 425 1107 453 miserum
1124 425 1226 459 illum),
1242 431 1269 453 et
1283 426 1318 454 ab
1328 425 1473 454 exhalante
1484 426 1550 454 inde
1565 427 1652 455 fetore
1682 433 1766 455 temet

970 479 1053 506 quam
1083 471 1241 507 longissime
1273 471 1413 499 submove.
1438 471 1467 499 Si
1486 472 1560 500 enim
1582 480 1634 501 nec
1653 474 1764 502 dextero

970 517 1067 549 oculo,
1095 522 1143 544 aut
1169 516 1250 544 etiam
1277 517 1370 544 manui
1386 525 1498 553 parcere
1516 519 1648 554 jubemur
1669 520 1703 550 ²⁰,
1719 521 1765 547 sed

971 569 1069 589 eruere
1091 567 1120 590 et
1133 562 1293 590 abscindere
1313 564 1476 598 quantocius
1487 568 1632 599 utrumque
1646 563 1655 600 (
1667 564 1766 600 quibus

974 607 1090 643 intelligi
1120 608 1229 635 videtur
1246 608 1397 636 amicorum
1417 610 1576 641 dexteritas,
1595 610 1641 645 qui
1667 610 1764 645 partim

973 654 1047 688 quod
1063 654 1194 681 conducit
1203 654 1282 681 nobis
1295 661 1409 682 cernere
1419 655 1544 690 possint;
1562 656 1661 690 partim
1676 656 1766 683 liben-

974 704 1017 727 ter
1042 704 1071 727 et
1091 704 1218 735 prompto
1233 700 1327 727 animo
1342 702 1483 735 cooperari
1504 705 1532 729 et
1550 701 1689 736 adjutores
1707 709 1768 729 esse

130 755 243 786 possunt
253 771 261 782 .
279 751 306 778 in
323 750 356 778 iis
370 758 431 786 quae
443 749 618 784 accepimus,
635 747 736 782 quique
758 744 920 781 simpliciter
936 745 971 773 ad
982 754 1079 775 omnes
1107 748 1170 776 viL'e
1199 753 1290 783 partes
1300 748 1380 776 nobis
1392 749 1496 776 utiliter
1506 749 1674 782 inserviunt,
1685 750 1766 776 etiam

129 797 176 825 ubi
196 797 349 833 periculum
369 800 423 828 est,
459 802 495 822 ne
515 794 549 822 ad
571 793 637 821 vitia
660 792 828 827 abripiamur
842 791 867 826 ).
884 791 951 825 quid
970 796 1051 827 putas
1065 792 1219 821 faciendum
1239 793 1267 820 in
1300 794 1463 829 putrefacto,
1483 799 1511 822 et
1534 802 1588 822 non
1615 802 1690 822 nunc
1713 796 1768 829 pri-

129 850 216 875 mum,
229 841 276 870 sed
287 848 396 876 semper
405 840 505 872 inutili,
520 839 584 867 olim
599 834 716 871 divulso,
732 844 821 872 neque
835 835 920 865 unius
942 838 1058 866 membri
1069 839 1142 874 quod
1155 839 1245 867 fuerat
1256 858 1264 872 .
1281 839 1329 867 sed
1343 839 1491 867 multorum
1520 841 1726 874 membrorum,
1741 846 1769 867 et

127 886 242 922 quidem
256 886 291 914 ab
303 885 392 919 initio,
408 884 569 913 vulneribus
585 883 690 910 infami.

428 942 543 970 ΕΠΙΣΤ.
564 940 614 969 ΙΘ’.
937 942 961 972 Β

310 998 313 1000 τ
372 988 493 1022 Ἰωάννῃ
512 988 681 1023 ησπαθαρὶῳ.

1271 937 1384 966 EPIST.
1398 938 1469 967 XIX.

1237 983 1336 1011 Joanm’
1349 984 1496 1018 spathario.

754 1039 888 1064 Montacut.
907 1037 958 1069 (ep.
976 1035 1015 1067 56,
1033 1043 1058 1068 p.
1079 1036 1144 1068 112).

144 1097 273 1132 ’Ἀριστον
282 1095 343 1131 μὲν,
350 1094 492 1131 κρείττονα
498 1093 604 1128 φαύλης
611 1091 739 1123 ὑπονοίας
748 1089 918 1126 νομίζεσθαι-

129 1143 156 1169 εἰ
169 1143 197 1169 δὲ
214 1143 264 1178 μὴ,
278 1141 463 1176 ὺπονοηθέντα
475 1141 523 1168 καὶ
536 1139 667 1175 κριθέντα
683 1137 722 1174 μὴ
745 1136 919 1165 ἁλίσκεσθαι.

134 1187 167 1215 ‘0
180 1188 209 1215 δὲ
221 1187 269 1215 καὶ
280 1186 389 1222 κριθεὶς
399 1186 447 1213 καὶ
460 1185 550 1218 ἁλοὺς,
567 1185 620 1212 κᾶν
633 1184 713 1220 δίκην
723 1183 801 1211 οὔπω
813 1183 921 1210 δίδωσιν

133 1232 241 1268 ἑτέραν,
256 1231 314 1258 ἀλλ’
327 1230 374 1258 οὖν
387 1231 437 1266 τὴν
455 1229 663 1266 χαλεπωτάτην,
685 1228 726 1262 τὸ,
741 1228 826 1260 κακὸς
837 1227 922 1263 ὀφθῆ-

130 1285 176 1305 ναι
190 1277 238 1304 καὶ
258 1277 337 1312 δίκην
353 1276 482 1311 ὀφείλειν,
503 1275 614 1302 δέδωκε.
631 1274 740 1310 Πράττε
757 1273 846 1301 τοίνυν
871 1273 922 1300 αὺ-

130 1322 187 1355 τὸς,
211 1322 273 1349 ἐπεὶ
299 1323 398 1358 μηκέτι
423 1329 464 1348 σοι
491 1321 590 1357 ῥᾷστον
609 1319 850 1348 ἀποσκευάσασθαι
873 1318 923 1354 τὴν

131 1368 275 1402 ὑπόνοιαν,
292 1367 342 1403 οὐχ
358 1367 432 1399 ὅπως
449 1367 487 1402 μὴ
500 1367 578 1403 δίκην
590 1365 653 1402 δῷς.
668 1365 725 1393 ἀλλ’
736 1366 809 1397 ὅπως
819 1364 860 1401 μὴ
869 1364 923 1392 τῶν

128 1413 210 1449 δίκην
222 1413 384 1449 ὀφειλόντων
394 1412 537 1449 ἐλεγχθῇς.

432 1558 546 1585 ΕΠΙΣΤ.
577 1558 620 1585 Κτ-

239 1604 361 1639 Μιχαὴλ
376 1604 520 1639 ,πατρικιφ
539 1604 590 1631 καί
608 1602 810 1637 om.”qu

1013 1089 1153 1125 Optimum
1166 1088 1276 1124 quidem
1292 1094 1334 1117 est
1348 1089 1417 1116 ultra
1432 1096 1532 1117 omnen
1554 1090 1618 1118 mali
1634 1091 1769 1127 suspicio-

969 1143 1032 1163 nem
1054 1135 1148 1163 locari.
1171 1134 1250 1168 Quod
1267 1135 1289 1162 si
1313 1142 1367 1162 non
1383 1135 1448 1163 illud
1463 1136 1618 1171 contigerit,
1635 1141 1769 1172 atsuspe-

969 1185 1043 1208 ctum
1059 1184 1087 1208 et
1105 1179 1224 1207 examini
1244 1180 1395 1212 subditum,
1415 1188 1471 1208 non
1494 1188 1570 1208 .eum
1590 1181 1768 1217 deprehendi.

970 1225 1022 1259 Qui
1035 1230 1125 1253 autem
1141 1225 1182 1253 sic
1195 1225 1329 1261 judicium
1342 1226 1468 1260 subierit,
1484 1231 1515 1255 ut
1526 1227 1556 1254 in
1576 1228 1655 1264 culpa
1673 1229 1770 1256 inven-

973 1276 1017 1299 tus
1030 1271 1115 1299 fuerit
1125 1291 1132 1304 ,
1145 1271 1209 1299 licet
1221 1272 1302 1299 aliam
1316 1280 1429 1307 paruam
1446 1280 1501 1300 non
1517 1273 1619 1307 tulerit,
1634 1278 1663 1302 at
1677 1278 1768 1306 certe,

972 1324 1034 1352 qua:
1055 1317 1213 1353 graiissima
1232 1320 1284 1350 est,
1301 1317 1395 1350 dedit;
1410 1325 1510 1352 nempe
1529 1319 1603 1353 quod
1628 1318 1770 1354 improbus

972 1359 1110 1392 inventus,
1137 1360 1269 1396 etdignus
1296 1361 1343 1396 qui
1370 1361 1504 1397 supplicio
1531 1362 1702 1397 subjiciatur,
1720 1363 1769 1391 ha-

972 1406 1080 1434 beatur.
1105 1407 1162 1443 Age
1187 1406 1288 1443 igitur.
1315 1408 1540 1443 quandoquidem
1568 1408 1640 1437 haud
1668 1409 1716 1437 tibi
1740 1410 1769 1438 in

971 1456 1098 1488 promptu
1116 1456 1157 1479 est
1171 1453 1355 1488 suspicionem
1372 1454 1492 1488 amoliri,
1505 1462 1563 1482 non
1580 1459 1611 1483 ut
1622 1462 1658 1483 ne
1673 1463 1769 1490 poenas

976 1497 1035 1531 des,
1051 1497 1101 1525 sed
1116 1501 1147 1525 ut
1166 1505 1202 1525 ne
1223 1506 1320 1534 ptenas
1337 1499 1411 1534 juste
1425 1499 1560 1528 meruisse
1585 1501 1768 1530 eonvincaris.

1281 1555 1393 1584 EPIST.
1405 1556 1464 1585 XX.

1143 1601 1267 1629 Michaeli
1290 1603 1404 1636 patricio
1419 1607 1444 1630 et
1458 1603 1608 1631 sacellan’o.

760 1662 892 1688 Monlacut.
911 1660 963 1694 (ep.
979 1661 1020 1693 57,
1034 1668 1061 1693 ρ.
1079 1661 1146 1693 412).

168 1717 200 1744 Ei
215 1715 265 1752 μὲν
276 1715 374 1750 φιλεῖς,
388 1715 491 1747 ἀδικεῖς
500 1723 507 1730 ·
528 1721 554 1742 ει
564 1715 594 1742 δὲ
606 1713 644 1749 μὴ
657 1713 756 1749 φιλεῖς,
771 1712 853 1740 πλέον
863 1712 923 1739 ἀδι-

131 1763 206 1794 κεῖς·
220 1761 250 1788 τὸ
264 1761 325 1797 μὲν,
338 1761 378 1788 δτι
392 1760 445 1787 τῶν
466 1760 637 1795 φιλουμένων
651 1760 680 1786 ἐν
695 1759 756 1791 ταῖς
768 1758 923 1794 συμφοραῖς

132 1807 292 1842 ὀλιγωρεῖς·
315 1805 347 1832 τὸ
367 1805 406 1837 δὲ,
427 1805 470 1832 ὅτι
490 1805 552 1832 οὐδὲ
574 1804 638 1836 τοὺς
651 1803 797 1839 φιλοῦντας
819 1803 918 1838 φιλεῖς.

133 1852 228 1880 Ταῦτά
242 1861 283 1880 σοι
297 1853 311 1879 ό
322 1851 406 1879 πάλαι
422 1851 472 1887 μὲν
487 1851 544 1884 σὸς,
559 1849 607 1878 νῦν
621 1850 650 1877 δὲ
668 1849 717 1877 καὶ
731 1849 820 1881 κοινὸς
836 1848 924 1884 φίλος,

133 1898 214 1925 τοῦτο
236 1897 287 1933 μὲν
307 1897 424 1933 φιλικῶς
444 1897 575 1932 ἐλέγχων,
595 1896 676 1923 τοῦτο
689 1895 719 1923 δὲ
736 1894 879 1929 δυσωπῶν,
890 1895 924 1922 δι’

134 1944 216 1980 ἡμῶν
230 1943 396 1980 χρηματίζει
412 1943 460 1970 καὶ
470 1941 698 1978 διαμαρτύρεται.

430 2041 542 2068 ΕΠΙΣΤ.
563 2041 627 2068 KA'.

388 2088 527 2123 Ἄρσενιφ
541 2087 675 2122 μοναχῶ-

1011 1712 1039 1740 Si
1049 1713 1150 1748 diligis,
1165 1712 1314 1748 iniuriosus
1328 1721 1369 1747 es;
1384 1714 1408 1742 si
1422 1721 1476 1742 non
1489 1714 1592 1750 diligis,
1602 1715 1687 1751 magis
1700 1715 1758 1750 inju

975 1758 1075 1786 riosus.
1092 1758 1177 1793 Illud;
1195 1759 1268 1794 quod
1281 1765 1389 1787 amatos
1409 1760 1614 1788 calamitatibus
1641 1761 1768 1789 obsessos

976 1803 1105 1840 negligas.
1121 1805 1199 1837 Hoc;
1214 1805 1290 1840 quod
1313 1810 1436 1834 amantes
1453 1806 1661 1842 haudquaquam
1681 1814 1766 1834 amas.

975 1849 1014 1877 Ita
1040 1849 1151 1884 quidem
1178 1849 1224 1877 ille
1252 1850 1318 1878 olim
1345 1855 1419 1884 tuus,
1448 1850 1476 1879 in
1506 1851 1644 1887 pmsenti,
1676 1857 1768 1880 noster

975 1895 1130 1923 communis
1145 1895 1260 1929 amicus,
1276 1897 1374 1932 partim
1389 1900 1514 1924 amanter
1529 1897 1766 1933 reprehendendo,

975 1940 1073 1975 partim
1089 1948 1132 1968 uie
1145 1941 1288 1974 advocato,
1302 1942 1510 1977 intercedendo,
1526 1947 1555 1971 et
1570 1944 1725 1979 proﬁtetur,
1737 1949 1766 1972 et

975 1985 1133 2014 testimonio
1145 1991 1313 2022 protestatur
1325 1990 1398 2016 dato.

1273 2042 1386 2071 EPIST.
1403 2043 1474 2073 XXI.

1238 2089 1348 2117 Arsem'o
1357 2091 1494 2117 monacho.

751 2141 884 2167 llontacut.
902 2141 956 2174 (ep.
973 2142 1014 2174 59,
1030 2150 1057 2175 p.
1074 2142 1140 2176 113).

168 2197 266 2225 Πολλοὶ
281 2197 329 2224 καὶ
355 2196 410 2223 τῶν
434 2196 645 2232 παρ’Ἔλλησιν
670 2196 921 2232 εὐδοκιμησάντων.

1013 2197 1091 2227 Multi
1099 2199 1145 2234 qui
1155 2200 1228 2235 apud
1236 2200 1345 2228 Graecos
1355 2207 1418 2228 cum
1428 2201 1498 2228 fama
1506 2200 1643 2234 vixerunt,
1653 2204 1678 2228 et
1685 2201 1768 2229 etiam

132 2245 183 2272 καὶ
196 2243 251 2270 τῶν
267 2242 333 2278 παρ’
346 2243 412 2279 ἡμῖν
433 2242 663 2278 ἁριστευσάντων,
679 2243 874 2279 ἐμαρτύρησαν
888 2243 923 2270 δι’

131 2288 171 2317 ὧν
194 2289 324 2325 ἔδρασαν,
346 2288 453 2324 ἄμαχον
475 2286 546 2315 εἶναι
570 2289 618 2315 καὶ
640 2289 850 2324 χρησιμώτατον
872 2289 922 2325 τὴν

132 2336 245 2372 ἀρετήν.
258 2334 291 2361 Εἰ
303 2335 326 2361 δ’
342 2335 356 2361 ὸ
369 2334 466 2370 παρὼν
480 2333 576 2369 καιρὸς
590 2334 732 2370 μονονουχὶ
750 2335 808 2370 βοᾷ,
824 2336 862 2367 ὡς
877 2336 923 2362 οὐ-

131 2382 179 2409 δὲν
194 2380 390 2416 ἀσθενέστερον
401 2380 449 2407 καὶ
472 2380 706 2416 ἐπικινδυνότερον
721 2381 807 2416 αὐτῆς
827 2380 923 2415 (ἐλαύ-

133 2436 211 2455 νεται
233 2427 283 2462 μὲν
309 2427 362 2462 γὰρ
391 2427 439 2454 καὶ
461 2426 698 2463 προπηλακίζεται
724 2427 799 2454 πᾶσα
822 2428 921 2463 ἀρετή·

133 2473 306 2508 θαυμάζεται
331 2472 361 2499 δὲ
382 2473 430 2500 καὶ
453 2473 668 2508 περιπτύσσεται
694 2473 769 2500 πᾶσα
799 2473 922 2510 κακία),

135 2519 221 2555 μηδὲν
245 2518 401 2555 θαυμάσῃς.
424 2518 522 2553 Ἀρετὴ
545 2519 599 2553 γὰρ
610 2518 648 2551 ὥς
660 2518 778 2554 ἀληθῶς,
796 2520 843 2547 καὶ
856 2520 922 2555 ἀρε-

131 2565 186 2599 τῆς
207 2564 258 2599 τῆς
282 2564 394 2601 πρώτης
417 2565 535 2600 μάλιστα
551 2565 641 2599 ἄνθος,
655 2565 686 2592 τὸ
706 2566 775 2601 μετὰ
793 2567 924 2594 κινδύνων

131 2611 184 2639 καὶ
198 2610 315 2646 θλίψεων
327 2611 374 2638 καὶ
388 2611 677 2647 παρευδοκιμουμένην
694 2613 746 2639 ὑπὸ
762 2613 812 2648 τῆς
826 2614 925 2646 κακίας

131 2657 308 2689 ἀσπάζεσθαι
330 2658 380 2692 τὴν
400 2658 512 2693 ἀρετήν.
534 2658 564 2685 '0
578 2658 606 2685 δὲ
623 2660 718 2694 καιρὸς
740 2659 809 2695 βοῶν
828 2661 925 2688 τάναν-

976 2244 1023 2278 qui
1038 2244 1110 2272 inter
1124 2253 1175 2273 nos
1189 2246 1299 2274 virtutis
1314 2246 1394 2274 laude
1411 2245 1571 2279 ﬂoruerunt.
1591 2253 1640 2281 per
1651 2254 1694 2275 res
1710 2255 1727 2274 a
1738 2255 1768 2275 se

977 2294 1078 2324 gestas,
1107 2291 1293 2319 testimonium
1313 2292 1523 2327 perhibuerunt,
1551 2292 1682 2321 virtutem
1708 2301 1768 2322 esse

975 2340 1035 2361 rem
1066 2334 1305 2371 inexpugnabilem
1335 2340 1362 2363 et
1386 2336 1557 2364 utilissimam
1587 2345 1594 2364 :
1630 2341 1768 2373 utcunque

974 2380 1152 2413 praesentium
1174 2389 1267 2410 rerum
1289 2386 1387 2415 status,
1410 2387 1517 2410 tantum
1534 2391 1590 2411 non
1607 2383 1680 2412 clara
1701 2391 1769 2411 voce

975 2425 1143 2458 pronuntiat,
1170 2427 1238 2454 nihil
1263 2427 1306 2455 vel
1330 2427 1476 2462 infirmius,
1505 2428 1550 2456 vel
1583 2428 1768 2464 periculosius

974 2474 1044 2501 esse,
1061 2477 1143 2504 quam
1163 2471 1221 2507 ipsa
1237 2476 1288 2500 est.
1310 2473 1461 2508 lmpellitur
1475 2473 1559 2507 enim,
1579 2480 1608 2502 et
1625 2475 1767 2508 conviciis.

973 2514 1052 2548 quasi
1073 2516 1131 2544 luto
1156 2517 1267 2553 injecto,
1294 2519 1479 2554 proscinditur
1504 2520 1594 2548 omnis
1614 2521 1712 2548 virtus.
1739 2520 1769 2548 ln

973 2560 1156 2591 admiratione
1183 2569 1212 2592 et
1226 2565 1328 2593 osculis
1359 2569 1403 2593 est
1433 2565 1562 2600 quaelibet
1593 2566 1768 2601 improbitas.

979 2609 1039 2638 Noli
1052 2615 1144 2638 autem
1156 2610 1262 2638 mirari.
1273 2610 1322 2638 Est
1333 2611 1406 2638 enim
1421 2610 1509 2639 virtus
1521 2615 1596 2639 certo
1610 2611 1712 2639 certius
1721 2631 1729 2644 ,
1742 2615 1770 2638 et

979 2657 1088 2694 quidem
1101 2658 1209 2685 virtutis
1223 2657 1319 2692 prima;
1332 2657 1391 2685 ﬂos.

131 2703 194 2736 τίαν
222 2703 272 2738 τῆς
302 2703 351 2738 μὲν
379 2703 448 2736 ἰδίας
473 2704 623 2741 μοχθηρίας
638 2705 687 2740 τὴν
711 2705 865 2742 ὑπερϐολὴν
881 2707 930 2734 καὶ
949 2707 1080 2734 ἀπόνοιαν
1111 2703 1247 2739 λαμπρῶς
1267 2703 1385 2738 ἐλέγχει·
1420 2703 1474 2731 τῶν
1487 2704 1517 2731 δὲ
1532 2702 1684 2731 σπουδαίων
1699 2702 1768 2739 μᾶλ-

132 2751 183 2778 λον
195 2752 227 2778 τὸ
251 2751 469 2787 ἀξιοθαύμαστον
485 2753 532 2780 καὶ
552 2753 705 2789 ἀήττητον,
729 2754 830 2787 παντὸς
839 2754 926 2791 ,λόγου
945 2754 1144 2790 ἐναργέστερον
1159 2751 1353 2788 ἅνακηρύττει.

174 2839 199 2856 ’⁸
215 2839 310 2868 Matth.
326 2850 352 2871 ι’.
366 2842 412 2870 29.
