  <div class='ocr_page' id='page_1' title='image "/cluster/home/n/w/nwhite01/storage/ocr_20150623/102/njp.32101010943874/493.png"; bbox 0 0 1928 3097; ppageno 0'>
   <div class='ocr_carea' id='block_1_1' title="bbox 185 127 238 160">
    <p class='ocr_par' dir='ltr' id='par_1_1' title="bbox 185 127 238 160">
     <span class='ocr_line' id='line_1_1' title="bbox 185 127 238 160; baseline 0.019 -1"><span class='ocrx_word' id='word_1_1' title='bbox 185 127 238 160; x_wconf 73' lang='grc'><strong>943</strong></span> 
     </span>
    </p>
   </div>
   <div class='ocr_carea' id='block_1_2' title="bbox 479 187 688 217">
    <p class='ocr_par' dir='ltr' id='par_1_2' title="bbox 479 187 688 217">
     <span class='ocr_line' id='line_1_2' title="bbox 479 187 688 217; baseline 0.01 -2"><span class='ocrx_word' id='word_1_2' title='bbox 479 187 588 216; x_wconf 82' lang='lat' dir='ltr'><strong>EPIST.</strong></span> <span class='ocrx_word' id='word_1_3' title='bbox 605 189 688 217; x_wconf 77' lang='lat' dir='ltr'><strong>XXII.</strong></span> 
     </span>
    </p>
   </div>
   <div class='ocr_carea' id='block_1_3' title="bbox 345 232 813 269">
    <p class='ocr_par' dir='ltr' id='par_1_3' title="bbox 345 232 813 269">
     <span class='ocr_line' id='line_1_3' title="bbox 345 232 813 269; baseline 0.009 -9"><span class='ocrx_word' id='word_1_4' title='bbox 345 232 442 260; x_wconf 81' lang='lat' dir='ltr'><strong>Joanm&#39;</strong></span> <span class='ocrx_word' id='word_1_5' title='bbox 451 235 574 269; x_wconf 80' lang='lat' dir='ltr'><strong>patricio,</strong></span> <span class='ocrx_word' id='word_1_6' title='bbox 585 241 610 263; x_wconf 81' lang='lat' dir='ltr'><strong>et</strong></span> <span class='ocrx_word' id='word_1_7' title='bbox 623 237 731 264; x_wconf 68' lang='lat' dir='ltr'><strong>Gratim</strong></span> <span class='ocrx_word' id='word_1_8' title='bbox 743 237 813 265; x_wconf 84' lang='lat' dir='ltr'><strong>duci.</strong></span> 
     </span>
    </p>
   </div>
   <div class='ocr_carea' id='block_1_4' title="bbox 752 134 1232 168">
    <p class='ocr_par' dir='ltr' id='par_1_4' title="bbox 752 134 1232 168">
     <span class='ocr_line' id='line_1_4' title="bbox 752 134 1232 168; baseline 0.004 -4"><span class='ocrx_word' id='word_1_9' title='bbox 752 134 882 165; x_wconf 81' lang='lat' dir='ltr'><strong>PHOTII</strong></span> <span class='ocrx_word' id='word_1_10' title='bbox 901 136 1156 168; x_wconf 71' lang='lat' dir='ltr'><strong>PATRIARCILE</strong></span> <span class='ocrx_word' id='word_1_11' title='bbox 1177 137 1232 168; x_wconf 73' lang='grc' dir='ltr'><strong>(ΣΡ.</strong></span> 
     </span>
    </p>
   </div>
   <div class='ocr_carea' id='block_1_5' title="bbox 1754 139 1795 173">
    <p class='ocr_par' dir='ltr' id='par_1_5' title="bbox 1754 139 1795 173">
     <span class='ocr_line' id='line_1_5' title="bbox 1754 139 1795 173; baseline -0.049 0"><span class='ocrx_word' id='word_1_12' title='bbox 1754 139 1795 173; x_wconf 61' lang='lat' dir='ltr'><strong>9H</strong></span> 
     </span>
    </p>
   </div>
   <div class='ocr_carea' id='block_1_6' title="bbox 1322 196 1516 225">
    <p class='ocr_par' dir='ltr' id='par_1_6' title="bbox 1322 196 1516 225">
     <span class='ocr_line' id='line_1_6' title="bbox 1322 196 1516 225; baseline 0.01 -2"><span class='ocrx_word' id='word_1_13' title='bbox 1322 196 1433 225; x_wconf 83' lang='grc' dir='ltr'><strong>ΕΠΙΣΤ.</strong></span> <span class='ocrx_word' id='word_1_14' title='bbox 1453 197 1516 225; x_wconf 82' lang='lat' dir='ltr'><strong>KB’.</strong></span> 
     </span>
    </p>
   </div>
   <div class='ocr_carea' id='block_1_7' title="bbox 1070 240 1768 278">
    <p class='ocr_par' dir='ltr' id='par_1_7' title="bbox 1070 240 1768 278">
     <span class='ocr_line' id='line_1_7' title="bbox 1070 240 1768 278; baseline 0.007 -11"><span class='ocrx_word' id='word_1_15' title='bbox 1070 240 1196 275; x_wconf 81' lang='grc' dir='ltr'><strong>Ἰωάννῃ</strong></span> <span class='ocrx_word' id='word_1_16' title='bbox 1214 242 1359 276; x_wconf 80' lang='grc' dir='ltr'>πατρικιφ</span> <span class='ocrx_word' id='word_1_17' title='bbox 1374 243 1423 270; x_wconf 76' lang='grc' dir='ltr'><strong>καὶ</strong></span> <span class='ocrx_word' id='word_1_18' title='bbox 1447 242 1605 278; x_wconf 75' lang='grc' dir='ltr'>στρατηγῷ</span> <span class='ocrx_word' id='word_1_19' title='bbox 1629 243 1768 278; x_wconf 73' lang='grc' dir='ltr'>Ἑλλάδος.</span> 
     </span>
    </p>
   </div>
   <div class='ocr_carea' id='block_1_8' title="bbox 807 296 1219 338">
    <p class='ocr_par' dir='ltr' id='par_1_8' title="bbox 807 296 1219 338">
     <span class='ocr_line' id='line_1_8' title="bbox 807 296 1219 338; baseline 0.01 -17"><span class='ocrx_word' id='word_1_20' title='bbox 807 296 940 322; x_wconf 77' lang='lat' dir='ltr'><strong>Montacut.</strong></span> <span class='ocrx_word' id='word_1_21' title='bbox 959 298 1012 329; x_wconf 89' lang='lat' dir='ltr'><strong>(ep.</strong></span> <span class='ocrx_word' id='word_1_22' title='bbox 1031 298 1071 330; x_wconf 84' lang='lat'><strong>60,</strong></span> <span class='ocrx_word' id='word_1_23' title='bbox 1088 305 1113 330; x_wconf 86' lang='lat' dir='ltr'><strong>p.</strong></span> <span class='ocrx_word' id='word_1_24' title='bbox 1135 299 1219 338; x_wconf 53' lang='lat'><strong>113).‘</strong></span> 
     </span>
    </p>
   </div>
   <div class='ocr_carea' id='block_1_9' title="bbox 221 344 972 384">
    <p class='ocr_par' dir='ltr' id='par_1_9' title="bbox 221 344 972 384">
     <span class='ocr_line' id='line_1_9' title="bbox 221 344 972 384; baseline 0.009 -12"><span class='ocrx_word' id='word_1_25' title='bbox 221 344 249 372; x_wconf 87' lang='lat' dir='ltr'><strong>Si</strong></span> <span class='ocrx_word' id='word_1_26' title='bbox 266 352 351 378; x_wconf 84' lang='lat' dir='ltr'><strong>amas,</strong></span> <span class='ocrx_word' id='word_1_27' title='bbox 370 345 494 375; x_wconf 80' lang='lat' dir='ltr'><strong>inﬁmus</strong></span> <span class='ocrx_word' id='word_1_28' title='bbox 511 354 541 374; x_wconf 86' lang='lat' dir='ltr'><strong>es</strong></span> <span class='ocrx_word' id='word_1_29' title='bbox 558 356 565 374; x_wconf 89' lang='lat'><strong>:</strong></span> <span class='ocrx_word' id='word_1_30' title='bbox 586 347 671 375; x_wconf 89' lang='lat' dir='ltr'><strong>sinon</strong></span> <span class='ocrx_word' id='word_1_31' title='bbox 691 356 776 381; x_wconf 85' lang='lat' dir='ltr'><strong>amas,</strong></span> <span class='ocrx_word' id='word_1_32' title='bbox 797 349 915 384; x_wconf 88' lang='lat' dir='ltr'><strong>injustus</strong></span> <span class='ocrx_word' id='word_1_33' title='bbox 933 358 972 380; x_wconf 86' lang='lat' dir='ltr'><strong>es.</strong></span> 
     </span>
    </p>
   </div>
   <div class='ocr_carea' id='block_1_10' title="bbox 186 390 974 430">
    <p class='ocr_par' dir='ltr' id='par_1_10' title="bbox 186 390 974 430">
     <span class='ocr_line' id='line_1_10' title="bbox 186 390 974 430; baseline 0.006 -13"><span class='ocrx_word' id='word_1_34' title='bbox 186 390 234 418; x_wconf 88' lang='lat' dir='ltr'><strong>Sin</strong></span> <span class='ocrx_word' id='word_1_35' title='bbox 256 398 361 424; x_wconf 86' lang='lat' dir='ltr'><strong>amans,</strong></span> <span class='ocrx_word' id='word_1_36' title='bbox 385 399 441 418; x_wconf 90' lang='lat' dir='ltr'><strong>non</strong></span> <span class='ocrx_word' id='word_1_37' title='bbox 469 391 626 425; x_wconf 82' lang='lat' dir='ltr'><strong>inﬁrmaris,</strong></span> <span class='ocrx_word' id='word_1_38' title='bbox 652 398 726 421; x_wconf 88' lang='lat' dir='ltr'><strong>certe</strong></span> <span class='ocrx_word' id='word_1_39' title='bbox 749 394 850 422; x_wconf 83' lang='lat' dir='ltr'><strong>amicos</strong></span> <span class='ocrx_word' id='word_1_40' title='bbox 875 395 974 430; x_wconf 83' lang='lat' dir='ltr'><strong>injuria</strong></span> 
     </span>
    </p>
   </div>
   <div class='ocr_carea' id='block_1_11' title="bbox 185 435 973 473">
    <p class='ocr_par' dir='ltr' id='par_1_11' title="bbox 185 435 973 473">
     <span class='ocr_line' id='line_1_11' title="bbox 185 435 973 473; baseline 0.006 -11"><span class='ocrx_word' id='word_1_41' title='bbox 185 435 297 463; x_wconf 63' lang='lat' dir='ltr'><strong>allectos</strong></span> <span class='ocrx_word' id='word_1_42' title='bbox 309 435 431 472; x_wconf 80' lang='lat' dir='ltr'><strong>negligis.</strong></span> <span class='ocrx_word' id='word_1_43' title='bbox 452 436 506 473; x_wconf 79' lang='lat' dir='ltr'><strong>Ego</strong></span> <span class='ocrx_word' id='word_1_44' title='bbox 520 437 630 472; x_wconf 81' lang='lat' dir='ltr'><strong>quidem</strong></span> <span class='ocrx_word' id='word_1_45' title='bbox 646 438 730 466; x_wconf 90' lang='lat' dir='ltr'><strong>Deum</strong></span> <span class='ocrx_word' id='word_1_46' title='bbox 745 447 803 471; x_wconf 84' lang='lat' dir='ltr'><strong>oro,</strong></span> <span class='ocrx_word' id='word_1_47' title='bbox 819 447 854 466; x_wconf 90' lang='lat' dir='ltr'><strong>ne</strong></span> <span class='ocrx_word' id='word_1_48' title='bbox 869 445 896 466; x_wconf 87' lang='lat' dir='ltr'><strong>tu</strong></span> <span class='ocrx_word' id='word_1_49' title='bbox 914 440 973 467; x_wconf 80' lang='lat' dir='ltr'><strong>tali-</strong></span> 
     </span>
    </p>
   </div>
   <div class='ocr_carea' id='block_1_12' title="bbox 184 481 974 513">
    <p class='ocr_par' dir='ltr' id='par_1_12' title="bbox 184 481 974 513">
     <span class='ocr_line' id='line_1_12' title="bbox 184 481 974 513; baseline 0.005 -5"><span class='ocrx_word' id='word_1_50' title='bbox 184 481 236 508; x_wconf 87' lang='lat' dir='ltr'><strong>bus</strong></span> <span class='ocrx_word' id='word_1_51' title='bbox 255 481 454 510; x_wconf 71' lang='lat' dir='ltr'><strong>calamitatibus</strong></span> <span class='ocrx_word' id='word_1_52' title='bbox 470 487 497 509; x_wconf 90' lang='lat' dir='ltr'><strong>et</strong></span> <span class='ocrx_word' id='word_1_53' title='bbox 515 483 725 512; x_wconf 74' lang='lat' dir='ltr'><strong>necessitatibus</strong></span> <span class='ocrx_word' id='word_1_54' title='bbox 743 485 898 512; x_wconf 89' lang='lat' dir='ltr'><strong>distinearis</strong></span> <span class='ocrx_word' id='word_1_55' title='bbox 923 494 930 512; x_wconf 92' lang='lat'><strong>:</strong></span> <span class='ocrx_word' id='word_1_56' title='bbox 947 490 974 513; x_wconf 90' lang='lat' dir='ltr'><strong>et</strong></span> 
     </span>
    </p>
   </div>
   <div class='ocr_carea' id='block_1_13' title="bbox 184 527 975 560">
    <p class='ocr_par' dir='ltr' id='par_1_13' title="bbox 184 527 975 560">
     <span class='ocr_line' id='line_1_13' title="bbox 184 527 975 560; baseline 0.005 -6"><span class='ocrx_word' id='word_1_57' title='bbox 184 527 207 554; x_wconf 91' lang='lat' dir='ltr'><strong>si</strong></span> <span class='ocrx_word' id='word_1_58' title='bbox 224 527 251 554; x_wconf 85' lang='lat' dir='ltr'><strong>in</strong></span> <span class='ocrx_word' id='word_1_59' title='bbox 269 535 315 555; x_wconf 89' lang='lat' dir='ltr'><strong>eas</strong></span> <span class='ocrx_word' id='word_1_60' title='bbox 334 527 472 560; x_wconf 88' lang='lat' dir='ltr'><strong>incideris,</strong></span> <span class='ocrx_word' id='word_1_61' title='bbox 493 533 522 556; x_wconf 90' lang='lat' dir='ltr'><strong>ut</strong></span> <span class='ocrx_word' id='word_1_62' title='bbox 536 537 571 557; x_wconf 88' lang='lat' dir='ltr'><strong>ne</strong></span> <span class='ocrx_word' id='word_1_63' title='bbox 587 530 668 557; x_wconf 86' lang='lat' dir='ltr'><strong>talem</strong></span> <span class='ocrx_word' id='word_1_64' title='bbox 687 530 906 558; x_wconf 80' lang='lat' dir='ltr'><strong>benevolentiam</strong></span> <span class='ocrx_word' id='word_1_65' title='bbox 929 536 975 558; x_wconf 89' lang='lat' dir='ltr'><strong>aut</strong></span> 
     </span>
    </p>
   </div>
   <div class='ocr_carea' id='block_1_14' title="bbox 183 573 975 612">
    <p class='ocr_par' dir='ltr' id='par_1_14' title="bbox 183 573 975 612">
     <span class='ocr_line' id='line_1_14' title="bbox 183 573 975 612; baseline 0.006 -13"><span class='ocrx_word' id='word_1_66' title='bbox 183 573 315 600; x_wconf 75' lang='lat' dir='ltr'><strong>auxilium</strong></span> <span class='ocrx_word' id='word_1_67' title='bbox 340 574 530 609; x_wconf 86' lang='lat' dir='ltr'><strong>consequaris,</strong></span> <span class='ocrx_word' id='word_1_68' title='bbox 548 576 656 610; x_wconf 86' lang='lat' dir='ltr'><strong>qualem</strong></span> <span class='ocrx_word' id='word_1_69' title='bbox 677 581 706 603; x_wconf 87' lang='lat' dir='ltr'><strong>tu</strong></span> <span class='ocrx_word' id='word_1_70' title='bbox 720 576 774 604; x_wconf 91' lang='lat' dir='ltr'><strong>tuis</strong></span> <span class='ocrx_word' id='word_1_71' title='bbox 792 577 888 604; x_wconf 86' lang='lat' dir='ltr'><strong>amicis</strong></span> <span class='ocrx_word' id='word_1_72' title='bbox 904 585 975 612; x_wconf 74' lang='lat' dir='ltr'><strong>pra:-</strong></span> 
     </span>
    </p>
   </div>
   <div class='ocr_carea' id='block_1_15' title="bbox 166 617 976 656">
    <p class='ocr_par' dir='ltr' id='par_1_15' title="bbox 166 617 976 656">
     <span class='ocr_line' id='line_1_15' title="bbox 166 617 976 656; baseline 0.007 -12"><span class='ocrx_word' id='word_1_73' title='bbox 166 623 248 646; x_wconf 72' lang='lat' dir='ltr'><strong>&#39;stas.</strong></span> <span class='ocrx_word' id='word_1_74' title='bbox 274 619 316 646; x_wconf 90' lang='lat' dir='ltr'><strong>Tu</strong></span> <span class='ocrx_word' id='word_1_75' title='bbox 341 624 431 646; x_wconf 88' lang='lat' dir='ltr'><strong>autem</strong></span> <span class='ocrx_word' id='word_1_76' title='bbox 459 625 607 656; x_wconf 84' lang='lat' dir='ltr'><strong>utrumque</strong></span> <span class='ocrx_word' id='word_1_77' title='bbox 633 617 660 648; x_wconf 67' lang='lat' dir='ltr'><strong>ﬁt</strong></span> <span class='ocrx_word' id='word_1_78' title='bbox 689 623 849 650; x_wconf 83' lang='lat' dir='ltr'><strong>memoriam</strong></span> <span class='ocrx_word' id='word_1_79' title='bbox 878 631 976 650; x_wconf 79' lang='lat' dir='ltr'><strong>revoca</strong></span> 
     </span>
    </p>
   </div>
   <div class='ocr_carea' id='block_1_16' title="bbox 168 664 976 701">
    <p class='ocr_par' dir='ltr' id='par_1_16' title="bbox 168 664 976 701">
     <span class='ocr_line' id='line_1_16' title="bbox 168 664 976 701; baseline 0.005 -9"><span class='ocrx_word' id='word_1_80' title='bbox 168 664 289 693; x_wconf 53' lang='lat' dir='ltr'><strong>&quot;Domini</strong></span> <span class='ocrx_word' id='word_1_81' title='bbox 315 665 465 698; x_wconf 81' lang='lat' dir='ltr'><strong>oraculum,</strong></span> <span class='ocrx_word' id='word_1_82' title='bbox 498 674 552 701; x_wconf 90' lang='lat' dir='ltr'><strong>quo</strong></span> <span class='ocrx_word' id='word_1_83' title='bbox 578 667 754 695; x_wconf 80' lang='lat' dir='ltr'><strong>declaratur:</strong></span> <span class='ocrx_word' id='word_1_84' title='bbox 771 668 829 701; x_wconf 81' lang='lat' dir='ltr'><strong>Qua</strong></span> <span class='ocrx_word' id='word_1_85' title='bbox 853 677 976 696; x_wconf 75' lang='lat' dir='ltr'><strong>mensura</strong></span> 
     </span>
    </p>
   </div>
   <div class='ocr_carea' id='block_1_17' title="bbox 167 709 796 740">
    <p class='ocr_par' dir='ltr' id='par_1_17' title="bbox 167 709 796 740">
     <span class='ocr_line' id='line_1_17' title="bbox 167 709 796 740; baseline 0.005 -2"><span class='ocrx_word' id='word_1_86' title='bbox 167 709 242 738; x_wconf 68' lang='lat' dir='ltr'><strong>.lHis</strong></span> <span class='ocrx_word' id='word_1_87' title='bbox 261 711 375 737; x_wconf 75' lang='lat' dir='ltr'><strong>metiatis</strong></span> <span class='ocrx_word' id='word_1_88' title='bbox 402 712 492 738; x_wconf 86' lang='lat' dir='ltr'><strong>eadem</strong></span> <span class='ocrx_word' id='word_1_89' title='bbox 509 717 532 738; x_wconf 85' lang='lat' dir='ltr'><strong>et</strong></span> <span class='ocrx_word' id='word_1_90' title='bbox 548 713 617 739; x_wconf 76' lang='lat' dir='ltr'><strong>vobis</strong></span> <span class='ocrx_word' id='word_1_91' title='bbox 632 714 752 740; x_wconf 73' lang='lat' dir='ltr'><strong>metiatur</strong></span> <span class='ocrx_word' id='word_1_92' title='bbox 763 714 796 740; x_wconf 83' lang='lat'><strong>&quot;.</strong></span> 
     </span>
    </p>
   </div>
   <div class='ocr_carea' id='block_1_18' title="bbox 173 753 690 814">
    <p class='ocr_par' dir='ltr' id='par_1_18' title="bbox 173 753 690 814">
     <span class='ocr_line' id='line_1_18' title="bbox 173 753 690 814; baseline 0.008 -22"><span class='ocrx_word' id='word_1_93' title='bbox 173 753 181 814; x_wconf 45' lang='grc' dir='ltr'><strong><em>ξ</em></strong></span> <span class='ocrx_word' id='word_1_94' title='bbox 311 811 326 814; x_wconf 75' lang='lat'>_</span> <span class='ocrx_word' id='word_1_95' title='bbox 372 811 378 814; x_wconf 80' lang='lat'>_</span> <span class='ocrx_word' id='word_1_96' title='bbox 413 812 416 814; x_wconf 80' lang='lat'><em>_</em></span> <span class='ocrx_word' id='word_1_97' title='bbox 467 767 690 814; x_wconf 59' lang='lat' dir='ltr'><strong>ratusrxxut.</strong></span> 
     </span>
    </p>
   </div>
   <div class='ocr_carea' id='block_1_19' title="bbox 174 811 844 846">
    <p class='ocr_par' dir='ltr' id='par_1_19' title="bbox 174 811 844 846">
     <span class='ocr_line' id='line_1_19' title="bbox 174 811 844 846; baseline 0.01 -10"><span class='ocrx_word' id='word_1_98' title='bbox 174 811 179 821; x_wconf 66' lang='grc' dir='ltr'><strong>ί</strong></span> <span class='ocrx_word' id='word_1_99' title='bbox 306 811 402 839; x_wconf 61' lang='lat' dir='ltr'><strong>Bardi:</strong></span> <span class='ocrx_word' id='word_1_100' title='bbox 413 812 545 846; x_wconf 82' lang='lat' dir='ltr'><strong>&#39;patricio,</strong></span> <span class='ocrx_word' id='word_1_101' title='bbox 560 818 585 841; x_wconf 90' lang='lat' dir='ltr'><strong>et</strong></span> <span class='ocrx_word' id='word_1_102' title='bbox 598 814 758 842; x_wconf 68' lang='lat' dir='ltr'><strong>Macedonia:</strong></span> <span class='ocrx_word' id='word_1_103' title='bbox 772 815 844 843; x_wconf 85' lang='lat' dir='ltr'><strong>duci.</strong></span> 
     </span>
    </p>
   </div>
   <div class='ocr_carea' id='block_1_20' title="bbox 1065 342 1797 379">
    <p class='ocr_par' dir='ltr' id='par_1_20' title="bbox 1065 342 1797 379">
     <span class='ocr_line' id='line_1_20' title="bbox 1065 342 1797 379; baseline 0.003 -10"><span class='ocrx_word' id='word_1_104' title='bbox 1065 342 1097 369; x_wconf 76' lang='lat' dir='ltr'><strong>Et</strong></span> <span class='ocrx_word' id='word_1_105' title='bbox 1115 342 1165 377; x_wconf 83' lang='grc' dir='ltr'>μὲν</span> <span class='ocrx_word' id='word_1_106' title='bbox 1180 342 1279 376; x_wconf 81' lang='grc' dir='ltr'><strong>φιλεῖς,</strong></span> <span class='ocrx_word' id='word_1_107' title='bbox 1300 343 1438 374; x_wconf 80' lang='grc' dir='ltr'><strong>ἀσθενεῖς·</strong></span> <span class='ocrx_word' id='word_1_108' title='bbox 1455 343 1479 369; x_wconf 85' lang='grc' dir='ltr'><strong>εί</strong></span> <span class='ocrx_word' id='word_1_109' title='bbox 1495 343 1525 370; x_wconf 73' lang='grc' dir='ltr'>δὲ</span> <span class='ocrx_word' id='word_1_110' title='bbox 1541 342 1578 379; x_wconf 82' lang='grc' dir='ltr'>μὴ</span> <span class='ocrx_word' id='word_1_111' title='bbox 1592 343 1688 377; x_wconf 81' lang='grc' dir='ltr'>φιλεῖς,</span> <span class='ocrx_word' id='word_1_112' title='bbox 1703 343 1797 376; x_wconf 73' lang='grc' dir='ltr'>ἀδικεῖς.</span> 
     </span>
    </p>
   </div>
   <div class='ocr_carea' id='block_1_21' title="bbox 1028 388 1800 424">
    <p class='ocr_par' dir='ltr' id='par_1_21' title="bbox 1028 388 1800 424">
     <span class='ocr_line' id='line_1_21' title="bbox 1028 388 1800 424; baseline 0.001 -9"><span class='ocrx_word' id='word_1_113' title='bbox 1028 389 1061 416; x_wconf 81' lang='lat' dir='ltr'><strong>Et</strong></span> <span class='ocrx_word' id='word_1_114' title='bbox 1081 388 1109 415; x_wconf 79' lang='grc' dir='ltr'>δὲ</span> <span class='ocrx_word' id='word_1_115' title='bbox 1128 389 1226 423; x_wconf 84' lang='grc' dir='ltr'>φιλῶν,</span> <span class='ocrx_word' id='word_1_116' title='bbox 1242 389 1290 416; x_wconf 76' lang='grc' dir='ltr'><strong>καὶ</strong></span> <span class='ocrx_word' id='word_1_117' title='bbox 1309 390 1346 424; x_wconf 80' lang='grc' dir='ltr'>μὴ</span> <span class='ocrx_word' id='word_1_118' title='bbox 1360 388 1493 421; x_wconf 76' lang='grc' dir='ltr'>ἀσθενῶν,</span> <span class='ocrx_word' id='word_1_119' title='bbox 1510 389 1596 420; x_wconf 72' lang='grc' dir='ltr'>οὕτως</span> <span class='ocrx_word' id='word_1_120' title='bbox 1609 389 1689 416; x_wconf 76' lang='grc' dir='ltr'>ἄδικα</span> <span class='ocrx_word' id='word_1_121' title='bbox 1704 390 1750 416; x_wconf 84' lang='grc' dir='ltr'>τῶν</span> <span class='ocrx_word' id='word_1_122' title='bbox 1764 390 1800 424; x_wconf 87' lang='grc' dir='ltr'>φί-</span> 
     </span>
    </p>
   </div>
   <div class='ocr_carea' id='block_1_22' title="bbox 1027 434 1799 471">
    <p class='ocr_par' dir='ltr' id='par_1_22' title="bbox 1027 434 1799 471">
     <span class='ocr_line' id='line_1_22' title="bbox 1027 434 1799 471; baseline 0 -9"><span class='ocrx_word' id='word_1_123' title='bbox 1027 435 1082 462; x_wconf 85' lang='grc' dir='ltr'><strong>λων</strong></span> <span class='ocrx_word' id='word_1_124' title='bbox 1108 436 1278 470; x_wconf 85' lang='grc' dir='ltr'>πασχόντων,</span> <span class='ocrx_word' id='word_1_125' title='bbox 1309 435 1469 471; x_wconf 78' lang='grc' dir='ltr'><strong>ὀλιγωρεῖς·</strong></span> <span class='ocrx_word' id='word_1_126' title='bbox 1497 434 1552 468; x_wconf 76' lang='grc' dir='ltr'><strong>ἐγὼ</strong></span> <span class='ocrx_word' id='word_1_127' title='bbox 1579 435 1627 470; x_wconf 80' lang='grc' dir='ltr'>μὲν</span> <span class='ocrx_word' id='word_1_128' title='bbox 1644 434 1752 470; x_wconf 77' lang='grc' dir='ltr'>εὔχομαί</span> <span class='ocrx_word' id='word_1_129' title='bbox 1775 445 1799 462; x_wconf 82' lang='grc' dir='ltr'><strong>σε</strong></span> 
     </span>
    </p>
   </div>
   <div class='ocr_carea' id='block_1_23' title="bbox 1030 481 1801 518">
    <p class='ocr_par' dir='ltr' id='par_1_23' title="bbox 1030 481 1801 518">
     <span class='ocr_line' id='line_1_23' title="bbox 1030 481 1801 518; baseline 0 -10"><span class='ocrx_word' id='word_1_130' title='bbox 1030 482 1098 518; x_wconf 87' lang='grc' dir='ltr'>μήτε</span> <span class='ocrx_word' id='word_1_131' title='bbox 1112 481 1251 513; x_wconf 84' lang='grc' dir='ltr'><strong>τοιαύταις</strong></span> <span class='ocrx_word' id='word_1_132' title='bbox 1271 481 1405 516; x_wconf 78' lang='grc' dir='ltr'><strong>ἀνάγκαις</strong></span> <span class='ocrx_word' id='word_1_133' title='bbox 1428 482 1598 516; x_wconf 83' lang='grc' dir='ltr'><strong>περιπεσεῖν,</strong></span> <span class='ocrx_word' id='word_1_134' title='bbox 1617 482 1684 516; x_wconf 86' lang='grc' dir='ltr'>μήτε</span> <span class='ocrx_word' id='word_1_135' title='bbox 1703 490 1801 516; x_wconf 78' lang='grc' dir='ltr'>περιπε-</span> 
     </span>
    </p>
   </div>
   <div class='ocr_carea' id='block_1_24' title="bbox 1028 526 1801 562">
    <p class='ocr_par' dir='ltr' id='par_1_24' title="bbox 1028 526 1801 562">
     <span class='ocr_line' id='line_1_24' title="bbox 1028 526 1801 562; baseline -0.001 -8"><span class='ocrx_word' id='word_1_136' title='bbox 1028 528 1108 554; x_wconf 86' lang='grc' dir='ltr'>σόντα</span> <span class='ocrx_word' id='word_1_137' title='bbox 1133 527 1181 554; x_wconf 78' lang='grc' dir='ltr'><strong>καὶ</strong></span> <span class='ocrx_word' id='word_1_138' title='bbox 1199 527 1343 562; x_wconf 81' lang='grc' dir='ltr'><strong>δεηθέντα,</strong></span> <span class='ocrx_word' id='word_1_139' title='bbox 1368 526 1496 562; x_wconf 72' lang='grc' dir='ltr'>τοιαύτης</span> <span class='ocrx_word' id='word_1_140' title='bbox 1513 527 1620 558; x_wconf 78' lang='grc' dir='ltr'><strong>εὐνοίας</strong></span> <span class='ocrx_word' id='word_1_141' title='bbox 1638 527 1684 553; x_wconf 65' lang='grc' dir='ltr'><strong>καὶ</strong></span> <span class='ocrx_word' id='word_1_142' title='bbox 1707 528 1801 554; x_wconf 71' lang='grc' dir='ltr'>ἐπικου-</span> 
     </span>
    </p>
   </div>
   <div class='ocr_carea' id='block_1_25' title="bbox 1029 572 1802 609">
    <p class='ocr_par' dir='ltr' id='par_1_25' title="bbox 1029 572 1802 609">
     <span class='ocr_line' id='line_1_25' title="bbox 1029 572 1802 609; baseline -0.001 -9"><span class='ocrx_word' id='word_1_143' title='bbox 1029 573 1100 609; x_wconf 85' lang='grc' dir='ltr'>ρίας,</span> <span class='ocrx_word' id='word_1_144' title='bbox 1114 573 1173 600; x_wconf 78' lang='grc' dir='ltr'>οἵαν</span> <span class='ocrx_word' id='word_1_145' title='bbox 1186 574 1218 599; x_wconf 75' lang='grc' dir='ltr'>σὺ</span> <span class='ocrx_word' id='word_1_146' title='bbox 1230 574 1286 604; x_wconf 83' lang='grc' dir='ltr'>τοῖς</span> <span class='ocrx_word' id='word_1_147' title='bbox 1301 573 1389 608; x_wconf 89' lang='grc' dir='ltr'>φίλοις</span> <span class='ocrx_word' id='word_1_148' title='bbox 1404 573 1546 608; x_wconf 78' lang='grc' dir='ltr'><strong>παρέχεις,</strong></span> <span class='ocrx_word' id='word_1_149' title='bbox 1561 573 1711 608; x_wconf 72' lang='grc' dir='ltr'>ἐπιτυχεῖν.</span> <span class='ocrx_word' id='word_1_150' title='bbox 1732 572 1802 599; x_wconf 72' lang='grc' dir='ltr'>Ἀλλὰ</span> 
     </span>
    </p>
   </div>
   <div class='ocr_carea' id='block_1_26' title="bbox 1029 618 1800 654">
    <p class='ocr_par' dir='ltr' id='par_1_26' title="bbox 1029 618 1800 654">
     <span class='ocr_line' id='line_1_26' title="bbox 1029 618 1800 654; baseline -0.001 -9"><span class='ocrx_word' id='word_1_151' title='bbox 1029 620 1062 646; x_wconf 82' lang='grc' dir='ltr'><strong>σύ</strong></span> <span class='ocrx_word' id='word_1_152' title='bbox 1088 627 1120 653; x_wconf 81' lang='grc' dir='ltr'><strong>γε</strong></span> <span class='ocrx_word' id='word_1_153' title='bbox 1144 619 1189 645; x_wconf 82' lang='grc' dir='ltr'>τὸν</span> <span class='ocrx_word' id='word_1_154' title='bbox 1207 618 1371 645; x_wconf 82' lang='grc' dir='ltr'>Δεσποτικὸν</span> <span class='ocrx_word' id='word_1_155' title='bbox 1397 618 1471 653; x_wconf 82' lang='grc' dir='ltr'>ὅμως</span> <span class='ocrx_word' id='word_1_156' title='bbox 1494 618 1654 652; x_wconf 75' lang='grc' dir='ltr'><strong>ἀναλογίζου</strong></span> <span class='ocrx_word' id='word_1_157' title='bbox 1673 619 1800 654; x_wconf 72' lang='grc' dir='ltr'>χρησμὸν,</span> 
     </span>
    </p>
   </div>
   <div class='ocr_carea' id='block_1_27' title="bbox 1036 662 1802 700">
    <p class='ocr_par' dir='ltr' id='par_1_27' title="bbox 1036 662 1802 700">
     <span class='ocr_line' id='line_1_27' title="bbox 1036 662 1802 700; baseline -0.003 -8"><span class='ocrx_word' id='word_1_158' title='bbox 1036 665 1087 692; x_wconf 77' lang='grc' dir='ltr'>Ἐν</span> <span class='ocrx_word' id='word_1_159' title='bbox 1096 662 1120 700; x_wconf 83' lang='grc' dir='ltr'>ᾧ</span> <span class='ocrx_word' id='word_1_160' title='bbox 1132 664 1229 700; x_wconf 82' lang='grc' dir='ltr'>μέτρῳ</span> <span class='ocrx_word' id='word_1_161' title='bbox 1240 664 1383 700; x_wconf 83' lang='grc' dir='ltr'><strong>μετρεῖτε,</strong></span> <span class='ocrx_word' id='word_1_162' title='bbox 1393 664 1613 700; x_wconf 81' lang='grc' dir='ltr'><strong>μετρηθήσεται</strong></span> <span class='ocrx_word' id='word_1_163' title='bbox 1625 665 1706 700; x_wconf 81' lang='grc' dir='ltr'>ὑμῖν,</span> <span class='ocrx_word' id='word_1_164' title='bbox 1722 665 1802 699; x_wconf 63' lang='grc' dir='ltr'>σαφῶς</span> 
     </span>
    </p>
   </div>
   <div class='ocr_carea' id='block_1_28' title="bbox 1028 711 1231 746">
    <p class='ocr_par' dir='ltr' id='par_1_28' title="bbox 1028 711 1231 746">
     <span class='ocr_line' id='line_1_28' title="bbox 1028 711 1231 746; baseline -0.005 -8"><span class='ocrx_word' id='word_1_165' title='bbox 1028 711 1231 746; x_wconf 77' lang='grc' dir='ltr'>διαγγέλλοντα.</span> 
     </span>
    </p>
   </div>
   <div class='ocr_carea' id='block_1_29' title="bbox 1320 766 1517 794">
    <p class='ocr_par' dir='ltr' id='par_1_29' title="bbox 1320 766 1517 794">
     <span class='ocr_line' id='line_1_29' title="bbox 1320 766 1517 794; baseline 0.005 -1"><span class='ocrx_word' id='word_1_166' title='bbox 1320 766 1433 793; x_wconf 83' lang='grc' dir='ltr'><strong>ΕΠΙΣΤ.</strong></span> <span class='ocrx_word' id='word_1_167' title='bbox 1453 766 1517 794; x_wconf 65' lang='grc' dir='ltr'><strong>ΚΓ.</strong></span> 
     </span>
    </p>
   </div>
   <div class='ocr_carea' id='block_1_30' title="bbox 1061 811 1772 848">
    <p class='ocr_par' dir='ltr' id='par_1_30' title="bbox 1061 811 1772 848">
     <span class='ocr_line' id='line_1_30' title="bbox 1061 811 1772 848; baseline -0.001 -7"><span class='ocrx_word' id='word_1_168' title='bbox 1061 812 1162 848; x_wconf 78' lang='grc' dir='ltr'>Βάρδᾳ</span> <span class='ocrx_word' id='word_1_169' title='bbox 1176 812 1318 847; x_wconf 80' lang='grc' dir='ltr'>πατρικίῳ</span> <span class='ocrx_word' id='word_1_170' title='bbox 1328 813 1385 839; x_wconf 68' lang='grc' dir='ltr'><strong>θεαὶ</strong></span> <span class='ocrx_word' id='word_1_171' title='bbox 1407 811 1563 847; x_wconf 79' lang='grc' dir='ltr'>στρατηγῷ</span> <span class='ocrx_word' id='word_1_172' title='bbox 1583 813 1772 846; x_wconf 79' lang='grc' dir='ltr'>Μακεδονίας.</span> 
     </span>
    </p>
   </div>
   <div class='ocr_carea' id='block_1_31' title="bbox 806 872 1200 905">
    <p class='ocr_par' dir='ltr' id='par_1_31' title="bbox 806 872 1200 905">
     <span class='ocr_line' id='line_1_31' title="bbox 806 872 1200 905; baseline -0.005 -6"><span class='ocrx_word' id='word_1_173' title='bbox 806 873 944 899; x_wconf 80' lang='lat' dir='ltr'><strong>Montacut.</strong></span> <span class='ocrx_word' id='word_1_174' title='bbox 963 873 1015 905; x_wconf 88' lang='lat' dir='ltr'><strong>(ep.</strong></span> <span class='ocrx_word' id='word_1_175' title='bbox 1032 873 1072 903; x_wconf 84' lang='lat'><strong>67,</strong></span> <span class='ocrx_word' id='word_1_176' title='bbox 1090 880 1116 903; x_wconf 78' lang='grc' dir='ltr'>ρ.</span> <span class='ocrx_word' id='word_1_177' title='bbox 1135 872 1200 902; x_wconf 73' lang='grc'><strong>119).</strong></span> 
     </span>
    </p>
   </div>
   <div class='ocr_carea' id='block_1_32' title="bbox 217 920 1009 958">
    <p class='ocr_par' dir='ltr' id='par_1_32' title="bbox 217 920 1009 958">
     <span class='ocr_line' id='line_1_32' title="bbox 217 920 1009 958; baseline 0.006 -11"><span class='ocrx_word' id='word_1_178' title='bbox 217 920 322 955; x_wconf 79' lang='lat' dir='ltr'><strong>impera</strong></span> <span class='ocrx_word' id='word_1_179' title='bbox 337 921 428 956; x_wconf 82' lang='lat' dir='ltr'><strong>potius</strong></span> <span class='ocrx_word' id='word_1_180' title='bbox 439 928 501 948; x_wconf 91' lang='lat' dir='ltr'><strong>cum</strong></span> <span class='ocrx_word' id='word_1_181' title='bbox 516 922 632 950; x_wconf 86' lang='lat' dir='ltr'><strong>aliorum</strong></span> <span class='ocrx_word' id='word_1_182' title='bbox 643 923 780 951; x_wconf 89' lang='lat' dir='ltr'><strong>desiderio</strong></span> <span class='ocrx_word' id='word_1_183' title='bbox 800 929 828 952; x_wconf 92' lang='lat' dir='ltr'><strong>et</strong></span> <span class='ocrx_word' id='word_1_184' title='bbox 858 925 969 958; x_wconf 71' lang='lat' dir='ltr'><strong>affectu,</strong></span> <span class='ocrx_word' id='word_1_185' title='bbox 985 925 1009 956; x_wconf 89' lang='lat' dir='ltr'><strong>B</strong></span> 
     </span>
    </p>
   </div>
   <div class='ocr_carea' id='block_1_33' title="bbox 179 967 973 1004">
    <p class='ocr_par' dir='ltr' id='par_1_33' title="bbox 179 967 973 1004">
     <span class='ocr_line' id='line_1_33' title="bbox 179 967 973 1004; baseline 0.006 -11"><span class='ocrx_word' id='word_1_186' title='bbox 179 974 260 1001; x_wconf 84' lang='lat' dir='ltr'><strong>quam</strong></span> <span class='ocrx_word' id='word_1_187' title='bbox 275 974 324 1001; x_wconf 88' lang='lat' dir='ltr'><strong>per</strong></span> <span class='ocrx_word' id='word_1_188' title='bbox 340 967 479 994; x_wconf 75' lang='lat' dir='ltr'><strong>timorem.</strong></span> <span class='ocrx_word' id='word_1_189' title='bbox 491 968 540 995; x_wconf 86' lang='lat' dir='ltr'><strong>Est</strong></span> <span class='ocrx_word' id='word_1_190' title='bbox 553 969 626 995; x_wconf 89' lang='lat' dir='ltr'><strong>enim</strong></span> <span class='ocrx_word' id='word_1_191' title='bbox 639 969 809 1004; x_wconf 85' lang='lat' dir='ltr'><strong>impossibile</strong></span> <span class='ocrx_word' id='word_1_192' title='bbox 834 974 864 998; x_wconf 89' lang='lat' dir='ltr'><strong>ut</strong></span> <span class='ocrx_word' id='word_1_193' title='bbox 878 978 932 998; x_wconf 89' lang='lat' dir='ltr'><strong>non</strong></span> <span class='ocrx_word' id='word_1_194' title='bbox 945 970 973 997; x_wconf 87' lang='lat' dir='ltr'><strong>in</strong></span> 
     </span>
    </p>
   </div>
   <div class='ocr_carea' id='block_1_34' title="bbox 180 1013 970 1045">
    <p class='ocr_par' dir='ltr' id='par_1_34' title="bbox 180 1013 970 1045">
     <span class='ocr_line' id='line_1_34' title="bbox 180 1013 970 1045; baseline 0.006 -5"><span class='ocrx_word' id='word_1_195' title='bbox 180 1013 273 1040; x_wconf 88' lang='lat' dir='ltr'><strong>odium</strong></span> <span class='ocrx_word' id='word_1_196' title='bbox 291 1013 427 1041; x_wconf 79' lang='lat' dir='ltr'><strong>timorhic</strong></span> <span class='ocrx_word' id='word_1_197' title='bbox 450 1019 584 1042; x_wconf 78' lang='lat' dir='ltr'><strong>mutetur.</strong></span> <span class='ocrx_word' id='word_1_198' title='bbox 602 1015 668 1042; x_wconf 79' lang='lat' dir='ltr'><strong>lilud</strong></span> <span class='ocrx_word' id='word_1_199' title='bbox 689 1020 782 1043; x_wconf 89' lang='lat' dir='ltr'><strong>autem</strong></span> <span class='ocrx_word' id='word_1_200' title='bbox 800 1017 970 1045; x_wconf 84' lang='lat' dir='ltr'><strong>subditorum</strong></span> 
     </span>
    </p>
   </div>
   <div class='ocr_carea' id='block_1_35' title="bbox 178 1059 970 1097">
    <p class='ocr_par' dir='ltr' id='par_1_35' title="bbox 178 1059 970 1097">
     <span class='ocr_line' id='line_1_35' title="bbox 178 1059 970 1097; baseline 0.004 -11"><span class='ocrx_word' id='word_1_201' title='bbox 178 1059 397 1086; x_wconf 74' lang='lat' dir='ltr'><strong>benevolentiam</strong></span> <span class='ocrx_word' id='word_1_202' title='bbox 414 1060 542 1087; x_wconf 84' lang='lat' dir='ltr'><strong>omnibus</strong></span> <span class='ocrx_word' id='word_1_203' title='bbox 556 1060 679 1095; x_wconf 81' lang='lat' dir='ltr'><strong>vestigiis</strong></span> <span class='ocrx_word' id='word_1_204' title='bbox 711 1061 876 1097; x_wconf 83' lang='lat' dir='ltr'><strong>insequitur.</strong></span> <span class='ocrx_word' id='word_1_205' title='bbox 891 1061 970 1089; x_wconf 81' lang='lat' dir='ltr'><strong>Patet</strong></span> 
     </span>
    </p>
   </div>
   <div class='ocr_carea' id='block_1_36' title="bbox 178 1105 973 1141">
    <p class='ocr_par' dir='ltr' id='par_1_36' title="bbox 178 1105 973 1141">
     <span class='ocr_line' id='line_1_36' title="bbox 178 1105 973 1141; baseline 0.005 -9"><span class='ocrx_word' id='word_1_206' title='bbox 178 1110 268 1132; x_wconf 87' lang='lat' dir='ltr'><strong>autem</strong></span> <span class='ocrx_word' id='word_1_207' title='bbox 284 1105 512 1141; x_wconf 86' lang='lat' dir='ltr'><strong>interutrumque</strong></span> <span class='ocrx_word' id='word_1_208' title='bbox 535 1106 700 1140; x_wconf 74' lang='lat' dir='ltr'><strong>dilferenlia,</strong></span> <span class='ocrx_word' id='word_1_209' title='bbox 725 1110 753 1136; x_wconf 92' lang='lat' dir='ltr'><strong>in</strong></span> <span class='ocrx_word' id='word_1_210' title='bbox 769 1109 844 1136; x_wconf 89' lang='lat' dir='ltr'><strong>omni</strong></span> <span class='ocrx_word' id='word_1_211' title='bbox 865 1108 973 1136; x_wconf 85' lang='lat' dir='ltr'><strong>actione</strong></span> 
     </span>
    </p>
   </div>
   <div class='ocr_carea' id='block_1_37' title="bbox 178 1152 974 1191">
    <p class='ocr_par' dir='ltr' id='par_1_37' title="bbox 178 1152 974 1191">
     <span class='ocr_line' id='line_1_37' title="bbox 178 1152 974 1191; baseline 0.005 -13"><span class='ocrx_word' id='word_1_212' title='bbox 178 1156 207 1179; x_wconf 89' lang='lat' dir='ltr'><strong>et</strong></span> <span class='ocrx_word' id='word_1_213' title='bbox 220 1159 272 1179; x_wconf 90' lang='lat' dir='ltr'><strong>usu</strong></span> <span class='ocrx_word' id='word_1_214' title='bbox 287 1153 455 1180; x_wconf 90' lang='lat' dir='ltr'><strong>necessario.</strong></span> <span class='ocrx_word' id='word_1_215' title='bbox 484 1152 561 1186; x_wconf 86' lang='lat' dir='ltr'><strong>Quod</strong></span> <span class='ocrx_word' id='word_1_216' title='bbox 576 1154 599 1181; x_wconf 91' lang='lat' dir='ltr'><strong>si</strong></span> <span class='ocrx_word' id='word_1_217' title='bbox 611 1155 734 1182; x_wconf 88' lang='lat' dir='ltr'><strong>animum</strong></span> <span class='ocrx_word' id='word_1_218' title='bbox 753 1161 831 1183; x_wconf 88' lang='lat' dir='ltr'><strong>tuum</strong></span> <span class='ocrx_word' id='word_1_219' title='bbox 859 1155 974 1191; x_wconf 83' lang='lat' dir='ltr'><strong>subjecit</strong></span> 
     </span>
    </p>
   </div>
   <div class='ocr_carea' id='block_1_38' title="bbox 178 1197 974 1236">
    <p class='ocr_par' dir='ltr' id='par_1_38' title="bbox 178 1197 974 1236">
     <span class='ocr_line' id='line_1_38' title="bbox 178 1197 974 1236; baseline 0.004 -10"><span class='ocrx_word' id='word_1_220' title='bbox 178 1198 282 1233; x_wconf 85' lang='lat' dir='ltr'><strong>opinio,</strong></span> <span class='ocrx_word' id='word_1_221' title='bbox 298 1197 420 1225; x_wconf 91' lang='lat' dir='ltr'><strong>futurum</strong></span> <span class='ocrx_word' id='word_1_222' title='bbox 435 1202 465 1226; x_wconf 90' lang='lat' dir='ltr'><strong>ut</strong></span> <span class='ocrx_word' id='word_1_223' title='bbox 480 1199 544 1226; x_wconf 82' lang='lat' dir='ltr'><strong>inde</strong></span> <span class='ocrx_word' id='word_1_224' title='bbox 559 1200 662 1228; x_wconf 86' lang='lat' dir='ltr'><strong>humile</strong></span> <span class='ocrx_word' id='word_1_225' title='bbox 676 1201 751 1236; x_wconf 86' lang='lat' dir='ltr'><strong>quid,</strong></span> <span class='ocrx_word' id='word_1_226' title='bbox 778 1202 927 1236; x_wconf 74' lang='lat' dir='ltr'><strong>abiectum,</strong></span> <span class='ocrx_word' id='word_1_227' title='bbox 946 1205 974 1228; x_wconf 86' lang='lat' dir='ltr'><strong>et</strong></span> 
     </span>
    </p>
   </div>
   <div class='ocr_carea' id='block_1_39' title="bbox 177 1245 973 1280">
    <p class='ocr_par' dir='ltr' id='par_1_39' title="bbox 177 1245 973 1280">
     <span class='ocr_line' id='line_1_39' title="bbox 177 1245 973 1280; baseline 0.004 -8"><span class='ocrx_word' id='word_1_228' title='bbox 177 1245 383 1280; x_wconf 85' lang='lat' dir='ltr'><strong>contemptibile</strong></span> <span class='ocrx_word' id='word_1_229' title='bbox 396 1250 549 1277; x_wconf 80' lang='lat' dir='ltr'><strong>enascatur.</strong></span> <span class='ocrx_word' id='word_1_230' title='bbox 567 1247 640 1274; x_wconf 87' lang='lat' dir='ltr'><strong>unde</strong></span> <span class='ocrx_word' id='word_1_231' title='bbox 652 1248 756 1275; x_wconf 89' lang='lat' dir='ltr'><strong>tardius</strong></span> <span class='ocrx_word' id='word_1_232' title='bbox 777 1252 804 1275; x_wconf 90' lang='lat' dir='ltr'><strong>et</strong></span> <span class='ocrx_word' id='word_1_233' title='bbox 818 1248 924 1275; x_wconf 89' lang='lat' dir='ltr'><strong>invitus</strong></span> <span class='ocrx_word' id='word_1_234' title='bbox 940 1247 973 1275; x_wconf 85' lang='lat' dir='ltr'><strong>ad</strong></span> 
     </span>
    </p>
   </div>
   <div class='ocr_carea' id='block_1_40' title="bbox 176 1290 975 1328">
    <p class='ocr_par' dir='ltr' id='par_1_40' title="bbox 176 1290 975 1328">
     <span class='ocr_line' id='line_1_40' title="bbox 176 1290 975 1328; baseline 0.004 -11"><span class='ocrx_word' id='word_1_235' title='bbox 176 1290 229 1318; x_wconf 85' lang='lat' dir='ltr'><strong>hoc</strong></span> <span class='ocrx_word' id='word_1_236' title='bbox 238 1290 383 1318; x_wconf 84' lang='lat' dir='ltr'><strong>consilium</strong></span> <span class='ocrx_word' id='word_1_237' title='bbox 393 1292 505 1319; x_wconf 80' lang='lat' dir='ltr'><strong>accedas</strong></span> <span class='ocrx_word' id='word_1_238' title='bbox 517 1295 562 1320; x_wconf 89' lang='lat' dir='ltr'><strong>:tu</strong></span> <span class='ocrx_word' id='word_1_239' title='bbox 573 1297 666 1321; x_wconf 87' lang='lat' dir='ltr'><strong>contra</strong></span> <span class='ocrx_word' id='word_1_240' title='bbox 676 1300 797 1328; x_wconf 86' lang='lat' dir='ltr'><strong>oppones</strong></span> <span class='ocrx_word' id='word_1_241' title='bbox 807 1301 896 1322; x_wconf 81' lang='lat' dir='ltr'><strong>mares</strong></span> <span class='ocrx_word' id='word_1_242' title='bbox 908 1301 975 1321; x_wconf 57' lang='lat' dir='ltr'><strong>cons</strong></span> 
     </span>
    </p>
   </div>
   <div class='ocr_carea' id='block_1_41' title="bbox 176 1335 973 1372">
    <p class='ocr_par' dir='ltr' id='par_1_41' title="bbox 176 1335 973 1372">
     <span class='ocr_line' id='line_1_41' title="bbox 176 1335 973 1372; baseline 0.004 -10"><span class='ocrx_word' id='word_1_243' title='bbox 176 1335 285 1363; x_wconf 86' lang='lat' dir='ltr'><strong>stitutos</strong></span> <span class='ocrx_word' id='word_1_244' title='bbox 294 1339 322 1362; x_wconf 90' lang='lat' dir='ltr'><strong>et</strong></span> <span class='ocrx_word' id='word_1_245' title='bbox 335 1335 455 1368; x_wconf 78' lang='lat' dir='ltr'><strong>stabiles.</strong></span> <span class='ocrx_word' id='word_1_246' title='bbox 469 1337 632 1364; x_wconf 85' lang='lat' dir='ltr'><strong>sententiam</strong></span> <span class='ocrx_word' id='word_1_247' title='bbox 649 1337 820 1365; x_wconf 84' lang='lat' dir='ltr'><strong>obﬁrmatam</strong></span> <span class='ocrx_word' id='word_1_248' title='bbox 831 1359 838 1372; x_wconf 91' lang='lat'><strong>,</strong></span> <span class='ocrx_word' id='word_1_249' title='bbox 854 1342 881 1365; x_wconf 89' lang='lat' dir='ltr'><strong>et</strong></span> <span class='ocrx_word' id='word_1_250' title='bbox 901 1337 973 1372; x_wconf 84' lang='lat' dir='ltr'><strong>quod</strong></span> 
     </span>
    </p>
   </div>
   <div class='ocr_carea' id='block_1_42' title="bbox 176 1381 973 1422">
    <p class='ocr_par' dir='ltr' id='par_1_42' title="bbox 176 1381 973 1422">
     <span class='ocr_line' id='line_1_42' title="bbox 176 1381 973 1422; baseline 0.004 -15"><span class='ocrx_word' id='word_1_251' title='bbox 176 1381 410 1408; x_wconf 88' lang='lat' dir='ltr'><strong>assentationibus</strong></span> <span class='ocrx_word' id='word_1_252' title='bbox 423 1386 451 1409; x_wconf 86' lang='lat' dir='ltr'><strong>et</strong></span> <span class='ocrx_word' id='word_1_253' title='bbox 464 1382 571 1422; x_wconf 64' lang='lat' dir='ltr'><strong>scurris</strong></span> <span class='ocrx_word' id='word_1_254' title='bbox 582 1389 637 1409; x_wconf 88' lang='lat' dir='ltr'><strong>non</strong></span> <span class='ocrx_word' id='word_1_255' title='bbox 663 1383 826 1415; x_wconf 87' lang='lat' dir='ltr'><strong>attenditur.</strong></span> <span class='ocrx_word' id='word_1_256' title='bbox 853 1383 973 1418; x_wconf 80' lang='lat' dir='ltr'><strong>gravita-</strong></span> 
     </span>
    </p>
   </div>
   <div class='ocr_carea' id='block_1_43' title="bbox 176 1426 973 1464">
    <p class='ocr_par' dir='ltr' id='par_1_43' title="bbox 176 1426 973 1464">
     <span class='ocr_line' id='line_1_43' title="bbox 176 1426 973 1464; baseline 0.001 -10"><span class='ocrx_word' id='word_1_257' title='bbox 176 1431 231 1454; x_wconf 78' lang='lat' dir='ltr'><strong>tem</strong></span> <span class='ocrx_word' id='word_1_258' title='bbox 255 1427 284 1453; x_wconf 91' lang='lat' dir='ltr'><strong>in</strong></span> <span class='ocrx_word' id='word_1_259' title='bbox 302 1426 406 1454; x_wconf 86' lang='lat' dir='ltr'><strong>deliciis</strong></span> <span class='ocrx_word' id='word_1_260' title='bbox 433 1426 553 1454; x_wconf 84' lang='lat' dir='ltr'><strong>habitam</strong></span> <span class='ocrx_word' id='word_1_261' title='bbox 578 1429 753 1463; x_wconf 85' lang='lat' dir='ltr'><strong>opponendo.</strong></span> <span class='ocrx_word' id='word_1_262' title='bbox 778 1429 878 1456; x_wconf 86' lang='lat' dir='ltr'><strong>Notum</strong></span> <span class='ocrx_word' id='word_1_263' title='bbox 892 1436 973 1464; x_wconf 93' lang='lat' dir='ltr'><strong>porro</strong></span> 
     </span>
    </p>
   </div>
   <div class='ocr_carea' id='block_1_44' title="bbox 177 1472 972 1509">
    <p class='ocr_par' dir='ltr' id='par_1_44' title="bbox 177 1472 972 1509">
     <span class='ocr_line' id='line_1_44' title="bbox 177 1472 972 1509; baseline 0.003 -11"><span class='ocrx_word' id='word_1_264' title='bbox 177 1472 227 1499; x_wconf 88' lang='lat' dir='ltr'><strong>tibi</strong></span> <span class='ocrx_word' id='word_1_265' title='bbox 241 1472 286 1504; x_wconf 88' lang='lat' dir='ltr'><strong>sit,</strong></span> <span class='ocrx_word' id='word_1_266' title='bbox 301 1472 374 1507; x_wconf 90' lang='lat' dir='ltr'><strong>quod</strong></span> <span class='ocrx_word' id='word_1_267' title='bbox 390 1477 436 1499; x_wconf 85' lang='lat' dir='ltr'><strong>tuo</strong></span> <span class='ocrx_word' id='word_1_268' title='bbox 458 1473 561 1500; x_wconf 87' lang='lat' dir='ltr'><strong>subditi</strong></span> <span class='ocrx_word' id='word_1_269' title='bbox 575 1474 700 1508; x_wconf 82' lang='lat' dir='ltr'><strong>Imperio,</strong></span> <span class='ocrx_word' id='word_1_270' title='bbox 713 1474 845 1509; x_wconf 87' lang='lat' dir='ltr'><strong>pudorem</strong></span> <span class='ocrx_word' id='word_1_271' title='bbox 860 1481 972 1501; x_wconf 75' lang='lat' dir='ltr'><strong>suavem</strong></span> 
     </span>
    </p>
   </div>
   <div class='ocr_carea' id='block_1_45' title="bbox 177 1517 972 1553">
    <p class='ocr_par' dir='ltr' id='par_1_45' title="bbox 177 1517 972 1553">
     <span class='ocr_line' id='line_1_45' title="bbox 177 1517 972 1553; baseline 0.001 -9"><span class='ocrx_word' id='word_1_272' title='bbox 177 1517 285 1545; x_wconf 79' lang='lat' dir='ltr'><strong>militari</strong></span> <span class='ocrx_word' id='word_1_273' title='bbox 298 1518 391 1553; x_wconf 76' lang='lat' dir='ltr'><strong>sagulo</strong></span> <span class='ocrx_word' id='word_1_274' title='bbox 406 1518 546 1553; x_wconf 66' lang='lat' dir='ltr'><strong>praelaturi</strong></span> <span class='ocrx_word' id='word_1_275' title='bbox 557 1519 623 1551; x_wconf 87' lang='lat' dir='ltr'><strong>sint,</strong></span> <span class='ocrx_word' id='word_1_276' title='bbox 638 1523 667 1547; x_wconf 85' lang='lat' dir='ltr'><strong>et</strong></span> <span class='ocrx_word' id='word_1_277' title='bbox 683 1524 709 1547; x_wconf 90' lang='lat' dir='ltr'><strong>te</strong></span> <span class='ocrx_word' id='word_1_278' title='bbox 724 1527 757 1546; x_wconf 90' lang='lat' dir='ltr'><strong>eo</strong></span> <span class='ocrx_word' id='word_1_279' title='bbox 767 1519 892 1546; x_wconf 87' lang='lat' dir='ltr'><strong>indutum</strong></span> <span class='ocrx_word' id='word_1_280' title='bbox 915 1527 972 1546; x_wconf 86' lang='lat' dir='ltr'><strong>ma-</strong></span> 
     </span>
    </p>
   </div>
   <div class='ocr_carea' id='block_1_46' title="bbox 178 1562 971 1598">
    <p class='ocr_par' dir='ltr' id='par_1_46' title="bbox 178 1562 971 1598">
     <span class='ocr_line' id='line_1_46' title="bbox 178 1562 971 1598; baseline 0.004 -10"><span class='ocrx_word' id='word_1_281' title='bbox 178 1562 219 1596; x_wconf 81' lang='lat' dir='ltr'><strong>gis</strong></span> <span class='ocrx_word' id='word_1_282' title='bbox 241 1562 376 1589; x_wconf 88' lang='lat' dir='ltr'><strong>illustrem</strong></span> <span class='ocrx_word' id='word_1_283' title='bbox 393 1563 426 1590; x_wconf 91' lang='lat' dir='ltr'><strong>iis</strong></span> <span class='ocrx_word' id='word_1_284' title='bbox 453 1563 653 1598; x_wconf 87' lang='lat' dir='ltr'><strong>appariturum.</strong></span> <span class='ocrx_word' id='word_1_285' title='bbox 684 1564 741 1592; x_wconf 86' lang='lat' dir='ltr'><strong>Hoc</strong></span> <span class='ocrx_word' id='word_1_286' title='bbox 773 1569 800 1591; x_wconf 88' lang='lat' dir='ltr'><strong>tu</strong></span> <span class='ocrx_word' id='word_1_287' title='bbox 824 1564 971 1596; x_wconf 86' lang='lat' dir='ltr'><strong>lenocinio,</strong></span> 
     </span>
    </p>
   </div>
   <div class='ocr_carea' id='block_1_47' title="bbox 1061 921 1806 959">
    <p class='ocr_par' dir='ltr' id='par_1_47' title="bbox 1061 921 1806 959">
     <span class='ocr_line' id='line_1_47' title="bbox 1061 921 1806 959; baseline -0.001 -9"><span class='ocrx_word' id='word_1_288' title='bbox 1061 924 1146 959; x_wconf 82' lang='grc' dir='ltr'><strong>¹Ἀρχε</strong></span> <span class='ocrx_word' id='word_1_289' title='bbox 1171 923 1338 957; x_wconf 81' lang='grc' dir='ltr'>ποθούμενος</span> <span class='ocrx_word' id='word_1_290' title='bbox 1364 922 1465 957; x_wconf 84' lang='grc' dir='ltr'>μᾶλλον</span> <span class='ocrx_word' id='word_1_291' title='bbox 1482 922 1499 957; x_wconf 87' lang='grc' dir='ltr'>ἦ</span> <span class='ocrx_word' id='word_1_292' title='bbox 1524 923 1575 949; x_wconf 79' lang='grc' dir='ltr'><strong>σὺν</strong></span> <span class='ocrx_word' id='word_1_293' title='bbox 1597 921 1692 958; x_wconf 88' lang='grc' dir='ltr'>φόϐῳ·</span> <span class='ocrx_word' id='word_1_294' title='bbox 1716 923 1745 949; x_wconf 85' lang='grc' dir='ltr'><strong>τδ</strong></span> <span class='ocrx_word' id='word_1_295' title='bbox 1761 923 1806 958; x_wconf 77' lang='grc' dir='ltr'>μὲν</span> 
     </span>
    </p>
   </div>
   <div class='ocr_carea' id='block_1_48' title="bbox 1025 969 1807 1006">
    <p class='ocr_par' dir='ltr' id='par_1_48' title="bbox 1025 969 1807 1006">
     <span class='ocr_line' id='line_1_48' title="bbox 1025 969 1807 1006; baseline 0 -9"><span class='ocrx_word' id='word_1_296' title='bbox 1025 971 1080 1006; x_wconf 86' lang='grc' dir='ltr'>γὰρ</span> <span class='ocrx_word' id='word_1_297' title='bbox 1098 971 1148 997; x_wconf 82' lang='grc' dir='ltr'><strong>οὐκ</strong></span> <span class='ocrx_word' id='word_1_298' title='bbox 1166 970 1223 996; x_wconf 72' lang='grc' dir='ltr'>ἐστι</span> <span class='ocrx_word' id='word_1_299' title='bbox 1244 969 1281 1005; x_wconf 81' lang='grc' dir='ltr'>μὴ</span> <span class='ocrx_word' id='word_1_300' title='bbox 1295 969 1355 1005; x_wconf 73' lang='grc' dir='ltr'>οῡχὶ</span> <span class='ocrx_word' id='word_1_301' title='bbox 1370 969 1411 1002; x_wconf 82' lang='grc' dir='ltr'><strong>είς</strong></span> <span class='ocrx_word' id='word_1_302' title='bbox 1430 970 1507 1005; x_wconf 84' lang='grc' dir='ltr'>μῖσος</span> <span class='ocrx_word' id='word_1_303' title='bbox 1520 969 1721 1004; x_wconf 77' lang='grc' dir='ltr'>ἀποκριθῆναι·</span> <span class='ocrx_word' id='word_1_304' title='bbox 1737 970 1764 996; x_wconf 78' lang='grc' dir='ltr'>τὸ</span> <span class='ocrx_word' id='word_1_305' title='bbox 1779 970 1807 997; x_wconf 74' lang='grc' dir='ltr'>δὲ</span> 
     </span>
    </p>
   </div>
   <div class='ocr_carea' id='block_1_49' title="bbox 1024 1015 1806 1052">
    <p class='ocr_par' dir='ltr' id='par_1_49' title="bbox 1024 1015 1806 1052">
     <span class='ocr_line' id='line_1_49' title="bbox 1024 1015 1806 1052; baseline 0 -9"><span class='ocrx_word' id='word_1_306' title='bbox 1024 1016 1074 1052; x_wconf 81' lang='grc' dir='ltr'>τὴν</span> <span class='ocrx_word' id='word_1_307' title='bbox 1093 1016 1149 1043; x_wconf 80' lang='grc' dir='ltr'><strong>τῶν</strong></span> <span class='ocrx_word' id='word_1_308' title='bbox 1172 1015 1332 1051; x_wconf 76' lang='grc' dir='ltr'><strong>ἀρχομένων</strong></span> <span class='ocrx_word' id='word_1_309' title='bbox 1346 1015 1454 1042; x_wconf 72' lang='grc' dir='ltr'>εὔνοιαν</span> <span class='ocrx_word' id='word_1_310' title='bbox 1476 1015 1554 1042; x_wconf 75' lang='grc' dir='ltr'>εἴωθε</span> <span class='ocrx_word' id='word_1_311' title='bbox 1573 1015 1699 1050; x_wconf 85' lang='grc' dir='ltr'>θηρεύειν</span> <span class='ocrx_word' id='word_1_312' title='bbox 1711 1024 1717 1031; x_wconf 93' lang='grc'><strong>·</strong></span> <span class='ocrx_word' id='word_1_313' title='bbox 1734 1016 1806 1051; x_wconf 81' lang='grc' dir='ltr'>δῆλον</span> 
     </span>
    </p>
   </div>
   <div class='ocr_carea' id='block_1_50' title="bbox 1024 1059 1806 1096">
    <p class='ocr_par' dir='ltr' id='par_1_50' title="bbox 1024 1059 1806 1096">
     <span class='ocr_line' id='line_1_50' title="bbox 1024 1059 1806 1096; baseline 0.001 -9"><span class='ocrx_word' id='word_1_314' title='bbox 1024 1060 1052 1087; x_wconf 82' lang='grc' dir='ltr'>δὲ</span> <span class='ocrx_word' id='word_1_315' title='bbox 1069 1060 1100 1087; x_wconf 81' lang='grc' dir='ltr'><strong>τὺ</strong></span> <span class='ocrx_word' id='word_1_316' title='bbox 1119 1061 1147 1087; x_wconf 82' lang='grc' dir='ltr'>ὲν</span> <span class='ocrx_word' id='word_1_317' title='bbox 1169 1060 1243 1096; x_wconf 86' lang='grc' dir='ltr'>πάσῃ</span> <span class='ocrx_word' id='word_1_318' title='bbox 1258 1060 1306 1087; x_wconf 81' lang='grc' dir='ltr'>καὶ</span> <span class='ocrx_word' id='word_1_319' title='bbox 1326 1059 1425 1095; x_wconf 78' lang='grc' dir='ltr'>πράξει</span> <span class='ocrx_word' id='word_1_320' title='bbox 1443 1060 1490 1086; x_wconf 80' lang='grc' dir='ltr'><strong>καὶ</strong></span> <span class='ocrx_word' id='word_1_321' title='bbox 1504 1059 1584 1095; x_wconf 81' lang='grc' dir='ltr'>χρείᾳ</span> <span class='ocrx_word' id='word_1_322' title='bbox 1604 1060 1731 1096; x_wconf 66' lang='grc' dir='ltr'>διάφορον</span> <span class='ocrx_word' id='word_1_323' title='bbox 1745 1062 1806 1088; x_wconf 77' lang='grc' dir='ltr'><strong>ἑκα-</strong></span> 
     </span>
    </p>
   </div>
   <div class='ocr_carea' id='block_1_51' title="bbox 1025 1106 1807 1142">
    <p class='ocr_par' dir='ltr' id='par_1_51' title="bbox 1025 1106 1807 1142">
     <span class='ocr_line' id='line_1_51' title="bbox 1025 1106 1807 1142; baseline 0 -8"><span class='ocrx_word' id='word_1_324' title='bbox 1025 1107 1115 1142; x_wconf 83' lang='grc' dir='ltr'>τέρου.</span> <span class='ocrx_word' id='word_1_325' title='bbox 1137 1108 1168 1133; x_wconf 82' lang='lat' dir='ltr'><strong>El</strong></span> <span class='ocrx_word' id='word_1_326' title='bbox 1183 1106 1212 1134; x_wconf 85' lang='grc' dir='ltr'><em>δέ</em></span> <span class='ocrx_word' id='word_1_327' title='bbox 1224 1115 1250 1133; x_wconf 82' lang='grc' dir='ltr'><strong>τι</strong></span> <span class='ocrx_word' id='word_1_328' title='bbox 1263 1106 1390 1133; x_wconf 81' lang='grc' dir='ltr'>ταπεινὸν</span> <span class='ocrx_word' id='word_1_329' title='bbox 1404 1106 1451 1132; x_wconf 76' lang='grc' dir='ltr'>καὶ</span> <span class='ocrx_word' id='word_1_330' title='bbox 1467 1106 1715 1142; x_wconf 80' lang='grc' dir='ltr'>εὐκαταφρόνητον,</span> <span class='ocrx_word' id='word_1_331' title='bbox 1730 1107 1764 1138; x_wconf 82' lang='grc' dir='ltr'><strong>ὡς</strong></span> <span class='ocrx_word' id='word_1_332' title='bbox 1777 1108 1807 1134; x_wconf 80' lang='grc' dir='ltr'>ἂν</span> 
     </span>
    </p>
   </div>
   <div class='ocr_carea' id='block_1_52' title="bbox 1025 1151 1808 1187">
    <p class='ocr_par' dir='ltr' id='par_1_52' title="bbox 1025 1151 1808 1187">
     <span class='ocr_line' id='line_1_52' title="bbox 1025 1151 1808 1187; baseline 0 -8"><span class='ocrx_word' id='word_1_333' title='bbox 1025 1153 1147 1184; x_wconf 81' lang='grc' dir='ltr'>ὲκεῐυεν,</span> <span class='ocrx_word' id='word_1_334' title='bbox 1169 1151 1333 1187; x_wconf 78' lang='grc' dir='ltr'>ἐπιφύεσθαί</span> <span class='ocrx_word' id='word_1_335' title='bbox 1350 1160 1391 1178; x_wconf 89' lang='grc' dir='ltr'><strong>σοι</strong></span> <span class='ocrx_word' id='word_1_336' title='bbox 1413 1151 1508 1187; x_wconf 80' lang='grc' dir='ltr'>μέλλον</span> <span class='ocrx_word' id='word_1_337' title='bbox 1522 1151 1667 1187; x_wconf 81' lang='grc' dir='ltr'>ὑποτρέχει</span> <span class='ocrx_word' id='word_1_338' title='bbox 1688 1152 1749 1184; x_wconf 73' lang='grc' dir='ltr'>τοὺς</span> <span class='ocrx_word' id='word_1_339' title='bbox 1766 1153 1808 1179; x_wconf 88' lang='grc' dir='ltr'>λο-</span> 
     </span>
    </p>
   </div>
   <div class='ocr_carea' id='block_1_53' title="bbox 1025 1196 1806 1233">
    <p class='ocr_par' dir='ltr' id='par_1_53' title="bbox 1025 1196 1806 1233">
     <span class='ocr_line' id='line_1_53' title="bbox 1025 1196 1806 1233; baseline 0 -9"><span class='ocrx_word' id='word_1_340' title='bbox 1025 1197 1152 1233; x_wconf 82' lang='grc' dir='ltr'>γισμοὺς,</span> <span class='ocrx_word' id='word_1_341' title='bbox 1172 1197 1219 1224; x_wconf 79' lang='grc' dir='ltr'>καὶ</span> <span class='ocrx_word' id='word_1_342' title='bbox 1234 1197 1302 1232; x_wconf 73' lang='grc' dir='ltr'>πρὸς</span> <span class='ocrx_word' id='word_1_343' title='bbox 1320 1197 1370 1232; x_wconf 87' lang='grc' dir='ltr'>τὴν</span> <span class='ocrx_word' id='word_1_344' title='bbox 1391 1196 1545 1232; x_wconf 84' lang='grc' dir='ltr'>συμϐουλὴν</span> <span class='ocrx_word' id='word_1_345' title='bbox 1560 1197 1739 1233; x_wconf 82' lang='grc' dir='ltr'>ὀκνηρότερον</span> <span class='ocrx_word' id='word_1_346' title='bbox 1757 1207 1806 1224; x_wconf 77' lang='grc' dir='ltr'>πα-</span> 
     </span>
    </p>
   </div>
   <div class='ocr_carea' id='block_1_54' title="bbox 1027 1241 1810 1278">
    <p class='ocr_par' dir='ltr' id='par_1_54' title="bbox 1027 1241 1810 1278">
     <span class='ocr_line' id='line_1_54' title="bbox 1027 1241 1810 1278; baseline 0 -9"><span class='ocrx_word' id='word_1_347' title='bbox 1027 1242 1189 1278; x_wconf 75' lang='grc' dir='ltr'>ρασκευάζει</span> <span class='ocrx_word' id='word_1_348' title='bbox 1200 1250 1207 1257; x_wconf 87' lang='grc'><strong>’</strong></span> <span class='ocrx_word' id='word_1_349' title='bbox 1221 1242 1289 1269; x_wconf 83' lang='grc' dir='ltr'>ἀλλὰ</span> <span class='ocrx_word' id='word_1_350' title='bbox 1303 1241 1334 1268; x_wconf 87' lang='grc' dir='ltr'><strong>σύ</strong></span> <span class='ocrx_word' id='word_1_351' title='bbox 1347 1250 1379 1277; x_wconf 85' lang='grc' dir='ltr'>γε</span> <span class='ocrx_word' id='word_1_352' title='bbox 1393 1242 1423 1268; x_wconf 80' lang='grc' dir='ltr'>τὸ</span> <span class='ocrx_word' id='word_1_353' title='bbox 1439 1241 1554 1277; x_wconf 70' lang='grc' dir='ltr'>βεϐηκὸς</span> <span class='ocrx_word' id='word_1_354' title='bbox 1567 1242 1622 1269; x_wconf 84' lang='grc' dir='ltr'>τῶν</span> <span class='ocrx_word' id='word_1_355' title='bbox 1632 1242 1749 1278; x_wconf 84' lang='grc' dir='ltr'>τρόπων,</span> <span class='ocrx_word' id='word_1_356' title='bbox 1764 1243 1810 1270; x_wconf 76' lang='grc' dir='ltr'><strong>καὶ</strong></span> 
     </span>
    </p>
   </div>
   <div class='ocr_carea' id='block_1_55' title="bbox 1025 1287 1808 1325">
    <p class='ocr_par' dir='ltr' id='par_1_55' title="bbox 1025 1287 1808 1325">
     <span class='ocr_line' id='line_1_55' title="bbox 1025 1287 1808 1325; baseline -0.001 -8"><span class='ocrx_word' id='word_1_357' title='bbox 1025 1290 1055 1317; x_wconf 77' lang='grc' dir='ltr'>τὸ</span> <span class='ocrx_word' id='word_1_358' title='bbox 1074 1288 1273 1324; x_wconf 80' lang='grc' dir='ltr'>ὲστηριγμένον</span> <span class='ocrx_word' id='word_1_359' title='bbox 1288 1287 1339 1324; x_wconf 84' lang='grc' dir='ltr'>τῆς</span> <span class='ocrx_word' id='word_1_360' title='bbox 1356 1287 1480 1324; x_wconf 84' lang='grc' dir='ltr'>γνώμης,</span> <span class='ocrx_word' id='word_1_361' title='bbox 1494 1288 1543 1315; x_wconf 77' lang='grc' dir='ltr'><strong>καὶ</strong></span> <span class='ocrx_word' id='word_1_362' title='bbox 1560 1288 1590 1315; x_wconf 73' lang='grc' dir='ltr'>τὸ</span> <span class='ocrx_word' id='word_1_363' title='bbox 1607 1289 1645 1325; x_wconf 81' lang='grc' dir='ltr'>μὴ</span> <span class='ocrx_word' id='word_1_364' title='bbox 1669 1291 1808 1325; x_wconf 79' lang='grc' dir='ltr'>προσανεῖ-</span> 
     </span>
    </p>
   </div>
   <div class='ocr_carea' id='block_1_56' title="bbox 1026 1332 1810 1368">
    <p class='ocr_par' dir='ltr' id='par_1_56' title="bbox 1026 1332 1810 1368">
     <span class='ocr_line' id='line_1_56' title="bbox 1026 1332 1810 1368; baseline 0 -7"><span class='ocrx_word' id='word_1_365' title='bbox 1026 1334 1089 1362; x_wconf 82' lang='grc' dir='ltr'>σῡαι</span> <span class='ocrx_word' id='word_1_366' title='bbox 1118 1333 1212 1366; x_wconf 80' lang='grc' dir='ltr'>κόλαξι</span> <span class='ocrx_word' id='word_1_367' title='bbox 1248 1334 1294 1360; x_wconf 67' lang='grc' dir='ltr'><strong>καὶ</strong></span> <span class='ocrx_word' id='word_1_368' title='bbox 1323 1332 1488 1368; x_wconf 85' lang='grc' dir='ltr'>βωμολόχοις</span> <span class='ocrx_word' id='word_1_369' title='bbox 1514 1333 1636 1366; x_wconf 80' lang='grc' dir='ltr'>τούτοις,</span> <span class='ocrx_word' id='word_1_370' title='bbox 1667 1334 1810 1367; x_wconf 73' lang='grc' dir='ltr'>ἀντιτάξας</span> 
     </span>
    </p>
   </div>
   <div class='ocr_carea' id='block_1_57' title="bbox 1025 1378 1810 1416">
    <p class='ocr_par' dir='ltr' id='par_1_57' title="bbox 1025 1378 1810 1416">
     <span class='ocr_line' id='line_1_57' title="bbox 1025 1378 1810 1416; baseline 0 -10"><span class='ocrx_word' id='word_1_371' title='bbox 1025 1380 1176 1416; x_wconf 83' lang='grc' dir='ltr'>σεμνότητα</span> <span class='ocrx_word' id='word_1_372' title='bbox 1191 1380 1271 1414; x_wconf 83' lang='grc' dir='ltr'>φίλην</span> <span class='ocrx_word' id='word_1_373' title='bbox 1282 1387 1288 1394; x_wconf 94' lang='grc'><strong>·</strong></span> <span class='ocrx_word' id='word_1_374' title='bbox 1303 1379 1334 1406; x_wconf 81' lang='grc' dir='ltr'>εὖ</span> <span class='ocrx_word' id='word_1_375' title='bbox 1349 1378 1403 1405; x_wconf 77' lang='grc' dir='ltr'>ἴσοι</span> <span class='ocrx_word' id='word_1_376' title='bbox 1418 1379 1493 1414; x_wconf 79' lang='grc' dir='ltr'>παρὰ</span> <span class='ocrx_word' id='word_1_377' title='bbox 1506 1381 1562 1410; x_wconf 79' lang='grc' dir='ltr'>τοῖς</span> <span class='ocrx_word' id='word_1_378' title='bbox 1577 1379 1749 1415; x_wconf 78' lang='grc' dir='ltr'>ἀρχομένοις,</span> <span class='ocrx_word' id='word_1_379' title='bbox 1763 1381 1810 1406; x_wconf 81' lang='grc' dir='ltr'><strong>καὶ</strong></span> 
     </span>
    </p>
   </div>
   <div class='ocr_carea' id='block_1_58' title="bbox 1025 1425 1809 1462">
    <p class='ocr_par' dir='ltr' id='par_1_58' title="bbox 1025 1425 1809 1462">
     <span class='ocr_line' id='line_1_58' title="bbox 1025 1425 1809 1462; baseline -0.001 -9"><span class='ocrx_word' id='word_1_380' title='bbox 1025 1427 1154 1461; x_wconf 86' lang='grc' dir='ltr'>γλυκεῖαν</span> <span class='ocrx_word' id='word_1_381' title='bbox 1172 1425 1249 1457; x_wconf 86' lang='grc' dir='ltr'>αίδὼ,</span> <span class='ocrx_word' id='word_1_382' title='bbox 1265 1426 1314 1461; x_wconf 81' lang='grc' dir='ltr'>τῆς</span> <span class='ocrx_word' id='word_1_383' title='bbox 1334 1427 1520 1462; x_wconf 81' lang='grc' dir='ltr'>στρατηγικῆς</span> <span class='ocrx_word' id='word_1_384' title='bbox 1535 1426 1670 1461; x_wconf 74' lang='grc' dir='ltr'>χλανίδος,</span> <span class='ocrx_word' id='word_1_385' title='bbox 1683 1426 1809 1462; x_wconf 79' lang='grc' dir='ltr'>λαμπρό-</span> 
     </span>
    </p>
   </div>
   <div class='ocr_carea' id='block_1_59' title="bbox 1024 1470 1811 1507">
    <p class='ocr_par' dir='ltr' id='par_1_59' title="bbox 1024 1470 1811 1507">
     <span class='ocr_line' id='line_1_59' title="bbox 1024 1470 1811 1507; baseline -0.001 -9"><span class='ocrx_word' id='word_1_386' title='bbox 1024 1480 1105 1507; x_wconf 84' lang='grc' dir='ltr'>τερον</span> <span class='ocrx_word' id='word_1_387' title='bbox 1119 1471 1225 1507; x_wconf 80' lang='grc' dir='ltr'>όφθήσῃ</span> <span class='ocrx_word' id='word_1_388' title='bbox 1241 1470 1474 1506; x_wconf 82' lang='grc' dir='ltr'>περιϐεϐλημένος</span> <span class='ocrx_word' id='word_1_389' title='bbox 1484 1479 1491 1486; x_wconf 93' lang='grc'>·</span> <span class='ocrx_word' id='word_1_390' title='bbox 1508 1471 1556 1497; x_wconf 75' lang='grc' dir='ltr'><strong>καὶ</strong></span> <span class='ocrx_word' id='word_1_391' title='bbox 1568 1471 1622 1498; x_wconf 85' lang='grc' dir='ltr'><strong>τῶν</strong></span> <span class='ocrx_word' id='word_1_392' title='bbox 1637 1471 1683 1498; x_wconf 73' lang='grc' dir='ltr'><strong>ἐπὶ</strong></span> <span class='ocrx_word' id='word_1_393' title='bbox 1696 1471 1811 1506; x_wconf 86' lang='grc' dir='ltr'>σοϐαρό-</span> 
     </span>
    </p>
   </div>
   <div class='ocr_carea' id='block_1_60' title="bbox 1024 1514 1812 1551">
    <p class='ocr_par' dir='ltr' id='par_1_60' title="bbox 1024 1514 1812 1551">
     <span class='ocr_line' id='line_1_60' title="bbox 1024 1514 1812 1551; baseline -0.001 -9"><span class='ocrx_word' id='word_1_394' title='bbox 1024 1525 1085 1551; x_wconf 83' lang='grc' dir='ltr'>τητι</span> <span class='ocrx_word' id='word_1_395' title='bbox 1103 1515 1150 1542; x_wconf 74' lang='grc' dir='ltr'><strong>καὶ</strong></span> <span class='ocrx_word' id='word_1_396' title='bbox 1170 1515 1244 1550; x_wconf 74' lang='grc' dir='ltr'><strong>ἠθῶν</strong></span> <span class='ocrx_word' id='word_1_397' title='bbox 1259 1514 1409 1550; x_wconf 79' lang='grc' dir='ltr'>τραχύτητι</span> <span class='ocrx_word' id='word_1_398' title='bbox 1427 1515 1498 1549; x_wconf 87' lang='grc' dir='ltr'>μέγα</span> <span class='ocrx_word' id='word_1_399' title='bbox 1518 1515 1688 1550; x_wconf 83' lang='grc' dir='ltr'>φρονούντων</span> <span class='ocrx_word' id='word_1_400' title='bbox 1712 1515 1812 1542; x_wconf 84' lang='grc' dir='ltr'>εὐστα-</span> 
     </span>
    </p>
   </div>
   <div class='ocr_carea' id='block_1_61' title="bbox 1026 1559 1815 1597">
    <p class='ocr_par' dir='ltr' id='par_1_61' title="bbox 1026 1559 1815 1597">
     <span class='ocr_line' id='line_1_61' title="bbox 1026 1559 1815 1597; baseline -0.001 -9"><span class='ocrx_word' id='word_1_401' title='bbox 1026 1562 1154 1597; x_wconf 78' lang='grc' dir='ltr'>οέστερον</span> <span class='ocrx_word' id='word_1_402' title='bbox 1170 1560 1242 1587; x_wconf 81' lang='grc' dir='ltr'>κατὰ</span> <span class='ocrx_word' id='word_1_403' title='bbox 1256 1559 1329 1587; x_wconf 64' lang='grc' dir='ltr'>πολὺ</span> <span class='ocrx_word' id='word_1_404' title='bbox 1339 1560 1386 1586; x_wconf 74' lang='grc' dir='ltr'><strong>καὶ</strong></span> <span class='ocrx_word' id='word_1_405' title='bbox 1401 1559 1574 1596; x_wconf 83' lang='grc' dir='ltr'>βεϐαιότερον</span> <span class='ocrx_word' id='word_1_406' title='bbox 1589 1560 1768 1596; x_wconf 75' lang='grc' dir='ltr'>ὲπιδειχῦήσῃ</span> <span class='ocrx_word' id='word_1_407' title='bbox 1782 1560 1815 1587; x_wconf 77' lang='grc' dir='ltr'>τὸ</span> 
     </span>
    </p>
   </div>
   <div class='ocr_carea' id='block_1_62' title="bbox 178 1605 970 1645">
    <p class='ocr_par' dir='ltr' id='par_1_62' title="bbox 178 1607 970 1645">
     <span class='ocr_line' id='line_1_62' title="bbox 178 1607 970 1645; baseline 0.004 -11"><span class='ocrx_word' id='word_1_408' title='bbox 178 1607 302 1635; x_wconf 84' lang='lat' dir='ltr'><strong>subditos</strong></span> <span class='ocrx_word' id='word_1_409' title='bbox 317 1607 376 1641; x_wconf 88' lang='lat' dir='ltr'><strong>tibi,</strong></span> <span class='ocrx_word' id='word_1_410' title='bbox 396 1616 560 1644; x_wconf 89' lang='lat' dir='ltr'><strong>quocunque</strong></span> <span class='ocrx_word' id='word_1_411' title='bbox 576 1610 706 1643; x_wconf 73' lang='lat' dir='ltr'><strong>volueris,</strong></span> <span class='ocrx_word' id='word_1_412' title='bbox 726 1610 872 1645; x_wconf 75' lang='lat' dir='ltr'><strong>perduces,</strong></span> <span class='ocrx_word' id='word_1_413' title='bbox 888 1609 970 1637; x_wconf 77' lang='lat' dir='ltr'><strong>multo</strong></span> 
     </span>
    </p>
   </div>
   <div class='ocr_carea' id='block_1_63' title="bbox 1031 1605 1311 1645">
    <p class='ocr_par' dir='ltr' id='par_1_63' title="bbox 1031 1605 1311 1643">
     <span class='ocr_line' id='line_1_63' title="bbox 1031 1605 1311 1643; baseline -0.007 -9"><span class='ocrx_word' id='word_1_414' title='bbox 1031 1608 1146 1643; x_wconf 69' lang='grc' dir='ltr'>δπήκοον</span> <span class='ocrx_word' id='word_1_415' title='bbox 1160 1614 1194 1632; x_wconf 85' lang='grc' dir='ltr'><strong>πε</strong></span> <span class='ocrx_word' id='word_1_416' title='bbox 1198 1605 1311 1641; x_wconf 80' lang='grc' dir='ltr'>ριάγων.</span> 
     </span>
    </p>
   </div>
   <div class='ocr_carea' id='block_1_64' title="bbox 175 1652 970 1693">
    <p class='ocr_par' dir='ltr' id='par_1_64' title="bbox 175 1654 967 1693">
     <span class='ocr_line' id='line_1_64' title="bbox 175 1654 967 1693; baseline 0.005 -12"><span class='ocrx_word' id='word_1_417' title='bbox 175 1654 314 1682; x_wconf 76' lang='lat' dir='ltr'><strong>eﬂicaeius</strong></span> <span class='ocrx_word' id='word_1_418' title='bbox 324 1659 352 1682; x_wconf 87' lang='lat' dir='ltr'><strong>et</strong></span> <span class='ocrx_word' id='word_1_419' title='bbox 364 1656 542 1684; x_wconf 86' lang='lat' dir='ltr'><strong>constantiori</strong></span> <span class='ocrx_word' id='word_1_420' title='bbox 555 1661 660 1690; x_wconf 87' lang='lat' dir='ltr'><strong>tenore,</strong></span> <span class='ocrx_word' id='word_1_421' title='bbox 677 1665 758 1693; x_wconf 89' lang='lat' dir='ltr'><strong>quam</strong></span> <span class='ocrx_word' id='word_1_422' title='bbox 775 1657 822 1692; x_wconf 91' lang='lat' dir='ltr'><strong>qui</strong></span> <span class='ocrx_word' id='word_1_423' title='bbox 835 1658 869 1686; x_wconf 86' lang='lat' dir='ltr'><strong>de</strong></span> <span class='ocrx_word' id='word_1_424' title='bbox 896 1657 967 1686; x_wconf 78' lang='lat' dir='ltr'><strong>[astu</strong></span> 
     </span>
    </p>
   </div>
   <div class='ocr_carea' id='block_1_65' title="bbox 1031 1652 1816 1693">
    <p class='ocr_par' dir='ltr' id='par_1_65' title="bbox 1031 1652 1816 1688">
     <span class='ocr_line' id='line_1_65' title="bbox 1031 1652 1816 1688; baseline -0.003 -5"><span class='ocrx_word' id='word_1_425' title='bbox 1031 1654 1175 1687; x_wconf 70' lang='grc' dir='ltr'>ιοτεὶιίοεο,</span> <span class='ocrx_word' id='word_1_426' title='bbox 1194 1657 1220 1681; x_wconf 80' lang='lat' dir='ltr'><strong>et</strong></span> <span class='ocrx_word' id='word_1_427' title='bbox 1234 1660 1340 1681; x_wconf 89' lang='lat' dir='ltr'><strong>morum</strong></span> <span class='ocrx_word' id='word_1_428' title='bbox 1369 1652 1525 1687; x_wconf 85' lang='lat' dir='ltr'><strong>asperitate,</strong></span> <span class='ocrx_word' id='word_1_429' title='bbox 1560 1661 1674 1688; x_wconf 79' lang='lat' dir='ltr'><strong>magnos</strong></span> <span class='ocrx_word' id='word_1_430' title='bbox 1691 1653 1742 1681; x_wconf 83' lang='lat' dir='ltr'><strong>sibi</strong></span> <span class='ocrx_word' id='word_1_431' title='bbox 1764 1662 1816 1681; x_wconf 69' lang='grc' dir='ltr'>ευ·-</span> 
     </span>
    </p>
   </div>
   <div class='ocr_carea' id='block_1_66' title="bbox 180 1701 393 1736">
    <p class='ocr_par' dir='ltr' id='par_1_66' title="bbox 180 1701 393 1736">
     <span class='ocr_line' id='line_1_66' title="bbox 180 1701 393 1736; baseline 0 -8"><span class='ocrx_word' id='word_1_432' title='bbox 180 1705 258 1728; x_wconf 88' lang='lat' dir='ltr'><strong>munt</strong></span> <span class='ocrx_word' id='word_1_433' title='bbox 271 1701 393 1736; x_wconf 85' lang='lat' dir='ltr'><strong>spiritus.</strong></span> 
     </span>
    </p>
   </div>
   <div class='ocr_carea' id='block_1_67' title="bbox 464 1748 687 1777">
    <p class='ocr_par' dir='ltr' id='par_1_67' title="bbox 464 1748 687 1777">
     <span class='ocr_line' id='line_1_67' title="bbox 464 1748 687 1777; baseline 0.009 -2"><span class='ocrx_word' id='word_1_434' title='bbox 464 1748 572 1777; x_wconf 86' lang='lat' dir='ltr'><strong>EPIST.</strong></span> <span class='ocrx_word' id='word_1_435' title='bbox 590 1749 687 1777; x_wconf 52' lang='lat' dir='ltr'><strong>XXIV.</strong></span> 
     </span>
    </p>
   </div>
   <div class='ocr_carea' id='block_1_68' title="bbox 238 1794 910 1833">
    <p class='ocr_par' dir='ltr' id='par_1_68' title="bbox 238 1794 910 1833">
     <span class='ocr_line' id='line_1_68' title="bbox 238 1794 910 1833; baseline 0.004 -11"><span class='ocrx_word' id='word_1_436' title='bbox 238 1794 338 1822; x_wconf 79' lang='lat' dir='ltr'><strong>Joanm&#39;</strong></span> <span class='ocrx_word' id='word_1_437' title='bbox 352 1794 465 1827; x_wconf 71' lang='lat' dir='ltr'><strong>patricio</strong></span> <span class='ocrx_word' id='word_1_438' title='bbox 487 1800 513 1822; x_wconf 86' lang='lat' dir='ltr'><strong>et</strong></span> <span class='ocrx_word' id='word_1_439' title='bbox 529 1795 664 1823; x_wconf 78' lang='lat' dir='ltr'><strong>sacellauo</strong></span> <span class='ocrx_word' id='word_1_440' title='bbox 678 1797 750 1824; x_wconf 69' lang='lat' dir='ltr'><strong>apud</strong></span> <span class='ocrx_word' id='word_1_441' title='bbox 766 1797 910 1833; x_wconf 71' lang='lat' dir='ltr'><strong>Augurius.</strong></span> 
     </span>
    </p>
   </div>
   <div class='ocr_carea' id='block_1_69' title="bbox 1315 1746 1511 1774">
    <p class='ocr_par' dir='ltr' id='par_1_69' title="bbox 1315 1746 1511 1774">
     <span class='ocr_line' id='line_1_69' title="bbox 1315 1746 1511 1774; baseline 0.005 -2"><span class='ocrx_word' id='word_1_442' title='bbox 1315 1746 1428 1774; x_wconf 77' lang='grc' dir='ltr'><strong>ΕΠΙΣΤ.</strong></span> <span class='ocrx_word' id='word_1_443' title='bbox 1448 1746 1511 1773; x_wconf 70' lang='lat' dir='ltr'><strong>KA&#39;.</strong></span> 
     </span>
    </p>
   </div>
   <div class='ocr_carea' id='block_1_70' title="bbox 1027 1791 1816 1861">
    <p class='ocr_par' dir='ltr' id='par_1_70' title="bbox 1027 1791 1816 1861">
     <span class='ocr_line' id='line_1_70' title="bbox 1027 1791 1816 1861; baseline 0.003 -41"><span class='ocrx_word' id='word_1_444' title='bbox 1027 1792 1152 1827; x_wconf 80' lang='grc' dir='ltr'>Ἰωάννῃ</span> <span class='ocrx_word' id='word_1_445' title='bbox 1177 1792 1319 1826; x_wconf 81' lang='grc' dir='ltr'>πατρικίῳ</span> <span class='ocrx_word' id='word_1_446' title='bbox 1328 1791 1613 1861; x_wconf 50' lang='grc' dir='ltr'><strong>Ακγαγίουῖῗέιῧέλαρίῳ</strong></span> <span class='ocrx_word' id='word_1_447' title='bbox 1641 1794 1716 1821; x_wconf 79' lang='grc' dir='ltr'>κατὰ</span> <span class='ocrx_word' id='word_1_448' title='bbox 1740 1795 1816 1828; x_wconf 80' lang='grc' dir='ltr'>τοὺς</span> 
     </span>
    </p>
   </div>
   <div class='ocr_carea' id='block_1_71' title="bbox 805 1874 1195 1908">
    <p class='ocr_par' dir='ltr' id='par_1_71' title="bbox 805 1874 1195 1908">
     <span class='ocr_line' id='line_1_71' title="bbox 805 1874 1195 1908; baseline -0.008 -6"><span class='ocrx_word' id='word_1_449' title='bbox 805 1877 940 1902; x_wconf 76' lang='lat' dir='ltr'><strong>Montacut.</strong></span> <span class='ocrx_word' id='word_1_450' title='bbox 959 1875 1011 1908; x_wconf 82' lang='lat' dir='ltr'><strong>(ep.</strong></span> <span class='ocrx_word' id='word_1_451' title='bbox 1029 1875 1068 1906; x_wconf 79' lang='lat'><strong>75,</strong></span> <span class='ocrx_word' id='word_1_452' title='bbox 1084 1882 1110 1907; x_wconf 89' lang='lat' dir='ltr'><strong>p.</strong></span> <span class='ocrx_word' id='word_1_453' title='bbox 1129 1874 1195 1907; x_wconf 75' lang='lat'><strong>122).</strong></span> 
     </span>
    </p>
   </div>
   <div class='ocr_carea' id='block_1_72' title="bbox 214 1929 971 1967">
    <p class='ocr_par' dir='ltr' id='par_1_72' title="bbox 214 1929 971 1967">
     <span class='ocr_line' id='line_1_72' title="bbox 214 1929 971 1967; baseline 0.007 -12"><span class='ocrx_word' id='word_1_454' title='bbox 214 1929 332 1957; x_wconf 81' lang='lat' dir='ltr'><strong>Omnino</strong></span> <span class='ocrx_word' id='word_1_455' title='bbox 345 1930 412 1958; x_wconf 87' lang='lat' dir='ltr'><strong>mihi</strong></span> <span class='ocrx_word' id='word_1_456' title='bbox 422 1935 496 1959; x_wconf 84' lang='lat' dir='ltr'><strong>recte</strong></span> <span class='ocrx_word' id='word_1_457' title='bbox 511 1935 539 1959; x_wconf 86' lang='lat' dir='ltr'><strong>et</strong></span> <span class='ocrx_word' id='word_1_458' title='bbox 552 1931 690 1967; x_wconf 82' lang='lat' dir='ltr'><strong>sapienter</strong></span> <span class='ocrx_word' id='word_1_459' title='bbox 700 1933 765 1960; x_wconf 93' lang='lat' dir='ltr'><strong>olim</strong></span> <span class='ocrx_word' id='word_1_460' title='bbox 781 1933 882 1960; x_wconf 81' lang='lat' dir='ltr'><strong>uictum</strong></span> <span class='ocrx_word' id='word_1_461' title='bbox 893 1932 971 1960; x_wconf 80' lang='lat' dir='ltr'><strong>vide-</strong></span> 
     </span>
    </p>
   </div>
   <div class='ocr_carea' id='block_1_73' title="bbox 180 1976 967 2012">
    <p class='ocr_par' dir='ltr' id='par_1_73' title="bbox 180 1976 967 2012">
     <span class='ocr_line' id='line_1_73' title="bbox 180 1976 967 2012; baseline 0.005 -10"><span class='ocrx_word' id='word_1_462' title='bbox 180 1979 233 2008; x_wconf 88' lang='lat' dir='ltr'><strong>tur,</strong></span> <span class='ocrx_word' id='word_1_463' title='bbox 252 1976 407 2004; x_wconf 83' lang='lat' dir='ltr'><strong>ascendisse</strong></span> <span class='ocrx_word' id='word_1_464' title='bbox 431 1978 540 2012; x_wconf 86' lang='lat' dir='ltr'><strong>quidem</strong></span> <span class='ocrx_word' id='word_1_465' title='bbox 567 1979 668 2007; x_wconf 87' lang='lat' dir='ltr'><strong>multos</strong></span> <span class='ocrx_word' id='word_1_466' title='bbox 682 1979 711 2007; x_wconf 91' lang='lat' dir='ltr'><strong>in</strong></span> <span class='ocrx_word' id='word_1_467' title='bbox 739 1979 864 2007; x_wconf 89' lang='lat' dir='ltr'><strong>arborem</strong></span> <span class='ocrx_word' id='word_1_468' title='bbox 883 1979 967 2010; x_wconf 81' lang='lat' dir='ltr'><strong>illam,</strong></span> 
     </span>
    </p>
   </div>
   <div class='ocr_carea' id='block_1_74' title="bbox 178 2021 967 2056">
    <p class='ocr_par' dir='ltr' id='par_1_74' title="bbox 178 2021 967 2056">
     <span class='ocr_line' id='line_1_74' title="bbox 178 2021 967 2056; baseline 0.006 -10"><span class='ocrx_word' id='word_1_469' title='bbox 178 2027 241 2055; x_wconf 69' lang='lat' dir='ltr'><strong>quas</strong></span> <span class='ocrx_word' id='word_1_470' title='bbox 263 2021 386 2056; x_wconf 82' lang='lat' dir='ltr'><strong>tyrannis</strong></span> <span class='ocrx_word' id='word_1_471' title='bbox 400 2022 577 2049; x_wconf 84' lang='lat' dir='ltr'><strong>nominatur:</strong></span> <span class='ocrx_word' id='word_1_472' title='bbox 600 2023 744 2051; x_wconf 83' lang='lat' dir='ltr'><strong>descendit</strong></span> <span class='ocrx_word' id='word_1_473' title='bbox 759 2029 852 2051; x_wconf 89' lang='lat' dir='ltr'><strong>autem</strong></span> <span class='ocrx_word' id='word_1_474' title='bbox 875 2023 967 2050; x_wconf 86' lang='lat' dir='ltr'><strong>nullus</strong></span> 
     </span>
    </p>
   </div>
   <div class='ocr_carea' id='block_1_75' title="bbox 178 2066 964 2104">
    <p class='ocr_par' dir='ltr' id='par_1_75' title="bbox 178 2066 964 2104">
     <span class='ocr_line' id='line_1_75' title="bbox 178 2066 964 2104; baseline 0.004 -11"><span class='ocrx_word' id='word_1_475' title='bbox 178 2066 280 2099; x_wconf 86' lang='lat' dir='ltr'><strong>denuo,</strong></span> <span class='ocrx_word' id='word_1_476' title='bbox 292 2066 340 2094; x_wconf 85' lang='lat' dir='ltr'><strong>sed</strong></span> <span class='ocrx_word' id='word_1_477' title='bbox 353 2067 451 2102; x_wconf 79' lang='lat' dir='ltr'><strong>singuli</strong></span> <span class='ocrx_word' id='word_1_478' title='bbox 466 2068 545 2094; x_wconf 86' lang='lat' dir='ltr'><strong>ruina</strong></span> <span class='ocrx_word' id='word_1_479' title='bbox 559 2068 774 2104; x_wconf 65' lang='lat' dir='ltr'><strong>prwcipitantur.</strong></span> <span class='ocrx_word' id='word_1_480' title='bbox 787 2069 881 2104; x_wconf 82' lang='lat' dir='ltr'><strong>Itaque</strong></span> <span class='ocrx_word' id='word_1_481' title='bbox 898 2069 964 2104; x_wconf 89' lang='lat' dir='ltr'><strong>quid</strong></span> 
     </span>
    </p>
   </div>
   <div class='ocr_carea' id='block_1_76' title="bbox 178 2112 965 2149">
    <p class='ocr_par' dir='ltr' id='par_1_76' title="bbox 178 2112 965 2149">
     <span class='ocr_line' id='line_1_76' title="bbox 178 2112 965 2149; baseline 0.005 -11"><span class='ocrx_word' id='word_1_482' title='bbox 178 2112 246 2139; x_wconf 89' lang='lat' dir='ltr'><strong>adeo</strong></span> <span class='ocrx_word' id='word_1_483' title='bbox 263 2112 423 2140; x_wconf 82' lang='lat' dir='ltr'><strong>intumescis</strong></span> <span class='ocrx_word' id='word_1_484' title='bbox 438 2117 466 2140; x_wconf 88' lang='lat' dir='ltr'><strong>et</strong></span> <span class='ocrx_word' id='word_1_485' title='bbox 484 2113 602 2141; x_wconf 81' lang='lat' dir='ltr'><strong>exsultas</strong></span> <span class='ocrx_word' id='word_1_486' title='bbox 611 2114 659 2141; x_wconf 80' lang='lat' dir='ltr'><strong>tu?</strong></span> <span class='ocrx_word' id='word_1_487' title='bbox 679 2114 720 2141; x_wconf 88' lang='lat' dir='ltr'><strong>Tu</strong></span> <span class='ocrx_word' id='word_1_488' title='bbox 742 2115 863 2142; x_wconf 90' lang='lat' dir='ltr'><strong>nondum</strong></span> <span class='ocrx_word' id='word_1_489' title='bbox 883 2122 965 2149; x_wconf 86' lang='lat' dir='ltr'><strong>super</strong></span> 
     </span>
    </p>
   </div>
   <div class='ocr_carea' id='block_1_77' title="bbox 178 2158 966 2194">
    <p class='ocr_par' dir='ltr' id='par_1_77' title="bbox 178 2158 966 2194">
     <span class='ocr_line' id='line_1_77' title="bbox 178 2158 966 2194; baseline -0.001 -7"><span class='ocrx_word' id='word_1_490' title='bbox 178 2165 269 2187; x_wconf 85' lang='lat' dir='ltr'><strong>ramos</strong></span> <span class='ocrx_word' id='word_1_491' title='bbox 286 2158 369 2193; x_wconf 84' lang='lat' dir='ltr'><strong>hujus</strong></span> <span class='ocrx_word' id='word_1_492' title='bbox 383 2158 500 2192; x_wconf 86' lang='lat' dir='ltr'><strong>arboris,</strong></span> <span class='ocrx_word' id='word_1_493' title='bbox 524 2159 614 2194; x_wconf 77' lang='lat' dir='ltr'><strong>gravis</strong></span> <span class='ocrx_word' id='word_1_494' title='bbox 630 2163 768 2194; x_wconf 87' lang='lat' dir='ltr'><strong>utcunque</strong></span> <span class='ocrx_word' id='word_1_495' title='bbox 787 2164 816 2187; x_wconf 86' lang='lat' dir='ltr'><strong>et</strong></span> <span class='ocrx_word' id='word_1_496' title='bbox 845 2160 966 2187; x_wconf 88' lang='lat' dir='ltr'><strong>tumidus</strong></span> 
     </span>
    </p>
   </div>
   <div class='ocr_carea' id='block_1_78' title="bbox 178 2201 967 2238">
    <p class='ocr_par' dir='ltr' id='par_1_78' title="bbox 178 2201 967 2238">
     <span class='ocr_line' id='line_1_78' title="bbox 178 2201 967 2238; baseline 0 -8"><span class='ocrx_word' id='word_1_497' title='bbox 178 2201 372 2234; x_wconf 61' lang='lat' dir='ltr'><strong>conecendisti,</strong></span> <span class='ocrx_word' id='word_1_498' title='bbox 384 2202 432 2230; x_wconf 82' lang='lat' dir='ltr'><strong>sed</strong></span> <span class='ocrx_word' id='word_1_499' title='bbox 446 2202 609 2238; x_wconf 86' lang='lat' dir='ltr'><strong>insipienter</strong></span> <span class='ocrx_word' id='word_1_500' title='bbox 625 2203 653 2230; x_wconf 91' lang='lat' dir='ltr'><strong>in</strong></span> <span class='ocrx_word' id='word_1_501' title='bbox 670 2203 736 2238; x_wconf 88' lang='lat' dir='ltr'><strong>ipsis</strong></span> <span class='ocrx_word' id='word_1_502' title='bbox 750 2204 867 2231; x_wconf 80' lang='lat' dir='ltr'><strong>cautium</strong></span> <span class='ocrx_word' id='word_1_503' title='bbox 894 2203 967 2231; x_wconf 78' lang='lat' dir='ltr'><strong>foliis</strong></span> 
     </span>
    </p>
   </div>
   <div class='ocr_carea' id='block_1_79' title="bbox 177 2245 311 2274">
    <p class='ocr_par' dir='ltr' id='par_1_79' title="bbox 177 2245 311 2274">
     <span class='ocr_line' id='line_1_79' title="bbox 177 2245 311 2274; baseline -0.015 0"><span class='ocrx_word' id='word_1_504' title='bbox 177 2245 311 2274; x_wconf 84' lang='lat' dir='ltr'><strong>cveheris.</strong></span> 
     </span>
    </p>
   </div>
   <div class='ocr_carea' id='block_1_80' title="bbox 457 2293 670 2329">
    <p class='ocr_par' dir='ltr' id='par_1_80' title="bbox 457 2293 670 2329">
     <span class='ocr_line' id='line_1_80' title="bbox 457 2293 670 2329; baseline -0.005 -1"><span class='ocrx_word' id='word_1_505' title='bbox 457 2293 569 2328; x_wconf 71' lang='lat' dir='ltr'><strong>EPIST.</strong></span> <span class='ocrx_word' id='word_1_506' title='bbox 587 2301 670 2329; x_wconf 87' lang='lat' dir='ltr'><strong>xxv.</strong></span> 
     </span>
    </p>
   </div>
   <div class='ocr_carea' id='block_1_81' title="bbox 462 2346 674 2379">
    <p class='ocr_par' dir='ltr' id='par_1_81' title="bbox 462 2346 674 2379">
     <span class='ocr_line' id='line_1_81' title="bbox 462 2346 674 2379; baseline 0.009 -6"><span class='ocrx_word' id='word_1_507' title='bbox 462 2346 571 2374; x_wconf 73' lang='lat' dir='ltr'><strong>Tarasio</strong></span> <span class='ocrx_word' id='word_1_508' title='bbox 585 2348 674 2379; x_wconf 76' lang='lat' dir='ltr'><strong>fratri.</strong></span> 
     </span>
    </p>
   </div>
   <div class='ocr_carea' id='block_1_82' title="bbox 1057 1928 1818 1964">
    <p class='ocr_par' dir='ltr' id='par_1_82' title="bbox 1057 1928 1818 1964">
     <span class='ocr_line' id='line_1_82' title="bbox 1057 1928 1818 1964; baseline 0.005 -9"><span class='ocrx_word' id='word_1_509' title='bbox 1057 1929 1125 1955; x_wconf 77' lang='grc' dir='ltr'>Λίαν</span> <span class='ocrx_word' id='word_1_510' title='bbox 1146 1928 1240 1964; x_wconf 77' lang='grc' dir='ltr'>ἔμοιγε</span> <span class='ocrx_word' id='word_1_511' title='bbox 1255 1928 1330 1956; x_wconf 83' lang='grc' dir='ltr'>δοκεῖ</span> <span class='ocrx_word' id='word_1_512' title='bbox 1351 1928 1441 1961; x_wconf 81' lang='grc' dir='ltr'>καλῶς</span> <span class='ocrx_word' id='word_1_513' title='bbox 1465 1930 1512 1956; x_wconf 78' lang='grc' dir='ltr'><strong>καὶ</strong></span> <span class='ocrx_word' id='word_1_514' title='bbox 1528 1931 1648 1961; x_wconf 81' lang='grc' dir='ltr'>συνετῶς</span> <span class='ocrx_word' id='word_1_515' title='bbox 1681 1932 1697 1957; x_wconf 83' lang='grc' dir='ltr'><strong><em>ὁ</em></strong></span> <span class='ocrx_word' id='word_1_516' title='bbox 1725 1932 1818 1959; x_wconf 74' lang='grc' dir='ltr'>πάλαι</span> 
     </span>
    </p>
   </div>
   <div class='ocr_carea' id='block_1_83' title="bbox 1019 1973 1820 2011">
    <p class='ocr_par' dir='ltr' id='par_1_83' title="bbox 1019 1973 1820 2011">
     <span class='ocr_line' id='line_1_83' title="bbox 1019 1973 1820 2011; baseline 0.004 -10"><span class='ocrx_word' id='word_1_517' title='bbox 1019 1973 1164 2009; x_wconf 82' lang='grc' dir='ltr'>λεγόμενος</span> <span class='ocrx_word' id='word_1_518' title='bbox 1180 1974 1251 2009; x_wconf 76' lang='grc' dir='ltr'>ἔχειν</span> <span class='ocrx_word' id='word_1_519' title='bbox 1271 1974 1361 2008; x_wconf 84' lang='grc' dir='ltr'>λόγος,</span> <span class='ocrx_word' id='word_1_520' title='bbox 1375 1974 1413 2006; x_wconf 87' lang='grc' dir='ltr'><strong>ὡς</strong></span> <span class='ocrx_word' id='word_1_521' title='bbox 1428 1975 1563 2010; x_wconf 78' lang='grc' dir='ltr'>ἀνέϐησαν</span> <span class='ocrx_word' id='word_1_522' title='bbox 1582 1975 1631 2010; x_wconf 84' lang='grc' dir='ltr'>μὲν</span> <span class='ocrx_word' id='word_1_523' title='bbox 1649 1976 1700 2011; x_wconf 70' lang='grc' dir='ltr'>ἠδη</span> <span class='ocrx_word' id='word_1_524' title='bbox 1716 1978 1820 2004; x_wconf 74' lang='grc' dir='ltr'>πολλοὶ</span> 
     </span>
    </p>
   </div>
   <div class='ocr_carea' id='block_1_84' title="bbox 1017 2019 1809 2057">
    <p class='ocr_par' dir='ltr' id='par_1_84' title="bbox 1017 2019 1809 2057">
     <span class='ocr_line' id='line_1_84' title="bbox 1017 2019 1809 2057; baseline 0.005 -12"><span class='ocrx_word' id='word_1_525' title='bbox 1017 2021 1064 2046; x_wconf 78' lang='grc' dir='ltr'><strong>ἐπὶ</strong></span> <span class='ocrx_word' id='word_1_526' title='bbox 1083 2020 1113 2046; x_wconf 80' lang='grc' dir='ltr'>τὸ</span> <span class='ocrx_word' id='word_1_527' title='bbox 1127 2020 1234 2054; x_wconf 72' lang='grc' dir='ltr'>δένδρον</span> <span class='ocrx_word' id='word_1_528' title='bbox 1257 2020 1335 2046; x_wconf 82' lang='grc' dir='ltr'>τοῦτο</span> <span class='ocrx_word' id='word_1_529' title='bbox 1356 2019 1370 2047; x_wconf 78' lang='grc' dir='ltr'><strong>δ</strong></span> <span class='ocrx_word' id='word_1_530' title='bbox 1393 2020 1561 2057; x_wconf 79' lang='grc' dir='ltr'>καλούμενόν</span> <span class='ocrx_word' id='word_1_531' title='bbox 1577 2022 1635 2047; x_wconf 72' lang='grc' dir='ltr'>ἐστι</span> <span class='ocrx_word' id='word_1_532' title='bbox 1656 2023 1809 2056; x_wconf 72' lang='grc' dir='ltr'>τυραννίςο</span> 
     </span>
    </p>
   </div>
   <div class='ocr_carea' id='block_1_85' title="bbox 1015 2065 1821 2100">
    <p class='ocr_par' dir='ltr' id='par_1_85' title="bbox 1015 2065 1821 2100">
     <span class='ocr_line' id='line_1_85' title="bbox 1015 2065 1821 2100; baseline 0.002 -9"><span class='ocrx_word' id='word_1_533' title='bbox 1015 2065 1118 2100; x_wconf 80' lang='grc' dir='ltr'>κατέϐη</span> <span class='ocrx_word' id='word_1_534' title='bbox 1133 2065 1162 2092; x_wconf 77' lang='grc' dir='ltr'>δὲ</span> <span class='ocrx_word' id='word_1_535' title='bbox 1179 2065 1268 2098; x_wconf 76' lang='grc' dir='ltr'>οὐδεὶς</span> <span class='ocrx_word' id='word_1_536' title='bbox 1290 2066 1388 2098; x_wconf 83' lang='grc' dir='ltr'>πάλιν,</span> <span class='ocrx_word' id='word_1_537' title='bbox 1404 2066 1472 2093; x_wconf 77' lang='grc' dir='ltr'>ἀλλὰ</span> <span class='ocrx_word' id='word_1_538' title='bbox 1487 2067 1706 2094; x_wconf 81' lang='grc' dir='ltr'>καταπίπτουσιν</span> <span class='ocrx_word' id='word_1_539' title='bbox 1719 2067 1821 2095; x_wconf 72' lang='grc' dir='ltr'>ἅπαν-</span> 
     </span>
    </p>
   </div>
   <div class='ocr_carea' id='block_1_86' title="bbox 1015 2111 1821 2148">
    <p class='ocr_par' dir='ltr' id='par_1_86' title="bbox 1015 2111 1821 2148">
     <span class='ocr_line' id='line_1_86' title="bbox 1015 2111 1821 2148; baseline 0.004 -11"><span class='ocrx_word' id='word_1_540' title='bbox 1015 2120 1070 2143; x_wconf 81' lang='grc' dir='ltr'>τες.</span> <span class='ocrx_word' id='word_1_541' title='bbox 1089 2111 1119 2137; x_wconf 83' lang='lat' dir='ltr'><strong>Et</strong></span> <span class='ocrx_word' id='word_1_542' title='bbox 1131 2111 1159 2137; x_wconf 83' lang='grc' dir='ltr'>δὲ</span> <span class='ocrx_word' id='word_1_543' title='bbox 1170 2111 1249 2138; x_wconf 85' lang='grc' dir='ltr'>τοῦτο</span> <span class='ocrx_word' id='word_1_544' title='bbox 1259 2132 1266 2144; x_wconf 90' lang='grc'><strong>,</strong></span> <span class='ocrx_word' id='word_1_545' title='bbox 1280 2112 1307 2138; x_wconf 85' lang='grc' dir='ltr'><strong>τί</strong></span> <span class='ocrx_word' id='word_1_546' title='bbox 1320 2113 1436 2148; x_wconf 83' lang='grc' dir='ltr'>γαυριᾷς</span> <span class='ocrx_word' id='word_1_547' title='bbox 1451 2114 1498 2140; x_wconf 74' lang='grc' dir='ltr'><strong>καὶ</strong></span> <span class='ocrx_word' id='word_1_548' title='bbox 1511 2114 1625 2148; x_wconf 84' lang='grc' dir='ltr'>σκιρτᾷς</span> <span class='ocrx_word' id='word_1_549' title='bbox 1637 2113 1719 2145; x_wconf 77' lang='grc' dir='ltr'>αὐτὸς</span> <span class='ocrx_word' id='word_1_550' title='bbox 1731 2135 1740 2146; x_wconf 86' lang='grc'><strong>,</strong></span> <span class='ocrx_word' id='word_1_551' title='bbox 1758 2111 1821 2140; x_wconf 75' lang='grc' dir='ltr'>οὐδ’</span> 
     </span>
    </p>
   </div>
   <div class='ocr_carea' id='block_1_87' title="bbox 1017 2155 1822 2192">
    <p class='ocr_par' dir='ltr' id='par_1_87' title="bbox 1017 2155 1822 2192">
     <span class='ocr_line' id='line_1_87' title="bbox 1017 2155 1822 2192; baseline 0.001 -11"><span class='ocrx_word' id='word_1_552' title='bbox 1017 2156 1064 2182; x_wconf 76' lang='grc' dir='ltr'><strong>ἐπὶ</strong></span> <span class='ocrx_word' id='word_1_553' title='bbox 1089 2156 1145 2187; x_wconf 84' lang='grc' dir='ltr'>τοῖς</span> <span class='ocrx_word' id='word_1_554' title='bbox 1169 2155 1264 2182; x_wconf 82' lang='grc' dir='ltr'>τούτου</span> <span class='ocrx_word' id='word_1_555' title='bbox 1289 2155 1406 2189; x_wconf 80' lang='grc' dir='ltr'>κλάδοις,</span> <span class='ocrx_word' id='word_1_556' title='bbox 1428 2156 1580 2184; x_wconf 74' lang='grc' dir='ltr'>καὶταῦτα</span> <span class='ocrx_word' id='word_1_557' title='bbox 1600 2157 1685 2192; x_wconf 85' lang='grc' dir='ltr'>βαρὺς</span> <span class='ocrx_word' id='word_1_558' title='bbox 1707 2157 1750 2184; x_wconf 81' lang='grc' dir='ltr'>ὢν</span> <span class='ocrx_word' id='word_1_559' title='bbox 1768 2158 1822 2184; x_wconf 73' lang='grc' dir='ltr'><strong>καὶ</strong></span> 
     </span>
    </p>
   </div>
   <div class='ocr_carea' id='block_1_88' title="bbox 1018 2200 1823 2237">
    <p class='ocr_par' dir='ltr' id='par_1_88' title="bbox 1018 2200 1823 2237">
     <span class='ocr_line' id='line_1_88' title="bbox 1018 2200 1823 2237; baseline 0.002 -10"><span class='ocrx_word' id='word_1_560' title='bbox 1018 2200 1084 2227; x_wconf 87' lang='grc' dir='ltr'>σοϐα</span> <span class='ocrx_word' id='word_1_561' title='bbox 1090 2201 1134 2236; x_wconf 83' lang='grc' dir='ltr'><strong>ρδς</strong></span> <span class='ocrx_word' id='word_1_562' title='bbox 1148 2201 1196 2228; x_wconf 71' lang='grc' dir='ltr'><strong>καὶ</strong></span> <span class='ocrx_word' id='word_1_563' title='bbox 1211 2201 1384 2237; x_wconf 85' lang='grc' dir='ltr'>φλεγμαίνων</span> <span class='ocrx_word' id='word_1_564' title='bbox 1394 2223 1402 2235; x_wconf 86' lang='grc'><strong>,</strong></span> <span class='ocrx_word' id='word_1_565' title='bbox 1418 2202 1476 2229; x_wconf 80' lang='grc' dir='ltr'>ἀλλ’</span> <span class='ocrx_word' id='word_1_566' title='bbox 1489 2202 1536 2229; x_wconf 75' lang='grc' dir='ltr'><strong>ἐπὶ</strong></span> <span class='ocrx_word' id='word_1_567' title='bbox 1549 2204 1605 2234; x_wconf 87' lang='grc' dir='ltr'>τοῖς</span> <span class='ocrx_word' id='word_1_568' title='bbox 1618 2203 1674 2229; x_wconf 83' lang='grc' dir='ltr'>τῶν</span> <span class='ocrx_word' id='word_1_569' title='bbox 1699 2203 1823 2237; x_wconf 82' lang='grc' dir='ltr'>φύλλων</span> 
     </span>
    </p>
   </div>
   <div class='ocr_carea' id='block_1_89' title="bbox 979 2245 1558 2294">
    <p class='ocr_par' dir='ltr' id='par_1_89' title="bbox 979 2245 1558 2294">
     <span class='ocr_line' id='line_1_89' title="bbox 979 2245 1558 2294; baseline 0.007 -22"><span class='ocrx_word' id='word_1_570' title='bbox 979 2265 1006 2294; x_wconf 80' lang='lat' dir='ltr'><strong>D</strong></span> <span class='ocrx_word' id='word_1_571' title='bbox 1020 2245 1103 2273; x_wconf 79' lang='grc' dir='ltr'>αὐτοῦ</span> <span class='ocrx_word' id='word_1_572' title='bbox 1118 2247 1244 2279; x_wconf 81' lang='grc' dir='ltr'>πετάλοις</span> <span class='ocrx_word' id='word_1_573' title='bbox 1260 2248 1381 2284; x_wconf 84' lang='grc' dir='ltr'>ἀνοήτως</span> <span class='ocrx_word' id='word_1_574' title='bbox 1393 2247 1558 2284; x_wconf 80' lang='grc' dir='ltr'>δχούμενοςς</span> 
     </span>
    </p>
   </div>
   <div class='ocr_carea' id='block_1_90' title="bbox 1309 2304 1505 2333">
    <p class='ocr_par' dir='ltr' id='par_1_90' title="bbox 1309 2304 1505 2333">
     <span class='ocr_line' id='line_1_90' title="bbox 1309 2304 1505 2333; baseline 0.01 -3"><span class='ocrx_word' id='word_1_575' title='bbox 1309 2304 1421 2333; x_wconf 81' lang='grc' dir='ltr'><strong>ΕΠΙΣΤ.</strong></span> <span class='ocrx_word' id='word_1_576' title='bbox 1440 2305 1505 2332; x_wconf 84' lang='lat' dir='ltr'><strong>KE’.</strong></span> 
     </span>
    </p>
   </div>
   <div class='ocr_carea' id='block_1_91' title="bbox 1272 2350 1552 2385">
    <p class='ocr_par' dir='ltr' id='par_1_91' title="bbox 1272 2350 1552 2385">
     <span class='ocr_line' id='line_1_91' title="bbox 1272 2350 1552 2385; baseline 0 -8"><span class='ocrx_word' id='word_1_577' title='bbox 1272 2351 1294 2377; x_wconf 88' lang='grc' dir='ltr'><em>Τ</em></span> <span class='ocrx_word' id='word_1_578' title='bbox 1291 2350 1405 2384; x_wconf 83' lang='grc' dir='ltr'>αρασίῳ</span> <span class='ocrx_word' id='word_1_579' title='bbox 1421 2350 1552 2385; x_wconf 69' lang='grc' dir='ltr'>ἀδελφῷ.</span> 
     </span>
    </p>
   </div>
   <div class='ocr_carea' id='block_1_92' title="bbox 797 2394 1186 2430">
    <p class='ocr_par' dir='ltr' id='par_1_92' title="bbox 797 2394 1186 2430">
     <span class='ocr_line' id='line_1_92' title="bbox 797 2394 1186 2430; baseline 0.015 -12"><span class='ocrx_word' id='word_1_580' title='bbox 797 2394 931 2419; x_wconf 82' lang='lat' dir='ltr'><strong>Monlacut.</strong></span> <span class='ocrx_word' id='word_1_581' title='bbox 950 2395 1002 2428; x_wconf 88' lang='lat' dir='ltr'><strong>(ep.</strong></span> <span class='ocrx_word' id='word_1_582' title='bbox 1021 2397 1059 2426; x_wconf 83' lang='lat'><strong>78.</strong></span> <span class='ocrx_word' id='word_1_583' title='bbox 1077 2405 1101 2429; x_wconf 88' lang='lat' dir='ltr'><strong>p.</strong></span> <span class='ocrx_word' id='word_1_584' title='bbox 1120 2399 1186 2430; x_wconf 78' lang='lat'><strong>1‘26).</strong></span> 
     </span>
    </p>
   </div>
   <div class='ocr_carea' id='block_1_93' title="bbox 211 2438 962 2474">
    <p class='ocr_par' dir='ltr' id='par_1_93' title="bbox 211 2438 962 2474">
     <span class='ocr_line' id='line_1_93' title="bbox 211 2438 962 2474; baseline -0.001 -7"><span class='ocrx_word' id='word_1_585' title='bbox 211 2439 250 2467; x_wconf 84' lang='lat' dir='ltr'><strong>Ad</strong></span> <span class='ocrx_word' id='word_1_586' title='bbox 269 2446 374 2467; x_wconf 89' lang='lat' dir='ltr'><strong>summa</strong></span> <span class='ocrx_word' id='word_1_587' title='bbox 391 2438 548 2473; x_wconf 79' lang='lat' dir='ltr'><strong>perducitur</strong></span> <span class='ocrx_word' id='word_1_588' title='bbox 562 2439 663 2474; x_wconf 88' lang='lat' dir='ltr'><strong>passio,</strong></span> <span class='ocrx_word' id='word_1_589' title='bbox 686 2444 714 2465; x_wconf 88' lang='lat' dir='ltr'><strong>et</strong></span> <span class='ocrx_word' id='word_1_590' title='bbox 727 2438 878 2465; x_wconf 87' lang='lat' dir='ltr'><strong>intenditur</strong></span> <span class='ocrx_word' id='word_1_591' title='bbox 905 2447 962 2466; x_wconf 84' lang='lat' dir='ltr'><strong>ma-</strong></span> 
     </span>
    </p>
   </div>
   <div class='ocr_carea' id='block_1_94' title="bbox 175 2485 963 2521">
    <p class='ocr_par' dir='ltr' id='par_1_94' title="bbox 175 2485 963 2521">
     <span class='ocr_line' id='line_1_94' title="bbox 175 2485 963 2521; baseline -0.001 -7"><span class='ocrx_word' id='word_1_592' title='bbox 175 2487 241 2514; x_wconf 88' lang='lat' dir='ltr'><strong>lum.</strong></span> <span class='ocrx_word' id='word_1_593' title='bbox 258 2485 296 2512; x_wconf 83' lang='lat' dir='ltr'><strong>Ac</strong></span> <span class='ocrx_word' id='word_1_594' title='bbox 313 2489 412 2520; x_wconf 64' lang='lat' dir='ltr'><strong>praeter</strong></span> <span class='ocrx_word' id='word_1_595' title='bbox 427 2485 511 2512; x_wconf 88' lang='lat' dir='ltr'><strong>Deum</strong></span> <span class='ocrx_word' id='word_1_596' title='bbox 536 2490 562 2513; x_wconf 89' lang='lat' dir='ltr'><strong>et</strong></span> <span class='ocrx_word' id='word_1_597' title='bbox 573 2493 588 2512; x_wconf 89' lang='lat' dir='ltr'><strong>a</strong></span> <span class='ocrx_word' id='word_1_598' title='bbox 605 2485 660 2512; x_wconf 90' lang='lat' dir='ltr'><strong>Deo</strong></span> <span class='ocrx_word' id='word_1_599' title='bbox 675 2493 762 2520; x_wconf 86' lang='lat' dir='ltr'><strong>spem,</strong></span> <span class='ocrx_word' id='word_1_600' title='bbox 781 2485 853 2512; x_wconf 86' lang='lat' dir='ltr'><strong>nulla</strong></span> <span class='ocrx_word' id='word_1_601' title='bbox 867 2494 963 2521; x_wconf 87' lang='lat' dir='ltr'><strong>super-</strong></span> 
     </span>
    </p>
   </div>
   <div class='ocr_carea' id='block_1_95' title="bbox 175 2529 963 2565">
    <p class='ocr_par' dir='ltr' id='par_1_95' title="bbox 175 2529 963 2565">
     <span class='ocr_line' id='line_1_95' title="bbox 175 2529 963 2565; baseline -0.003 -5"><span class='ocrx_word' id='word_1_602' title='bbox 175 2537 217 2560; x_wconf 78' lang='lat' dir='ltr'><strong>est</strong></span> <span class='ocrx_word' id='word_1_603' title='bbox 239 2529 404 2563; x_wconf 70' lang='lat' dir='ltr'><strong>consolatio;</strong></span> <span class='ocrx_word' id='word_1_604' title='bbox 436 2530 550 2563; x_wconf 77' lang='lat' dir='ltr'><strong>insidiae,</strong></span> <span class='ocrx_word' id='word_1_605' title='bbox 576 2530 667 2562; x_wconf 70' lang='lat' dir='ltr'><strong>minae,</strong></span> <span class='ocrx_word' id='word_1_606' title='bbox 692 2535 820 2564; x_wconf 86' lang='lat' dir='ltr'><strong>terrores,</strong></span> <span class='ocrx_word' id='word_1_607' title='bbox 849 2531 894 2565; x_wconf 89' lang='lat' dir='ltr'><strong>qui</strong></span> <span class='ocrx_word' id='word_1_608' title='bbox 915 2540 963 2558; x_wconf 83' lang='lat' dir='ltr'><strong>ex-</strong></span> 
     </span>
    </p>
   </div>
   <div class='ocr_carea' id='block_1_96' title="bbox 175 2575 959 2612">
    <p class='ocr_par' dir='ltr' id='par_1_96' title="bbox 175 2575 959 2612">
     <span class='ocr_line' id='line_1_96' title="bbox 175 2575 959 2612; baseline 0.003 -9"><span class='ocrx_word' id='word_1_609' title='bbox 175 2576 339 2612; x_wconf 81' lang='lat' dir='ltr'><strong>perientiam</strong></span> <span class='ocrx_word' id='word_1_610' title='bbox 354 2575 649 2608; x_wconf 81' lang='lat' dir='ltr'><strong>fecemntiaciliorem,</strong></span> <span class='ocrx_word' id='word_1_611' title='bbox 668 2576 789 2610; x_wconf 87' lang='lat' dir='ltr'><strong>undique</strong></span> <span class='ocrx_word' id='word_1_612' title='bbox 815 2582 959 2612; x_wconf 84' lang='lat' dir='ltr'><strong>apparent.</strong></span> 
     </span>
    </p>
   </div>
   <div class='ocr_carea' id='block_1_97' title="bbox 175 2621 960 2657">
    <p class='ocr_par' dir='ltr' id='par_1_97' title="bbox 175 2621 960 2657">
     <span class='ocr_line' id='line_1_97' title="bbox 175 2621 960 2657; baseline 0.001 -7"><span class='ocrx_word' id='word_1_613' title='bbox 175 2622 241 2656; x_wconf 82' lang='lat' dir='ltr'><strong>Quis</strong></span> <span class='ocrx_word' id='word_1_614' title='bbox 253 2622 312 2649; x_wconf 67' lang='lat' dir='ltr'><strong>haec</strong></span> <span class='ocrx_word' id='word_1_615' title='bbox 325 2621 422 2649; x_wconf 88' lang='lat' dir='ltr'><strong>sistet?</strong></span> <span class='ocrx_word' id='word_1_616' title='bbox 437 2621 571 2649; x_wconf 86' lang='lat' dir='ltr'><strong>Fortassis</strong></span> <span class='ocrx_word' id='word_1_617' title='bbox 582 2621 626 2649; x_wconf 86' lang='lat' dir='ltr'><strong>illa</strong></span> <span class='ocrx_word' id='word_1_618' title='bbox 640 2622 697 2657; x_wconf 87' lang='lat' dir='ltr'><strong>ipsa</strong></span> <span class='ocrx_word' id='word_1_619' title='bbox 712 2630 792 2657; x_wconf 90' lang='lat' dir='ltr'><strong>quam</strong></span> <span class='ocrx_word' id='word_1_620' title='bbox 803 2628 897 2651; x_wconf 87' lang='lat' dir='ltr'><strong>contra</strong></span> <span class='ocrx_word' id='word_1_621' title='bbox 909 2632 960 2651; x_wconf 90' lang='lat' dir='ltr'><strong>nos</strong></span> 
     </span>
    </p>
   </div>
   <div class='ocr_carea' id='block_1_98' title="bbox 174 2668 962 2704">
    <p class='ocr_par' dir='ltr' id='par_1_98' title="bbox 174 2668 962 2704">
     <span class='ocr_line' id='line_1_98' title="bbox 174 2668 962 2704; baseline -0.003 -8"><span class='ocrx_word' id='word_1_622' title='bbox 174 2669 331 2704; x_wconf 89' lang='lat' dir='ltr'><strong>parturiunt</strong></span> <span class='ocrx_word' id='word_1_623' title='bbox 351 2675 434 2702; x_wconf 88' lang='lat' dir='ltr'><strong>mors,</strong></span> <span class='ocrx_word' id='word_1_624' title='bbox 453 2668 496 2695; x_wconf 80' lang='lat' dir='ltr'><strong>vel</strong></span> <span class='ocrx_word' id='word_1_625' title='bbox 508 2668 566 2695; x_wconf 88' lang='lat' dir='ltr'><strong>illos</strong></span> <span class='ocrx_word' id='word_1_626' title='bbox 577 2668 693 2703; x_wconf 85' lang='lat' dir='ltr'><strong>privabit</strong></span> <span class='ocrx_word' id='word_1_627' title='bbox 709 2673 843 2703; x_wconf 83' lang='lat' dir='ltr'><strong>potestate</strong></span> <span class='ocrx_word' id='word_1_628' title='bbox 854 2673 881 2695; x_wconf 88' lang='lat' dir='ltr'><strong>et</strong></span> <span class='ocrx_word' id='word_1_629' title='bbox 896 2677 962 2704; x_wconf 71' lang='lat' dir='ltr'><strong>sup—</strong></span> 
     </span>
    </p>
   </div>
   <div class='ocr_carea' id='block_1_99' title="bbox 173 2708 960 2750">
    <p class='ocr_par' dir='ltr' id='par_1_99' title="bbox 173 2708 960 2750">
     <span class='ocr_line' id='line_1_99' title="bbox 173 2708 960 2750; baseline 0.004 -10"><span class='ocrx_word' id='word_1_630' title='bbox 173 2714 252 2749; x_wconf 84' lang='lat' dir='ltr'><strong>plicia</strong></span> <span class='ocrx_word' id='word_1_631' title='bbox 274 2713 425 2750; x_wconf 77' lang='lat' dir='ltr'><strong>ingerendi,</strong></span> <span class='ocrx_word' id='word_1_632' title='bbox 443 2714 486 2741; x_wconf 72' lang='lat' dir='ltr'><strong>vel</strong></span> <span class='ocrx_word' id='word_1_633' title='bbox 502 2721 551 2741; x_wconf 87' lang='lat' dir='ltr'><strong>nos</strong></span> <span class='ocrx_word' id='word_1_634' title='bbox 578 2713 725 2742; x_wconf 84' lang='lat' dir='ltr'><strong>liberatura</strong></span> <span class='ocrx_word' id='word_1_635' title='bbox 740 2719 782 2743; x_wconf 89' lang='lat' dir='ltr'><strong>est</strong></span> <span class='ocrx_word' id='word_1_636' title='bbox 810 2722 826 2743; x_wconf 71' lang='grc' dir='ltr'><strong>ιι</strong></span> <span class='ocrx_word' id='word_1_637' title='bbox 847 2708 960 2743; x_wconf 82' lang='lat' dir='ltr'><strong>tribula-</strong></span> 
     </span>
    </p>
   </div>
   <div class='ocr_carea' id='block_1_100' title="bbox 174 2759 304 2786">
    <p class='ocr_par' dir='ltr' id='par_1_100' title="bbox 174 2759 304 2786">
     <span class='ocr_line' id='line_1_100' title="bbox 174 2759 304 2786; baseline 0 0"><span class='ocrx_word' id='word_1_638' title='bbox 174 2759 304 2786; x_wconf 82' lang='lat' dir='ltr'><strong>tionibus.</strong></span> 
     </span>
    </p>
   </div>
   <div class='ocr_carea' id='block_1_101' title="bbox 211 2834 452 2867">
    <p class='ocr_par' dir='ltr' id='par_1_101' title="bbox 211 2834 452 2867">
     <span class='ocr_line' id='line_1_101' title="bbox 211 2834 452 2867; baseline 0.004 -6"><span class='ocrx_word' id='word_1_639' title='bbox 211 2835 234 2850; x_wconf 84' lang='lat'><strong>&quot;</strong></span> <span class='ocrx_word' id='word_1_640' title='bbox 251 2834 344 2862; x_wconf 77' lang='lat' dir='ltr'><strong>Mattn.</strong></span> <span class='ocrx_word' id='word_1_641' title='bbox 360 2843 410 2867; x_wconf 83' lang='grc' dir='ltr'>νιι,</span> <span class='ocrx_word' id='word_1_642' title='bbox 423 2835 452 2862; x_wconf 79' lang='lat'><strong>‘2.</strong></span> 
     </span>
    </p>
   </div>
   <div class='ocr_carea' id='block_1_102' title="bbox 1057 2441 1828 2478">
    <p class='ocr_par' dir='ltr' id='par_1_102' title="bbox 1057 2441 1828 2478">
     <span class='ocr_line' id='line_1_102' title="bbox 1057 2441 1828 2478; baseline 0 -9"><span class='ocrx_word' id='word_1_643' title='bbox 1057 2442 1188 2478; x_wconf 76' lang='grc' dir='ltr'>’Λκμάζει</span> <span class='ocrx_word' id='word_1_644' title='bbox 1202 2442 1232 2469; x_wconf 80' lang='grc' dir='ltr'>τὸ</span> <span class='ocrx_word' id='word_1_645' title='bbox 1243 2442 1339 2474; x_wconf 77' lang='grc' dir='ltr'>πάθος,</span> <span class='ocrx_word' id='word_1_646' title='bbox 1356 2442 1403 2468; x_wconf 72' lang='grc' dir='ltr'><strong>καὶ</strong></span> <span class='ocrx_word' id='word_1_647' title='bbox 1415 2442 1446 2468; x_wconf 78' lang='grc' dir='ltr'><strong>τὸ</strong></span> <span class='ocrx_word' id='word_1_648' title='bbox 1461 2441 1545 2468; x_wconf 75' lang='grc' dir='ltr'>κακὸν</span> <span class='ocrx_word' id='word_1_649' title='bbox 1558 2441 1730 2469; x_wconf 77' lang='grc' dir='ltr'>ἐπιτείνεται</span> <span class='ocrx_word' id='word_1_650' title='bbox 1742 2452 1750 2458; x_wconf 90' lang='grc'>·</span> <span class='ocrx_word' id='word_1_651' title='bbox 1770 2443 1828 2469; x_wconf 59' lang='grc' dir='ltr'><strong>καὶ</strong></span> 
     </span>
    </p>
   </div>
   <div class='ocr_carea' id='block_1_103' title="bbox 1014 2487 1829 2524">
    <p class='ocr_par' dir='ltr' id='par_1_103' title="bbox 1014 2487 1829 2524">
     <span class='ocr_line' id='line_1_103' title="bbox 1014 2487 1829 2524; baseline 0.001 -10"><span class='ocrx_word' id='word_1_652' title='bbox 1014 2488 1084 2522; x_wconf 85' lang='grc' dir='ltr'>πλὴν</span> <span class='ocrx_word' id='word_1_653' title='bbox 1111 2487 1179 2514; x_wconf 78' lang='grc' dir='ltr'>Θεοῦ</span> <span class='ocrx_word' id='word_1_654' title='bbox 1202 2488 1250 2514; x_wconf 76' lang='grc' dir='ltr'>καὶ</span> <span class='ocrx_word' id='word_1_655' title='bbox 1274 2488 1327 2515; x_wconf 83' lang='grc' dir='ltr'>τῶν</span> <span class='ocrx_word' id='word_1_656' title='bbox 1351 2487 1455 2514; x_wconf 77' lang='grc' dir='ltr'>ἐκεῖθεν</span> <span class='ocrx_word' id='word_1_657' title='bbox 1471 2488 1603 2521; x_wconf 78' lang='grc' dir='ltr'>ἐλπίδων,</span> <span class='ocrx_word' id='word_1_658' title='bbox 1630 2489 1829 2524; x_wconf 75' lang='grc' dir='ltr'>παραμύθιον</span> 
     </span>
    </p>
   </div>
   <div class='ocr_carea' id='block_1_104' title="bbox 1014 2533 1831 2568">
    <p class='ocr_par' dir='ltr' id='par_1_104' title="bbox 1014 2533 1831 2568">
     <span class='ocr_line' id='line_1_104' title="bbox 1014 2533 1831 2568; baseline -0.001 -8"><span class='ocrx_word' id='word_1_659' title='bbox 1014 2534 1108 2561; x_wconf 82' lang='grc' dir='ltr'>οὐδέν·</span> <span class='ocrx_word' id='word_1_660' title='bbox 1130 2534 1273 2560; x_wconf 73' lang='grc' dir='ltr'>ἐπιϐουλαὶ</span> <span class='ocrx_word' id='word_1_661' title='bbox 1300 2534 1338 2567; x_wconf 80' lang='grc' dir='ltr'>δὲ,</span> <span class='ocrx_word' id='word_1_662' title='bbox 1359 2535 1405 2560; x_wconf 75' lang='grc' dir='ltr'><strong>καὶ</strong></span> <span class='ocrx_word' id='word_1_663' title='bbox 1424 2534 1546 2565; x_wconf 71' lang='grc' dir='ltr'>ἀπειλαὶ,</span> <span class='ocrx_word' id='word_1_664' title='bbox 1572 2533 1621 2560; x_wconf 81' lang='grc' dir='ltr'><strong>καὶ</strong></span> <span class='ocrx_word' id='word_1_665' title='bbox 1640 2534 1738 2568; x_wconf 62' lang='grc' dir='ltr'>φόϐοι,</span> <span class='ocrx_word' id='word_1_666' title='bbox 1763 2535 1831 2561; x_wconf 75' lang='grc' dir='ltr'><strong>τῶν</strong></span> 
     </span>
    </p>
   </div>
   <div class='ocr_carea' id='block_1_105' title="bbox 1015 2580 1830 2617">
    <p class='ocr_par' dir='ltr' id='par_1_105' title="bbox 1015 2580 1830 2617">
     <span class='ocr_line' id='line_1_105' title="bbox 1015 2580 1830 2617; baseline -0.001 -10"><span class='ocrx_word' id='word_1_667' title='bbox 1015 2581 1205 2617; x_wconf 79' lang='grc' dir='ltr'>προλαϐόντων</span> <span class='ocrx_word' id='word_1_668' title='bbox 1223 2581 1274 2615; x_wconf 81' lang='grc' dir='ltr'>τὴν</span> <span class='ocrx_word' id='word_1_669' title='bbox 1291 2581 1389 2615; x_wconf 78' lang='grc' dir='ltr'>πεῖραν</span> <span class='ocrx_word' id='word_1_670' title='bbox 1405 2580 1572 2615; x_wconf 74' lang='grc' dir='ltr'>κουφοτέραν</span> <span class='ocrx_word' id='word_1_671' title='bbox 1604 2581 1808 2614; x_wconf 76' lang='grc' dir='ltr'>ἀποφαίνουσι</span> <span class='ocrx_word' id='word_1_672' title='bbox 1822 2589 1830 2594; x_wconf 91' lang='grc'><strong>·</strong></span> 
     </span>
    </p>
   </div>
   <div class='ocr_carea' id='block_1_106' title="bbox 1015 2624 1831 2662">
    <p class='ocr_par' dir='ltr' id='par_1_106' title="bbox 1015 2624 1831 2662">
     <span class='ocr_line' id='line_1_106' title="bbox 1015 2624 1831 2662; baseline -0.004 -9"><span class='ocrx_word' id='word_1_673' title='bbox 1015 2627 1056 2659; x_wconf 76' lang='grc' dir='ltr'><strong>τίς</strong></span> <span class='ocrx_word' id='word_1_674' title='bbox 1083 2628 1177 2662; x_wconf 84' lang='grc' dir='ltr'>στήσει</span> <span class='ocrx_word' id='word_1_675' title='bbox 1194 2626 1300 2659; x_wconf 57' lang='lat' dir='ltr'><strong>uisa;</strong></span> <span class='ocrx_word' id='word_1_676' title='bbox 1326 2626 1383 2652; x_wconf 79' lang='grc' dir='ltr'>ἀλλ’</span> <span class='ocrx_word' id='word_1_677' title='bbox 1408 2627 1483 2658; x_wconf 84' lang='grc' dir='ltr'>ἴσως,</span> <span class='ocrx_word' id='word_1_678' title='bbox 1500 2625 1528 2652; x_wconf 83' lang='grc' dir='ltr'>ὃν</span> <span class='ocrx_word' id='word_1_679' title='bbox 1550 2625 1626 2651; x_wconf 78' lang='grc' dir='ltr'>αὐτοὶ</span> <span class='ocrx_word' id='word_1_680' title='bbox 1650 2624 1716 2651; x_wconf 84' lang='grc' dir='ltr'>καθ’</span> <span class='ocrx_word' id='word_1_681' title='bbox 1735 2626 1831 2661; x_wconf 75' lang='grc' dir='ltr'>ἡμῶν</span> 
     </span>
    </p>
   </div>
   <div class='ocr_carea' id='block_1_107' title="bbox 1015 2669 1832 2706">
    <p class='ocr_par' dir='ltr' id='par_1_107' title="bbox 1015 2669 1832 2706">
     <span class='ocr_line' id='line_1_107' title="bbox 1015 2669 1832 2706; baseline -0.004 -7"><span class='ocrx_word' id='word_1_682' title='bbox 1015 2672 1138 2699; x_wconf 83' lang='grc' dir='ltr'>ὠδίνουσι</span> <span class='ocrx_word' id='word_1_683' title='bbox 1155 2671 1282 2704; x_wconf 74' lang='grc' dir='ltr'>θάνατον,</span> <span class='ocrx_word' id='word_1_684' title='bbox 1297 2671 1314 2706; x_wconf 84' lang='grc' dir='ltr'><strong>ἦ</strong></span> <span class='ocrx_word' id='word_1_685' title='bbox 1327 2671 1373 2696; x_wconf 78' lang='grc' dir='ltr'>τοῦ</span> <span class='ocrx_word' id='word_1_686' title='bbox 1387 2672 1519 2705; x_wconf 80' lang='grc' dir='ltr'>τιμωρεῖν</span> <span class='ocrx_word' id='word_1_687' title='bbox 1534 2670 1581 2697; x_wconf 76' lang='grc' dir='ltr'>καὶ</span> <span class='ocrx_word' id='word_1_688' title='bbox 1593 2669 1727 2703; x_wconf 80' lang='grc' dir='ltr'>κολάζειν</span> <span class='ocrx_word' id='word_1_689' title='bbox 1743 2670 1832 2697; x_wconf 75' lang='grc' dir='ltr'>ἐκεί·</span> 
     </span>
    </p>
   </div>
   <div class='ocr_carea' id='block_1_108' title="bbox 1016 2716 1556 2753">
    <p class='ocr_par' dir='ltr' id='par_1_108' title="bbox 1016 2716 1556 2753">
     <span class='ocr_line' id='line_1_108' title="bbox 1016 2716 1556 2753; baseline -0.009 -6"><span class='ocrx_word' id='word_1_690' title='bbox 1016 2727 1088 2751; x_wconf 84' lang='grc' dir='ltr'>νους,</span> <span class='ocrx_word' id='word_1_691' title='bbox 1106 2718 1123 2753; x_wconf 86' lang='grc' dir='ltr'><strong>ἢ</strong></span> <span class='ocrx_word' id='word_1_692' title='bbox 1140 2718 1214 2753; x_wconf 79' lang='grc' dir='ltr'>ἡμᾶς</span> <span class='ocrx_word' id='word_1_693' title='bbox 1230 2717 1344 2752; x_wconf 75' lang='grc' dir='ltr'>ἀπάγων</span> <span class='ocrx_word' id='word_1_694' title='bbox 1361 2717 1415 2743; x_wconf 79' lang='grc' dir='ltr'>τῶν</span> <span class='ocrx_word' id='word_1_695' title='bbox 1428 2716 1556 2751; x_wconf 67' lang='grc' dir='ltr'>θλίψεων.</span> 
     </span>
    </p>
   </div>
  </div>
