1928 3097
135 134 186 166 M5

430 189 544 218 ΕΠΙΣΤ.
564 190 638 224 KG’.

377 236 500 271 Ἰωάννῃ
518 236 686 271 σπαθαρίῳ.

713 134 980 167 EPISTOLARUM
1002 134 1118 164 LIBER
1128 134 1187 164 III.

1715 132 1769 164 946

1262 187 1370 216 EPIST.
1391 188 1486 216 XXVI.

1252 234 1349 262 Joanni
1363 235 1508 269 spathario.

761 292 897 316 Montaeut.
915 291 967 322 (ep.
987 290 1027 322 79,
1043 298 1069 322 p.
1087 290 1153 322 127).

168 345 228 372 Οὐκ
241 344 381 378 ὲλυπησας
396 343 437 371 δτι
450 343 614 379 ὴπάτησας·
632 343 681 370 καὶ
693 345 791 379 συχνὸς
804 343 818 369 ὁ
835 343 930 379 χρόνος

114 425 117 427 _
136 390 166 423 ἐξ
182 388 213 418 οὗ
225 390 270 417 τὸν
290 390 352 424 ὅφιν
367 390 412 417 ὑπ’
438 389 583 425 ἀνθρώπου
604 390 696 425 μορφῇ
721 390 847 424 κατεῖχες
861 398 930 424 κρυ-

138 436 273 471 πτόμενον
285 444 292 451 ·
305 436 363 463 ἀλλ’
378 436 420 463 ὅτι
435 437 520 468 κακὸς
536 436 648 470 ἐφάνης,
664 435 711 462 καὶ
725 436 810 470 φίλων
822 435 929 471 ἐχθρὸς,

137 483 244 517 καιροῖς
269 482 422 514 δουλεύων,
439 482 487 509 καὶ
502 482 595 517 ἀπάτῃ
610 481 826 517 ἐπερειδόμενος.
848 482 879 508 Εἰ
902 481 932 509 δέ

79 553 88 564 ,,
137 536 167 554 σε
183 527 219 563 μὴ
235 528 320 555 κακὸν
334 529 350 563 ἡ
372 528 472 563 πρᾶξις
490 527 608 561 ἐδείκνυ,
625 529 673 555 καὶ
692 529 733 560 εἰς
749 529 830 564 ζῆλον
852 526 928 556 εἷλκε

136 572 183 598 τοῦ
205 571 338 606 προδότου
358 572 389 598 τὸ
403 574 499 604 κακοῖς
514 572 560 599 τὸν
581 573 731 608 εὐεργέτην
745 573 926 608 ἀμείϐεσθαι,

137 616 167 644 εὗ
183 617 248 650 laet,
261 617 299 649 ὼς
320 617 368 645 καὶ
386 617 525 653 εὖφρανας
542 618 575 645 ἂν
589 619 622 645 ἐκ
638 618 685 646 τοῦ
706 620 823 654 πάσχειν
840 620 926 654 ἡμᾶς,

136 659 178 694 οἷς
194 662 384 699 καθαιρόμεθα
395 684 403 696 ,
422 663 504 695 αὐτός
524 672 551 690 τι
566 663 622 690 τῶν
639 664 750 699 ἀγαθῶν
769 665 926 700 ἐκκαρπού-

140 717 229 744 μενος.

433 766 546 795 ΕΠΙΣΤ.
567 769 631 796 KZ’.

138 811 355 845 Κωνσταντίνῳ
371 814 528 846 σπαθαριῳ
543 814 653 848 τέγους
669 813 756 846 ὄντος
775 813 933 848 Τνῤῥηνῶν

361 848 410 875 καὶ
430 847 707 883 δυστροπευομένῳ.

1019 344 1077 373 Non
1092 344 1186 372 dolore
1210 343 1336 377 aﬂ'ecisti,
1359 342 1432 378 quod
1463 341 1607 375 fraudasti,
1621 345 1650 369 et
1665 346 1773 378 tempus

982 390 1048 417 satis
1075 390 1185 425 longum
1212 394 1265 422 est,
1293 397 1327 417 ex
1345 396 1402 424 quo
1422 393 1578 423 serpentem
1592 388 1644 416 sub
1655 388 1774 416 humana

982 435 1071 463 forma
1108 436 1238 465 latentem
1279 435 1418 466 occultas;
1441 434 1584 469 improbus
1612 434 1774 469 apparuisti,

983 481 1078 510 amicis
1093 481 1230 514 inimicus,
1242 481 1412 516 temporibus
1429 481 1565 514 serviens,
1577 480 1720 508 fraudibus
1734 479 1776 508 in-

984 529 1088 556 nixus:
1107 528 1130 556 si
1153 533 1180 555 te
1209 528 1334 564 iniquum
1346 529 1397 556 ista
1416 528 1488 556 actio
1504 536 1560 556 non
1579 527 1775 559 manifestavit,

981 578 1010 601 et
1025 573 1059 601 ad
1075 573 1255 601 imitationem
1268 574 1379 601 attraxit
1393 573 1541 608 proditoris
1551 573 1637 606 Judze,
1652 572 1777 600 utbene-

982 620 1107 647 tneritum
1128 619 1205 647 malis
1213 623 1355 654 pensatum
1364 619 1542 653 babeas,illud
1552 619 1620 647 habe
1628 617 1776 654 cognitum,

982 666 1053 700 quod
1070 665 1094 693 si
1116 665 1341 694 laetitiaah‘eccris
1357 666 1393 693 ob
1412 673 1443 693 ea
1458 673 1518 701 qum.
1539 665 1666 701 patimur,
1676 664 1779 699 aliquid

989 712 1052 740 inde
1067 711 1132 739 boni
1150 717 1179 740 tu
1202 711 1390 747 consequeris.
1568 713 1570 715 ’

1261 767 1370 796 EPIST.
1391 768 1497 796 XXVII.

989 814 1165 843 Constantino
1207 815 1344 849 spalltan'o
1373 813 1500 848 Tyrrheni
1523 814 1625 849 generis
1651 814 1781 848 perversis

1255 849 1369 876 moribus
1383 849 1506 883 pradito.

769 906 903 932 Mentacut.
922 908 974 940 (ep.
992 908 1032 939 80,
1050 915 1075 940 p.
1094 907 1160 938 127).

174 955 216 982 Τὰ
240 956 390 992 Τυρρηνῶν
404 957 522 992 δημόσια
538 958 617 994 ἔργα,
636 959 683 986 καὶ
703 960 746 992 ἐφ’
767 958 806 992 οἷς
828 961 930 996 σεμνύ-

139 998 242 1035 νονται,
252 1001 363 1037 ἀρχαῖος
375 1003 389 1029 6
405 1003 493 1037 λόγος,
509 1004 570 1031 οὐδὲ
582 1006 638 1035 τοῖς
650 1005 859 1040 ἀσελγεστάτοις
875 1007 930 1034 τῶν

139 1044 229 1072 ἄλλων
252 1046 422 1081 ἀνθρώπων,
448 1047 509 1074 οὐδὲ
531 1048 617 1084 χωρὶς
637 1049 768 1084 αἰσχύνης
787 1050 868 1085 ὄργια
884 1053 929 1085 γι-

140 1098 227 1117 νεται.
246 1091 317 1126 Ὅρα
332 1091 378 1118 οὖν
392 1093 467 1124 ὅπως
481 1093 562 1126 αὐτὸς
576 1094 624 1121 νῦν
635 1094 712 1122 πόλιν
722 1096 930 1123 Κωνσταντίνου

143 1136 277 1171 μετοικῶν
291 1137 390 1172 ἄριστα
411 1138 531 1173 βιώσεις.
547 1140 595 1166 “Av
610 1140 664 1175 γάρ
678 1140 705 1167 τί
721 1149 752 1167 σε
766 1141 815 1168 καὶ
832 1141 931 1176 μικρὸν

143 1182 191 1216 τῆς
209 1182 293 1217 ὀρθῆς
319 1184 536 1219 παρατραπέντα
561 1186 758 1213 συναίσθωνται
782 1187 933 1222 πολιτείας,

143 1228 246 1254 καπνὸν
263 1228 434 1264 Τυρρηνικὸν
457 1231 574 1264 ἰδόντες,
604 1232 652 1258 καὶ¹
666 1232 696 1258 τὸ
722 1232 797 1269 πῦρ,
819 1233 870 1260 κᾶν
883 1233 934 1260 οὐκ

143 1273 278 1310 ἀνάπτῃς,
289 1275 329 1306 εἰς
352 1275 424 1310 μέγα
445 1276 544 1311 φλογὸς
561 1278 780 1314 ὑποτοπήσουσιν
795 1279 932 1315 αἰρεσοαι.

147 1320 180 1346 ’Λ
203 1319 256 1356 χρὴ
281 1321 518 1358 διευλαϐούμενον,
535 1324 711 1359 ἀπρόσκοπον
733 1327 828 1358 πᾶσιν,
855 1326 892 1358 ὼς
910 1327 934 1353 οἰ

146 1364 212 1392 θεῖοι
230 1365 328 1402 θεσμοὶ
340 1367 553 1403 διακελεύονται,
567 1370 614 1397 καὶ
629 1369 700 1398 εἶναι
715 1371 763 1399 καί
779 1371 934 1406 φαίνεσθαι.

440 1469 554 1497 ΕΠΙΣΤ.
575 1470 642 1498 KII'.

147 1511 253 1540 Λέοντι
273 1515 424 1551 ,λογιζθέτῃ
444 1516 590 1550 γεγονότι,
606 1516 655 1543 καί
674 1516 854 1551 porcinam,
879 1517 939 1546 ὑπὸ

267 1548 434 1582 δοκοῦντος
448 1548 541 1584 φίλου
559 1548 817 1586 παραυίύπηθέντι.

1016 960 1340 996 PublicaTyrrhenorum
1350 968 1444 996 opera,
1469 961 1502 988 de
1532 961 1631 996 quibus
1653 961 1776 996 glorian-

981 1009 1035 1039 tur,
1047 1010 1125 1033 vetus
1142 1006 1224 1034 habet
1239 1007 1350 1034 verbum
1360 1026 1367 1039 ,
1382 1007 1457 1041 orgia
1470 1006 1547 1038 ﬁunt,
1564 1014 1599 1033 ne
1615 1006 1722 1041 quidem
1745 1007 1780 1033 ab

980 1051 1205 1087 impudit-issiniis
1220 1053 1362 1083 hominum
1374 1052 1434 1080 sine
1449 1052 1563 1087 pudore.
1575 1052 1668 1087 Cogita
1680 1052 1781 1080 idcirco

981 1101 1011 1124 ut
1025 1104 1086 1123 cum
1110 1096 1204 1124 urbem
1231 1097 1368 1124 inhabitas
1388 1095 1559 1124 Constantini
1575 1096 1658 1123 vitam
1679 1095 1782 1131 optime

986 1142 1123 1174 instituas,
1139 1142 1161 1169 si
1172 1141 1244 1169 enim
1255 1146 1281 1170 te
1294 1141 1478 1169 intellexerint
1489 1141 1574 1173 cives,
1589 1141 1633 1168 vel
1645 1141 1780 1168 tantillum

987 1197 1002 1216 a
1017 1193 1092 1216 recte
1110 1188 1217 1215 vivendi
1234 1188 1338 1215 ratione
1356 1187 1517 1221 declinasse,
1530 1187 1576 1214 ubi
1591 1187 1696 1214 fumum
1711 1186 1779 1222 Tyr-

989 1234 1138 1261 rhenorum
1148 1233 1400 1265 animadverterint,
1411 1233 1623 1268 suspicabuntur
1639 1237 1667 1260 et
1680 1233 1780 1268 ignem,

988 1278 1052 1307 licet
1062 1279 1131 1306 haud
1140 1279 1323 1312 succenderis,
1331 1280 1359 1307 in
1367 1287 1491 1315 magnam
1504 1278 1639 1306 ﬂammam
1656 1278 1782 1305 attollen-

989 1325 1063 1353 dum.
1078 1326 1156 1358 Quod
1170 1325 1234 1353 dum
1247 1325 1341 1354 sedulo
1353 1332 1499 1361 prateaves,
1516 1325 1575 1352 sine
1586 1325 1672 1359 lapsu,
1686 1332 1781 1359 quent-

989 1371 1135 1399 admodum
1164 1371 1256 1399 divina
1276 1371 1374 1406 jubent
1402 1370 1522 1404 oracula,
1552 1378 1643 1398 coram
1656 1369 1783 1397 omnibus

992 1420 1022 1444 ut
1038 1416 1151 1444 incedas
1168 1415 1311 1443 nitendum
1324 1420 1376 1443 est.

1264 1471 1373 1498 EPIST.
1391 1470 1512 1498 XXVIII.

995 1517 1098 1551 Leonti,
1118 1517 1233 1552 quicum
1246 1520 1310 1544 esset
1329 1516 1457 1551 logothcla
1472 1515 1615 1552 monac/tus
1642 1514 1730 1546 ﬁebat,
1760 1518 1786 1541 et

1206 1552 1238 1578 ab
1248 1552 1333 1578 amico
1350 1559 1459 1578 mturare
1474 1551 1576 1586 affecto.

771 1610 905 1636 Montacut.
924 1611 976 1644 (ep.
993 1610 1032 1641 8|,
1051 1617 1077 1642 p.
1094 1611 1161 1642 ηδ).

189 1659 310 1696 ’Λμϐλὺς
324 1660 354 1688 τδ
372 1658 449 1697 ἦθος,
469 1662 518 1689 καὶ
534 1663 655 1698 μαλακὸς
667 1664 731 1695 τοὺς
747 1664 856 1697 πόνους,
870 1665 941 1699 γνώ-

151 1715 204 1742 μην
226 1715 256 1733 τε
276 1707 305 1733 οὐ
324 1706 443 1742 βέϐαιος,
460 1708 508 1735 καί
529 1709 683 1744 λημμάτων
700 1711 799 1746 ἥττων,
824 1712 871 1737 καὶ
893 1711 941 1746 τῆς

150 1752 247 1788 ἡδονῆς
262 1753 428 1788 ἀνδράποδον
441 1754 596 1790 ἄνθρωπος,
611 1755 667 1782 οὔτ’
683 1755 715 1782 ἂν
728 1765 755 1782 τι
765 1756 819 1783 τῶν
830 1757 942 1791 ἀγαθῶν

149 1798 274 1831 γενναῖον
291 1798 450 1833 ἐργάσαιτο,
475 1799 523 1825 καὶ
543 1800 584 1831 εἰς
600 1800 685 1826 κακὸν
702 1801 751 1827 οὐκ
772 1801 805 1828 ἂν
822 1801 942 1837 ἁποὸαίη

151 1842 241 1878 μέγα·
268 1843 325 1870 ὅσοι
351 1843 380 1870 δὲ
397 1843 479 1878 φύσιν
496 1845 545 1880 μὲν
558 1845 644 1879 ὀξεῖς,
661 1848 805 1882 καρτερεῖν
825 1847 852 1873 δὲ
876 1848 943 1883 πρὸς

151 1890 241 1917 πάντα
253 1890 346 1922 δεινοὶ,
367 1891 522 1926 ὑπερόπται
535 1892 564 1919 δὲ
586 1893 633 1920 καὶ
653 1893 803 1928 χρημάτων
818 1895 866 1921 καὶ
882 1895 942 1930 ἡδο-

151 1935 217 1966 νῶν,
233 1935 282 1962 καὶ
295 1936 409 1971 γνώμην
423 1936 569 1971 ἐξαγαγεῖν
583 1938 814 1974 ἀμετάστρεπτοι.
832 1939 945 1972 Τούτοις

151 1981 180 2008 δὲ
194 1982 248 2018 ἄρα
263 1981 309 2008 καὶ
325 1981 416 2017 ἰσχύος
434 1982 517 2009 ποθὲν
528 1983 731 2020 περιτεθείσης,
757 1985 804 2012 καὶ
818 1986 858 2017 εἰς
871 1986 942 2019 ἁγα-

152 2027 199 2054 θὸν
221 2028 238 2062 ή
266 2027 337 2063 ῥοπὴ
361 2027 396 2055 τὰ
422 2028 540 2063 μέγιστα
567 2029 719 2064 ὲξανύσειε,
745 2031 794 2058 καὶ
824 2032 888 2064 πρὸς
912 2032 944 2058 τὸ

153 2072 256 2106 φαῦλον
268 2073 379 2101 ἐπειδὰν
395 2074 578 2102 ἀποκλίνωσιν
593 2076 728 2112 ἀφόρητοί
744 2085 774 2105 τε
793 2078 840 2104 καὶ
854 2079 941 2114 ἀπαρ-

153 2118 261 2154 αίτητοι
278 2120 325 2146 καὶ
341 2119 429 2154 φίλοις
456 2121 503 2148 καὶ
517 2122 628 2154 οἰκείοις
644 2122 692 2150 καὶ
706 2123 774 2150 πᾶσι
796 2122 944 2151 καθίσταν-

1026 1664 1146 1692 Moribus
1161 1663 1246 1698 piger,
1273 1662 1307 1689 ad
1322 1661 1430 1689 labores
1444 1661 1547 1693 mollis,-
1580 1669 1661 1688 mens
1688 1661 1786 1689 incon-

991 1715 1077 1742 stans,
1099 1709 1282 1736 succumbens
1296 1709 1387 1739 donis.
1415 1707 1585 1742 voluptatum
1605 1707 1786 1742 mancipium,

992 1763 1043 1783 nec
1060 1754 1162 1790 aliquid
1176 1754 1240 1782 boni
1252 1754 1413 1790 generosive
1434 1753 1532 1786 faciet;
1547 1753 1594 1780 sed
1610 1761 1662 1780 nee
1681 1753 1709 1780 in
1725 1761 1786 1780 :na-

992 1809 1072 1837 gnam
1084 1801 1234 1836 nequitiam
1253 1800 1392 1828 emanabit
1405 1819 1413 1827 .
1428 1799 1530 1826 Natura
1547 1799 1661 1831 celeres.
1677 1799 1711 1826 ad
1726 1806 1788 1826 om-

993 1847 1038 1874 nia
1064 1846 1221 1874 suﬂercnda
1248 1845 1369 1881 impigri,
1383 1845 1542 1873 divitiarum
1558 1844 1787 1879 voluptatumque

997 1897 1210 1928 contemptores,
1242 1896 1271 1919 et
1300 1891 1346 1926 qui
1371 1890 1450 1919 facile
1465 1899 1481 1918 e
1496 1891 1634 1918 sententia
1653 1889 1789 1917 dimoveri

994 1938 1108 1972 nolunt;
1126 1938 1181 1970 isti,
1198 1937 1346 1964 accedente
1362 1937 1502 1972 aliquanto
1524 1940 1669 1972 potestate,
1687 1936 1731 1964 vel
1754 1937 1790 1964 ad

996 1985 1125 2011 virtutem
1140 1990 1239 2018 magno
1251 1981 1335 2010 futuri
1345 1987 1410 2009 sunt
1421 1987 1572 2015 momento,
1587 1982 1629 2010 vel
1641 1981 1675 2009 ad
1688 1981 1789 2009 malum

998 2037 1060 2058 cum
1088 2028 1232 2061 inclinent,
1266 2027 1439 2061 iutolerandi,
1472 2027 1658 2063 implacabiles
1681 2027 1792 2060 amicis,

999 2074 1189 2108 familiaribus,
1205 2074 1319 2110 singulis
1341 2074 1499 2102 exsistunt:
1519 2073 1653 2107 Quocirca
1675 2081 1731 2102 non
1746 2078 1790 2102 est

1000 2129 1071 2156 :egre
1087 2121 1242 2153 ferendum,
1258 2120 1331 2156 quod
1346 2120 1449 2156 optima
1460 2127 1576 2155 qumque
1591 2120 1625 2148 ab
1641 2120 1729 2148 amico
1743 2127 1791 2155 ge-

155 2173 210 2192 ται.
230 2165 267 2191 Οὺ
287 2165 340 2202 χρὴ
364 2166 456 2193 τοίνυν
468 2167 622 2203 δυσφορεῖν,
647 2168 688 2195 ὅτι
705 2168 743 2204 μὴ
761 2169 796 2196 τὰ
819 2169 937 2205 βέλτιστα

1002 2175 1102 2195 neroso
1127 2174 1183 2194 non
1203 2173 1313 2202 semper
1338 2165 1528 2201 impetramus,
1545 2165 1593 2193 sed
1620 2165 1714 2201 gratia:
1725 2170 1791 2192 sunt

155 2211 232 2246 παρά
250 2210 298 2237 τοῦ
312 2220 378 2238 ποτε
395 2213 520 2246 γενναίου
537 2213 616 2248 φίλου
635 2214 850 2250 ὲκκαρπούμεθα
861 2224 869 2232 ν
887 2215 945 2243 ἀλλ’

155 2257 348 2292 εὐχαριστεῖν,
373 2258 415 2285 ὅτι
438 2258 498 2294 οὐχὶ
519 2259 601 2294 μόνον
621 2260 704 2295 μηδὲν
721 2260 860 2296 λυπηρὸν,
885 2262 944 2289 ἀλλ’

155 2305 198 2340 ἐφ’
217 2302 257 2336 οἷς
273 2305 342 2340 μηδὲ
363 2306 417 2332 τῶν
432 2307 472 2337 εἰς
486 2305 640 2343 ὑπερϐολὴν
661 2308 781 2343 ἡκόντων
793 2308 944 2344 δυσχερῶν,

155 2349 262 2377 ἐκεῖθεν
278 2351 447 2386 πειρώμεθα.
465 2351 497 2378 Εἰ
512 2351 534 2379 δ’
550 2352 711 2388 ἐπιστρέψει
726 2353 802 2385 ποτὲ,
817 2353 864 2379 καὶ
881 2354 949 2388 πρὸς

155 2396 206 2428 τὰς
223 2399 365 2431 συγγενεῖς
384 2397 452 2433 μετὶ
475 2398 524 2434 τῆς
548 2398 639 2434 φιλίας
656 2398 808 2434 ἁναδρὰμοι
829 2400 946 2435 ἀρετὰς,

159 2442 226 2473 ἴσως
241 2443 396 2478 ἀποκρύψει
419 2445 476 2476 τοῖς
492 2443 684 2479 εὐφραίνουσιν
704 2445 816 2480 ἀγαθοῖς
836 2445 884 2472 καί
897 2446 947 2473 ὅσα

160 2486 212 2514 τῶν
227 2487 385 2515 λυπούντων
399 2490 474 2525 ἡμᾶς
491 2489 706 2526 προκατέλαὸεν.

453 2553 568 2582 ΕΠΙΣΤ.
588 2553 653 2581 ΚΘ¹.

397 2599 546 2632 Barrthqu
559 2599 713 2636 πράκτορι.

1000 2212 1124 2249 agenda,
1141 2219 1175 2239 eo
1189 2211 1263 2247 quod
1284 2219 1338 2239 non
1364 2215 1471 2238 tantum
1488 2211 1557 2238 nilnl
1571 2210 1648 2238 triste
1663 2215 1790 2246 reporta-

1000 2266 1071 2291 mus,
1088 2258 1137 2286 sed
1151 2258 1242 2293 potius
1255 2258 1327 2293 quod
1347 2257 1416 2285 nihil
1430 2257 1465 2284 ab
1477 2264 1510 2284 eo
1520 2255 1709 2292 proﬁciscatur
1718 2256 1792 2291 quod

1001 2304 1074 2332 inter
1086 2311 1193 2332 summe
1202 2304 1290 2331 tristia
1302 2307 1329 2331 et
1341 2303 1456 2331 molesta
1476 2306 1649 2329 numeretur.
1663 2301 1698 2328 At
1712 2301 1735 2328 si
1747 2308 1792 2328 re-

999 2353 1122 2376 vertatur
1138 2349 1295 2384 aliquando,
1317 2354 1346 2377 et
1358 2349 1392 2377 ad
1405 2353 1537 2384 cognatas
1550 2356 1612 2376 cum
1628 2347 1724 2376 amicis
1738 2347 1791 2374 vir-

1000 2399 1072 2423 tutes
1094 2398 1227 2427 recurret,
1245 2395 1303 2422 ﬁeri
1329 2400 1419 2430 potest
1447 2400 1477 2422 ut
1493 2396 1564 2423 bona
1582 2402 1643 2429 qua:
1664 2394 1793 2428 deinceps

998 2441 1148 2472 oblectant,
1164 2442 1256 2469 omnia
1277 2441 1322 2469 illa
1339 2442 1408 2468 mala
1422 2447 1450 2469 et
1468 2442 1558 2469 tristia
1572 2447 1737 2469 evanescere
1752 2439 1793 2467 fa-

999 2487 1063 2521 ciat,
1076 2488 1176 2523 quibus
1189 2487 1295 2522 pridem
1309 2488 1522 2522 occupabantur.

1284 2550 1393 2578 EPIST.
1413 2550 1511 2579 XXIX.

1280 2597 1379 2625 Basilio
1393 2598 1520 2632 praetori.

789 2657 922 2687 Moumcut.
941 2659 993 2688 (ep.
1010 2655 1050 2685 82,
1068 2662 1092 2686 p.
1112 2653 1177 2686 128).

195 2710 342 2746 Κείρουσιν
365 2711 391 2737 οἱ
414 2711 525 2739 παλαιοὶ
546 2711 620 2745 λόγοι
647 2711 789 2748 Προμηθεῖ
807 2711 839 2738 τὸ
860 2709 937 2748 ἧπαρ

1039 2705 1169 2734 Veterum
1187 2705 1285 2734 fabula:
1313 2706 1457 2742 depastqu
1474 2706 1638 2734 Prometheo
1657 2706 1743 2741 bepar
1755 2705 1795 2733 fee

158 2757 238 2784 ἀετὸν
259 2756 425 2791 ἐφιστῶντες
451 2757 497 2785 τὸν
524 2758 668 2793 κείροντα·
694 2758 741 2785 καὶ
763 2759 780 2793 ἡ
802 2757 887 2790 αἰτία,
909 2758 937 2784 ὅτ

1005 2757 1069 2781 runt
1084 2752 1119 2780 ab
1134 2751 1223 2786 aquila
1237 2752 1405 2780 dctondente
1418 2762 1424 2785 ;
1438 2760 1548 2780 causam
1572 2753 1647 2784 dant,
1663 2751 1735 2787 quod
1760 2752 1795 2779 de

159 2803 256 2830 θεόθεν
270 2803 299 2830 τὸ
322 2804 379 2840 πῦρ
393 2804 540 2839 ἐκκλέψας,
554 2805 632 2840 φησᾶ
652 2803 742 2831 πόνων
757 2804 804 2831 καὶ
818 2812 852 2830 κα
857 2803 934 2838 μάτω

1005 2800 1074 2828 coelo
1103 2798 1209 2825 furatus
1235 2798 1336 2834 ignem,
1368 2799 1490 2826 labortnn
1515 2805 1544 2826 et
1568 2798 1792 2834 defatigationqu

160 2847 318 2884 ἀνθρώποις
329 2850 444 2885 ἤνεγκεν
456 2850 553 2879 αἴτιον.
568 2851 598 2877 El
612 2850 639 2877 δέ
657 2858 686 2877 σε,
704 2847 776 2877 εἶλον
787 2850 811 2877 οἱ
829 2850 937 2884 ποιηταὶ

1006 2854 1102 2874 causa:
1118 2844 1273 2873 hominibus
1289 2846 1372 2874 dedit.
1389 2846 1469 2883 Quod
1483 2847 1504 2873 si
1521 2852 1546 2873 te
1567 2845 1689 2881 ceperint
1709 2848 1794 2880 pocl‘e
