1928 3097
175 161 226 194 947

740 167 872 197 ΡΠΟΤΠ
889 166 1143 200 PATRIARCH/E
1160 171 1214 202 CP.

1746 176 1799 209 948

174 224 280 247 tantum
292 219 427 247 malorum
443 229 536 256 pyram
551 222 579 249 in
600 222 715 257 patriam
742 227 956 258 construentem,

1011 225 1145 262 τοσαύτην
1170 228 1264 255 κακῶν
1281 230 1370 265 πυράν
1387 231 1421 266 τῇ
1439 231 1550 267 πατρίδι
1569 231 1727 268 ἀνάψαντα·
1749 235 1799 262 οὐκ

170 273 226 294 non
244 266 284 294 Illi
307 266 469 301 aquilarum,
490 267 645 301 milvorum,
671 268 833 303 accipitrum
854 269 960 304 species

170 313 197 339 iii
211 317 236 340 te
251 312 432 346 concitarent,
448 320 508 348 quae
527 313 630 340 viscera
642 313 822 348 depascerent
836 319 898 347 tua;
911 314 959 342 sed

170 363 198 387 et
215 359 323 395 pardos,
349 359 454 392 leones,
469 363 497 386 et
510 363 624 387 caeteras
637 359 739 387 bestias
752 359 779 386 in
792 364 838 387 tua
853 359 960 387 intesti-

169 414 204 433 na
226 406 374 435 immittere
401 415 457 434 non
482 407 659 435 desisterent.
688 406 730 434 Tu
749 411 841 434 autem
857 407 958 442 cogita,

169 452 240 487 quod
256 452 320 480 licet
335 457 424 488 poetae
435 461 491 480 non
506 453 650 486 exsistant,
666 452 714 488 qui
729 453 787 480 haec
803 452 866 480 talia
891 460 957 480 con-

169 498 282 534 tingant,
308 498 433 526 veritatis
461 503 551 526 tamen
578 499 742 527 Christiana
768 503 861 526 exacta
889 497 959 526 ratio

168 553 225 573 non
241 550 331 573 cesset
360 545 524 581 supplicium
546 546 632 581 magis
645 545 850 573 formidolosum
869 544 959 572 inten-

169 596 235 624 tare,
261 592 352 632 ignem
380 591 606 625 indefectibilem,
636 592 765 619 tenebras
796 591 957 624 exteriores,

167 638 312 666 stridorem
341 638 475 670 dentium,
491 638 695 665 multitudinem
712 637 844 665 vermium
861 644 959 672 pecca—

168 683 272 711 toribus
286 684 350 711 dum
366 683 527 711 substernit.
546 683 624 716 Quod
634 683 656 711 si
673 688 699 711 te
715 683 794 711 timor
804 683 958 710 [liturarum

166 729 194 756 in
212 730 340 765 praesenti
365 737 419 757 non
435 734 573 763 coerceat,
599 737 651 757 nec
665 737 680 756 a
704 736 788 757 cursu
803 728 959 756 inordinato

166 778 195 802 et
218 774 401 802 irrationabili
428 775 544 809 avertit;
577 779 698 803 attamen
720 775 847 802 Sodomae
860 778 888 802 et
902 774 957 801 Go-

167 820 284 848 morrhze
298 828 359 855 qua:
373 821 472 848 litteris
482 821 599 848 traditur
614 820 755 856 perpessio
773 819 958 848 inconsolabi-

166 865 210 899 lis,
232 870 262 894 et
287 874 433 894 commune
451 866 519 894 illud
541 867 664 895 omnium
679 866 823 894 hominum
844 866 957 893 naufra-

166 913 250 947 gium,
266 911 417 946 diluvium;
439 917 468 940 et
478 912 636 947 quotidiana
661 911 839 947 providentiae
853 918 936 946 opera
948 930 956 944 ,

165 957 299 992 animum,
314 963 342 986 et
352 958 543 994 cogitationes,
562 958 597 986 ad
620 957 740 985 sobriam
757 961 786 985 et
803 957 955 992 sapientem

165 1003 360 1039 cogitationem
373 1004 524 1032 reforment

449 1059 559 1088 EPIST.
579 1060 666 1088 XXX.

377 1105 503 1134 llichaeh‘
518 1107 740 1142 pralospathario.

789 1162 923 1187 Montaeut.
941 1162 994 1193 (ep.

201 1217 307 1253 Corpus
330 1217 443 1250 morbis,
464 1217 594 1253 patiendo
623 1217 726 1250 anima,
758 1221 813 1244 vita
840 1216 959 1251 denique

166 1267 224 1291 tota
254 1264 288 1291 ab
309 1263 468 1292 hominibus
493 1265 666 1292 contumeliis
686 1264 785 1291 afﬂicta
807 1263 958 1299 despondet

165 1316 196 1337 se
220 1318 227 1335 :
256 1309 407 1338 amicorum
423 1310 547 1345 paucitas
557 1314 585 1338 et
601 1310 735 1342 absentia,
749 1317 890 1337 servorum
907 1313 961 1336 tor-

168 1356 257 1382 Iiones
296 1360 324 1383 et
355 1356 477 1389 vincula,
508 1356 615 1391 cognati
639 1355 776 1383 minarum
812 1355 961 1383 acerbitate

163 1402 276 1435 divulsi,
311 1410 403 1430 rerum
438 1403 656 1430 necessariarum
681 1402 793 1437 ablatio,
822 1403 954 1431 librorum

165 1447 294 1483 direptio,
307 1455 447 1476 sacrorum
463 1448 562 1475 aedium
590 1448 727 1483 expilatio,
763 1456 831 1484 quas
863 1449 955 1484 expia-

165 1493 235 1520 toria
255 1493 335 1520 nobis
366 1492 457 1520 futura
484 1494 726 1527 constitueramus,
749 1494 814 1522 dum
842 1502 956 1522 canere-

164 1544 219 1572 tur,
235 1539 382 1575 legeretur,
395 1540 495 1568 divinis
508 1540 537 1568 in
551 1541 654 1568 eisdem
671 1541 870 1576 inserviretur;
889 1550 956 1570 con-
970 1561 992 1591 ο

165 1589 205 1612 tra
232 1592 329 1613 omnes
343 1586 486 1614 sententiae
500 1587 606 1615 acerbae
627 1591 692 1615 sunt
708 1593 736 1616 ct
763 1588 873 1615 decreta
888 1588 956 1616 dura

164 1631 248 1664 edita,
263 1631 299 1658 ita
321 1636 351 1659 ut
363 1639 446 1659 nemo
460 1632 493 1659 ad
509 1640 560 1660 nos
575 1633 690 1668 propius
702 1634 833 1661 accedere
846 1634 955 1662 audeat.

165 1676 237 1709 Quid
269 1684 339 1712 opus
374 1684 591 1706 commemorare
627 1678 802 1713 quotidianas
846 1687 946 1706 CXHIS-

162 1722 264 1754 siones,
305 1722 472 1755 decisiones,
527 1723 796 1757 condemnationes;
837 1724 863 1751 in
896 1724 956 1759 qui-

168 1767 220 1795 bus
243 1775 330 1796 nemo
351 1767 430 1796 testis
469 1773 622 1804 comparet,
640 1777 723 1797 nemo
755 1777 804 1804 pro
826 1770 957 1797 tribunali

162 1812 258 1848 iudex,
270 1819 351 1841 nemo
364 1817 524 1847 accusator;
545 1821 599 1841 non
615 1813 710 1841 dixero
733 1820 827 1842 contra
842 1820 956 1850 memet,

163 1858 214 1887 sed
229 1863 326 1887 contra
353 1860 467 1893 amicos,
488 1860 717 1896 consanguineos,
736 1868 830 1889 servos
844 1862 957 1890 omnino

163 1914 271 1939 manes,
298 1913 367 1941 quos
384 1906 474 1941 aliqua
500 1907 611 1934 suberat
632 1908 769 1943 cogitatio,
788 1915 833 1935 me
845 1908 957 1936 omnino

163 1958 219 1978 non
235 1950 386 1986 negligere.
406 1951 485 1984 Quod
498 1951 522 1979 si
539 1951 649 1979 tandem
662 1958 818 1986 cessarunt,
841 1953 957 1980 investi-

163 2001 260 2031 gantes
285 1997 460 2031 quaestiones,
486 2006 540 2025 non
569 1998 599 2026 ﬁt
622 1999 650 2026 id
673 2007 706 2026 ex
738 2000 822 2027 animi
835 2000 957 2036 ipsorum

163 2042 311 2074 sententia,
323 2047 370 2070 aut
387 2048 500 2078 propter
510 2044 629 2079 aliquam
643 2045 772 2073 virtutem
788 2053 893 2080 meam;
908 2047 957 2075 sed

163 2088 199 2116 ab
207 2088 313 2116 excelsa
326 2088 357 2115 iit
365 2093 392 2116 ct
401 2089 535 2123 profunda
545 2089 592 2117 Dei
602 2090 799 2124 misericordia,
810 2099 824 2119 a
834 2100 885 2127 qua
899 2093 956 2120 sola

163 2134 325 2169 pendemus,
337 2136 423 2163 etsub
431 2144 483 2171 qua
497 2136 524 2163 in
536 2136 593 2164 vita
608 2137 759 2172 agitamur;
772 2139 815 2166 bis
823 2143 863 2166 tot
873 2140 957 2168 tantis

163 2181 318 2216 talibusque
338 2182 467 2210 exhausti
484 2181 621 2215 ﬂuctibus,
635 2191 685 2218 pro
705 2184 827 2219 cognatis
847 2191 954 2219 autem,

162 2235 212 2262 pro
225 2227 332 2260 amicis,
350 2235 402 2263 pro
424 2228 543 2260 famulis,
561 2235 610 2263 pro
633 2230 798 2258 canentibus
818 2230 952 2266 Psalmos,
970 2229 993 2257 D

163 2279 215 2306 pro
229 2279 394 2307 quocunque
419 2273 539 2300 humano
553 2273 666 2308 solatio;
693 2274 804 2308 milites,
830 2277 953 2305 custodia

163 2318 275 2350 tribuni,
289 2318 393 2352 vicarii,
409 2319 541 2347 militares
556 2319 641 2354 copim
655 2328 706 2348 nos
734 2321 951 2351 circumsistunt.

100 2389 105 2394 ,
162 2363 240 2391 Unde
255 2365 357 2398 poterit
377 2365 467 2392 amina
482 2369 521 2392 tot
543 2367 675 2393 malorum
690 2366 805 2395 falcibus
817 2368 913 2401 divisa.
936 2377 951 2397 a

162 2417 278 2444 corpore
291 2417 346 2436 non
361 2409 459 2444 abripi,
481 2415 509 2438 et
521 2411 663 2447 aufugere,
677 2417 752 2440 certe
764 2418 791 2441 et
807 2413 859 2443 hoc
884 2415 950 2443 milii

163 2461 297 2481 summam
306 2454 506 2482 dubitationem
518 2459 620 2483 movet.

440 2552 552 2581 EPIST.
573 2551 669 2581 XXXI.

214 2597 313 2624 Joanni
329 2599 441 2625 nutricio
456 2603 482 2625 et
499 2599 634 2626 sacellano
662 2601 733 2634 apud
747 2601 889 2636 Augurius.

784 2681 917 2709 Monlacut.
937 2685 990 2717 (ep.

199 2722 292 2750 Talem
306 2730 356 2757 ego
369 2722 494 2749 mihimet
508 2722 625 2749 amicum
639 2722 805 2760 conjungere
816 2732 952 2762 optarem,

163 2778 212 2805 per
230 2777 311 2805 quem
325 2777 414 2805 neque
427 2769 589 2804 superbicns
599 2769 688 2804 aliqua
701 2771 787 2805 gratia
803 2777 831 2800 et
844 2774 951 2802 excelsa

1009 272 1098 299 ἀετῶν
1113 273 1192 309 γένη,
1209 275 1256 302 καὶ
1272 276 1391 309 ίκτίνων,
1415 277 1462 304 καὶ
1481 277 1600 313 ἱεράκων
1622 280 1678 311 τοίς
1694 280 1800 316 σπλάγ-

1010 326 1085 352 χνοις
1110 318 1144 345 ἂν
1169 319 1370 356 διεὸόσκησανο
1387 323 1455 350 ἀλλὰ
1485 324 1535 351 καὶ
1559 325 1723 360 παρδάλεις,
1752 327 1800 354 καὶ

1009 362 1131 396 λέοντας,
1148 365 1196 391 καὶ
1210 365 1293 402 θηρία
1308 368 1397 395 πάντα
1410 369 1461 396 οὐκ
1474 369 1507 397 ἂν
1521 372 1579 402 τοῖς
1600 371 1728 405 ὲγκάτοις
1751 373 1800 399 ὲπκ

1010 409 1135 443 αφιέντες
1151 411 1304 448 ἀπέκαμον.
1317 414 1353 441 Σὺ
1364 414 1393 441 δὲ
1405 416 1513 449 σκόπει,
1527 417 1566 449 ὡς
1578 418 1603 444 εί
1615 419 1663 445 καὶ
1673 418 1704 445 τὺ
1718 426 1798 454 ποιη-

1009 456 1063 483 τῶν
1082 456 1162 491 γένος
1185 458 1272 486 ταῦτα
1291 461 1471 495 σχηματίζειν
1495 462 1684 496 ἐπιλέλοιπεν,
1700 464 1757 491 ἀλλ’
1780 465 1798 500 ἦ

1009 510 1041 536 γε
1064 503 1214 538 καθ’-ἡμᾶς
1228 505 1277 540 τῆς
1300 505 1431 541 ἀληθείας
1448 507 1587 543 ἀκρίϐεια,
1609 509 1660 535 οὐκ
1679 510 1797 545 ἀπέστη,

1010 547 1201 585 φοὸερωτέραν
1228 550 1280 586 τὴν
1307 552 1445 588 τιμωρίαν
1474 554 1706 582 ὲπανατείνουσα”
1742 555 1800 591 πῦρ

1008 593 1210 630 άτελεύτητονυ
1236 597 1283 623 καὶ
1313 597 1408 629 σκότος
1434 598 1566 634 ἐξώτερον
1579 607 1587 615 ·
1605 600 1654 626 καὶ
1676 599 1801 635 βρυγμδν

1008 640 1122 668 ὀδόντων
1133 650 1141 658 ·
1159 642 1207 670 καὶ
1224 643 1376 678 σκωλήκων
1395 643 1498 679 πλῆθος
1516 645 1728 680 ὑπστρωννῦσα
1742 647 1799 678 τοῖς

1008 685 1225 721 ἁμαρτάνουσιν.
1249 688 1282 714 Εἰ
1296 687 1325 714 δέ
1351 696 1382 714 σε
1403 689 1451 715 καὶ
1475 688 1530 716 τῶν
1555 689 1706 725 μελλόντων
1721 690 1802 717 οὔπω

1009 731 1147 759 συστέλλει
1160 733 1174 759 ό
1188 732 1281 767 φόϐος,
1298 733 1360 760 οὐδὲ
1374 734 1424 770 τῆς
1436 735 1555 769 ἀτάκτου
1571 735 1620 762 καὶ
1634 735 1733 770 ἀλόγου
1749 744 1799 770 φο-

1009 778 1059 813 ρᾶς
1072 778 1222 806 ἀνακόπτει
1233 787 1241 795 ⁵
1256 779 1324 807 ἀλλὰ
1344 779 1398 807 κᾶν
1413 780 1479 815 γοῦν
1495 781 1526 808 τὺ
1545 782 1671 817 Σοδόμων
1683 783 1732 809 καὶ
1749 783 1800 809 Γος

1010 823 1114 858 μόῤῥας
1127 824 1303 860 ἀνάγραπτον
1318 827 1366 852 καὶ
1377 826 1572 863 ἅπαράκλητον
1590 827 1693 860 πάθοςσ
1706 827 1753 854 καὶ
1767 828 1800 855 τδ

972 893 994 914 p
1009 869 1098 896 κοινὸν
1112 869 1168 897 τῶν
1183 870 1336 906 ἀνθρώπων
1350 872 1480 907 ναυάγιον
1492 873 1507 900 ὀ
1521 873 1715 908 κατακλυσμός
1725 880 1733 888 ·
1750 873 1800 900 καὶ

1007 915 1043 942 τὰ
1055 915 1229 952 καθημερινὰ
1240 917 1290 952 τῆς
1307 919 1435 954 προνοίας
1451 918 1530 956 ἔργα,
1542 919 1581 952 εἰς
1593 918 1720 955 σώφρονα
1733 919 1800 951 τοὺς

1008 961 1156 998 λογισμοὺς
1172 964 1416 1000 μεταῤῥυθμιζὲτω
1432 964 1558 1001 μελέτην.

1319 1062 1432 1089 ΕΠΙΣΤ.
1451 1062 1491 1090 A’.

1202 1107 1322 1143 Μιχαὴλ
1339 1107 1604 1142 πρωτοσπαθαρίῳ.

1010 1161 1050 1192 83,
1069 1169 1093 1194 ρ.
1115 1164 1181 1196 ut).

1045 1217 1082 1244 Τὸ
1094 1218 1173 1253 σῶμα
1188 1218 1247 1251 ταῖς
1264 1219 1352 1251 νόσοις
1362 1227 1368 1234 ·
1384 1220 1401 1254 ἡ
1416 1219 1445 1245 δὲ
1461 1217 1535 1254 ψυχὴ
1549 1218 1606 1249 τοῖς
1620 1217 1800 1252 παθήμασιν

1009 1264 1023 1291 ὁ
1043 1263 1071 1290 δὲ
1087 1263 1145 1299 βίος
1169 1263 1229 1296 ὅλος
1243 1265 1304 1296 ταῖς
1318 1263 1348 1297 ἐξ
1367 1264 1520 1300 ἀνθρώπων
1534 1263 1678 1298 ἐπηρείαις
1697 1263 1800 1288 ἀπεῖπε

1009 1310 1279 1346 ταλαιπωρούμενος.
1296 1310 1382 1337 Φίλων
1401 1309 1515 1345 apeiria,
1532 1308 1706 1344 θεραπόντων
1725 1307 1801 1334 αίκι-

1012 1356 1075 1390 σμοὶ
1099 1356 1146 1383 καὶ
1163 1355 1360 1391 αἰχμαλωσίαι,
1386 1356 1528 1390 συγγενεῖς
1546 1355 1580 1390 τῇ
1605 1353 1661 1381 τῶν
1677 1352 1801 1380 ἀπειλῶν

1010 1401 1141 1438 βαρύτητι
1153 1401 1179 1421 ιι·
1197 1403 1340 1438 στερήσεις
1364 1402 1413 1428 καὶ
1437 1400 1527 1428 αὐτῶν
1550 1400 1605 1428 τῶν
1622 1399 1800 1434 ἀναγκαίων

1010 1449 1134 1483 ἁρπαγαὶ
1161 1447 1289 1483 βιϐλίων,
1313 1448 1393 1483 ἱερῶν
1418 1446 1599 1483 ὲκπορθήτεις
1623 1445 1724 1478 οἴκων,
1750 1444 1801 1476 οὓς

1011 1494 1167 1530 ἱλαστήριον
1190 1495 1270 1529 ἡμεῖς
1289 1493 1484 1530 ὲστησάμεθα,
1506 1492 1678 1527 ψαλλόντων,
1702 1492 1802 1526 ἀναγι-

1011 1541 1186 1572 νωσκόντων,
1214 1541 1243 1566 ὲν
1269 1540 1337 1566 πᾶσι
1366 1539 1449 1571 θείοις
1475 1537 1701 1574 ὑπηρετούντων·
1727 1536 1802 1563 κατὰ

1008 1586 1117 1613 πάντων
1130 1586 1224 1617 ἅπλῶς
1248 1585 1399 1619 ἀποφάσεις
1415 1584 1533 1619 πικραὶ,
1550 1584 1599 1611 καὶ
1615 1583 1800 1617 ψηφίσματα,

1006 1633 1050 1661 ῐνα
1066 1633 1161 1668 μηδεὶς
1186 1632 1252 1668 μηδὲ
1268 1631 1315 1658 τοῦ
1331 1630 1535 1667 παραγενέσθαι
1553 1629 1622 1666 πρὸς
1640 1629 1714 1664 ἡμᾶς
1729 1628 1802 1664 πλη-

1007 1679 1072 1708 σίον,
1088 1679 1211 1714 γένηται.
1238 1678 1272 1705 Τί
1296 1678 1338 1705 δεῖ
1365 1671 1416 1709 τὰς
1446 1676 1614 1712 ὲφημερίους
1639 1675 1801 1710 ἀνακρίσεις

1006 1725 1114 1760 λέγειν,
1139 1724 1189 1751 καὶ
1214 1724 1335 1760 κρίσεις,
1362 1723 1410 1750 καὶ
1435 1722 1630 1758 κατακρίσεις·
1653 1718 1690 1748 ὢν
1709 1720 1801 1750 οὐδεὶς

1006 1769 1068 1796 οὔτε
1089 1769 1202 1804 μάρτυς,
1222 1767 1285 1795 οὔτε
1302 1768 1411 1803 κριτὴς,
1428 1767 1487 1794 ἀλλ’
1510 1767 1570 1794 οὐδὲ
1592 1766 1747 1801 κατήγορος
1767 1764 1799 1791 οὐ

1006 1815 1070 1843 καθ’
1081 1815 1161 1851 ἡμῶν
1186 1815 1277 1850 μόνον,
1301 1813 1367 1840 ἀλλὰ
1381 1813 1428 1840 καὶ
1446 1812 1518 1840 κατὰ
1535 1812 1638 1847 φίλων,
1664 1811 1712 1838 καὶ
1727 1810 1802 1837 κατὰ

1007 1861 1157 1895 συγγενῶν,
1174 1859 1221 1887 καὶ
1233 1859 1419 1895 θεραπόντων,
1434 1859 1482 1885 καὶ
1494 1858 1567 1886 κατὰ
1581 1857 1689 1884 πάντων
1703 1856 1804 1889 ἁπλῶς

1006 1908 1047 1939 εἰς
1070 1906 1117 1939 οὓς
1138 1906 1237 1938 αὐτοὺς
1259 1906 1275 1941 ἡ
1295 1905 1343 1932 τοῦ
1365 1905 1480 1940 μελετᾷν
1504 1904 1565 1930 καθ’
1591 1903 1670 1939 ἡμῶν
1687 1902 1805 1930 ἐλαύνει

1008 1953 1125 1981 ἐπίνοια.
1148 1953 1180 1979 Ei
1199 1953 1227 1979 δὲ
1248 1952 1295 1979 καὶ
1311 1951 1433 1984 ἐξέλιπον
1454 1956 1466 1970 ε
1487 1950 1674 1986 ὲξερευνήσεις
1688 1949 1808 1984 ἐξερευ-

1007 1999 1123 2031 νῶντες,
1142 1997 1204 2025 οὔτε
1227 1998 1279 2034 τῆς
1304 1998 1416 2024 ἐκείνων
1435 1996 1548 2031 γνώμης
1566 1995 1629 2022 οὔτε
1650 1995 1700 2030 τῆς
1719 1995 1810 2030 ἡμῶν

1006 2045 1119 2080 ἀρετῆς,
1139 2044 1206 2072 ἀλλὰ
1222 2045 1272 2080 τῆς
1287 2043 1397 2080 βαθείας
1411 2043 1458 2069 καὶ
1474 2042 1578 2078 ὑψηλῆς
1591 2040 1810 2076 φιλανθρωπίας

1006 2092 1054 2119 τοῦ
1077 2091 1145 2118 Θεοῦ
1172 2089 1206 2127 ἧς
1236 2091 1320 2126 μόνης
1336 2089 1482 2125 ὴρτήμεθα
1494 2109 1500 2121 ,
1516 2088 1563 2115 καὶ
1582 2088 1623 2123 ἐφ’
1670 2087 1716 2114 τδν
1743 2086 1812 2122 βίον

1008 2137 1158 2172 σαλεύομεν
1170 2145 1178 2153 ⁰
1204 2136 1341 2168 τοσούτοις
1358 2135 1408 2162 καὶ
1426 2135 1595 2170 τηλικούτοις
1618 2133 1813 2169 περιαντλοὺ-

1009 2192 1084 2219 μενοι
1097 2183 1228 2219 κύμασιν,
1244 2183 1305 2210 άντὶ
1321 2183 1350 2209 δὲ,
1373 2182 1523 2216 συγγενῶν,
1542 2181 1604 2208 ἀντὶ
1625 2181 1721 2215 φίλων,
1738 2180 1817 2208 ἀντὶ

1006 2231 1034 2257 δὲ
1054 2229 1244 2265 θεραπόντων,
1275 2228 1336 2255 ἀντὶ
1362 2227 1536 2262 ψαλλόντων,
1562 2227 1623 2253 ἀντὶ
1649 2226 1677 2252 δὲ
1706 2226 1816 2262 πάὸ-ης

1008 2276 1183 2312 ἀνθρωπίνης
1208 2274 1400 2309 παραμυθίας,
1416 2273 1461 2306 τί;
1481 2272 1646 2307 στρατιῶται
1661 2271 1709 2298 καὶ
1736 2281 1817 2298 ιου-

1009 2322 1117 2353 στωδία,
1139 2322 1188 2348 καὶ
1208 2320 1356 2356 τριϐοὖνοι,
1377 2319 1425 2346 καὶ
1447 2319 1575 2354 βικάριοι,
1594 2318 1642 2344 καὶ
1662 2325 1819 2352 στρατιω-

1005 2368 1078 2396 τικοὶ
1095 2367 1168 2402 λόχοι
1192 2365 1401 2402 περικάϐηνται.
1425 2365 1488 2396 Πῶς
1511 2363 1558 2392 οὖν
1580 2365 1597 2398 ἡ
1610 2363 1684 2398 ψυχὴ
1703 2364 1820 2390 r0606—

1004 2424 1062 2447 τοις
1077 2414 1172 2442 κακῶν
1188 2413 1332 2449 δρεπάνοις
1348 2410 1526 2447 διαιρουμένη
1541 2409 1589 2436 τοῦ
1604 2408 1733 2444 σώματος
1753 2410 1822 2437 οὐκ

1004 2462 1112 2499 ἐρράγη
1137 2460 1185 2487 καὶ
1210 2460 1336 2495 ἐξέφυγε,
1354 2459 1434 2485 τοῦτο
1448 2457 1496 2485 καὶ
1520 2457 1594 2493 ἡμᾶς
1616 2457 1656 2487 είς
1677 2456 1822 2489 «impia.»

1003 2508 1188 2544 περιίστησιν.

1304 2550 1418 2578 ΕΠΙΣΤ.
1440 2551 1503 2577 AA’.

1007 2601 1130 2635 Ἰωάννῃ
1156 2599 1301 2635 πατρικίῳ
1324 2597 1375 2624 καὶ
1399 2596 1601 2635 σᾳκελλίιρίῳ,
1635 2593 1712 2621 κατὰ
1729 2595 1826 2630 τοὺς

1296 2631 1498 2667 Ἀτνγουρίους.

1007 2685 1049 2715 86,
1067 2691 1092 2716 p.
1110 2682 1177 2715 151).

1049 2728 1177 2763 Ἐλοίμην
1192 2726 1226 2754 ἂν
1240 2725 1328 2760 ἔγωγε
1346 2724 1422 2759 φίλον
1433 2722 1545 2759 ἐμαυτῷ
1560 2722 1700 2756 συζεῦξαι,
1715 2722 1758 2757 ἐξ
1774 2721 1830 2759 οὗ,

1008 2775 1077 2810 μήτε
1101 2773 1156 2801 τῶν
1182 2770 1366 2809 ὑπερηφάνων
1395 2778 1440 2806 μοι
1461 2768 1582 2805 χαρίτων
1611 2767 1658 2795 καὶ
1685 2767 1831 2806 ὑψηλῶν

788 2832 906 2862 νΑιιιΛῑ
925 2833 1131 2864 LECTIONES.

200 2879 214 2896 ἰ
228 2880 421 2912 διασπώμενοι.
464 2888 474 2901 ε
489 2883 521 2909 ϊσ
548 2882 612 2910 add.
634 2891 709 2910 ποτε.
