1928 3097
131 158 182 190 949

704 154 972 189 EPISTOLARUM
992 158 1109 189 LIBER
1126 158 1186 189 III:

1708 157 1760 188 950

132 214 217 253 μηδὲν
236 213 335 247 ἔσοιτο,
356 214 425 250 μήτε
449 213 543 246 δεδιὼς
571 213 642 249 εἴην,
673 213 781 248 μήποτε
803 213 924 245 πνεύσας

979 213 1160 248 impertiatur,
1194 220 1284 248 neque
1298 220 1313 240 a
1328 219 1382 248 quo
1406 212 1528 244 timeam,
1545 217 1580 238 ne
1592 217 1625 238 ex
1645 210 1760 238 adverso

131 262 162 288 ὲκ
186 260 232 288 τοῦ
257 260 378 287 ἐναντίου
404 259 639 296 συγκατασπάσῃ,
660 259 708 286 καὶ
724 258 743 286 ἃ.
759 258 828 294 μηδὲ
850 259 917 295 ὗναρ

131 307 235 334 ἐκεῖθεν
249 307 363 342 ἤλπισα.
381 306 467 332 Πόθεν
483 303 530 333 οὖν
545 306 586 338 είς
601 304 704 341 ταύτην
727 304 846 337 ὲξέπεσα
868 305 918 341 τὴν

133 353 275 388 βούλησιν;
290 353 319 380 αί
334 352 380 380 σαὶ
393 351 520 388 πράξεις,
534 352 581 379 τοῦ
595 360 660 379 ποτε
675 352 818 387 φιλοῦντος
832 353 916 388 ἡμᾶς,

132 398 178 425 ἐπὶ
193 398 297 433 ταύτην
309 397 424 433 ἤγαγον.

428 497 542 524 ΕΠΙΣΤ.
562 496 626 524 AB’.

249 543 353 578 Βαάνῃ
375 543 563 578 πραιποσίτῳ
582 542 632 571 καί
649 543 800 578 πατρικίῳ.

970 260 1036 287 mihi
1058 259 1159 295 aliquid
1179 259 1284 286 affletur
1297 259 1370 286 unde
1383 258 1557 293 disjiciantur
1569 264 1614 284 res
1635 264 1714 288 meae,
1733 261 1761 284 et

971 313 1002 332 ea
1018 305 1045 332 in
1055 313 1098 333 me
1110 305 1317 338 contrahantur,
1328 312 1388 340 quae
1399 312 1433 331 ne
1447 311 1496 339 per
1511 310 1636 331 somnum
1651 303 1761 338 quidem

975 350 1132 386 cogitaram.
1164 351 1214 378 Ast
1244 351 1318 378 unde
1337 350 1404 378 mihi
1424 350 1477 377 hoc
1494 349 1604 377 consilii
1620 349 1761 377 aboritur?

973 401 1028 424 tuae
1051 404 1096 424 me
1111 396 1233 425 actiones
1252 396 1420 431 impulerunt
1447 396 1475 423 in
1494 395 1573 423 hanc
1584 395 1760 429 sententiam,

973 443 1021 478 qui
1034 443 1098 470 olim
1113 451 1158 471 me
1176 443 1318 471 dilinebas.

1243 498 1352 527 EI’IST.
1374 498 1482 527 XXXII.

1151 545 1252 574 Baame
1266 546 1408 581 praeposito
1422 551 1447 573 et
1464 546 1586 580 patricio.

759 602 893 628 Montacut.
913 603 965 635 (ep.
981 604 1024 635 91,
1039 611 1065 637 p.
1081 604 1148 636 155).

169 649 224 680 Ἦν
237 661 301 680 ποτε
317 652 433 688 κρύφιος
447 652 524 688 φίλος
535 653 550 680 ὁ
574 653 673 690 Ἰωσὴφ
683 673 692 686 ,
706 653 754 680 καὶ
766 654 922 689 νυκτερινὸς

135 698 260 734 μαθητὴς
272 699 320 726 τοῦ
334 699 401 734 ἐμοῦ
417 699 555 726 Δεσπότου
572 699 620 726 καὶ
631 699 699 725 Θεοῦ
709 707 716 714 ·
735 699 795 726 ἀλλ’
809 699 923 735 ὕστερον

133 745 198 776 τοὺς
217 744 332 780 δεσμοὺς
358 745 518 781 ἀπορρήξας
544 744 595 779 τῆς
620 744 732 777 δειλίας,
749 745 803 772 τῶν
827 746 868 777 είς
891 745 923 772 τὸ

1011 655 1076 684 Erat
1091 656 1236 692 aliquando
1253 657 1365 693 .loseph,
1385 657 1502 685 latenter
1530 655 1635 684 amicus
1661 659 1689 684 et
1710 663 1767 684 no-

975 707 1092 731 cturnus
1106 703 1257 739 discipulus
1283 703 1331 731 Dei
1349 707 1378 731 et
1401 703 1508 731 Domini
1522 702 1590 736 mei;
1608 702 1655 730 sed
1677 703 1764 737 ruptis

974 753 1070 784 postea
1101 749 1218 777 vinculis
1253 749 1483 782 meticulositatis,
1511 748 1705 776 inﬁammatius
1737 752 1766 775 et

134 789 252 826 φανερὸν
276 790 426 825 φιλούντων
449 790 615 827 θερμότερος
630 790 678 818 καὶ
698 790 922 827 θαρῥαλεώτερος

979 793 1160 821 conﬁdentius
1173 801 1204 822 sc
1230 794 1325 829 gessit,
1341 801 1422 829 quam
1436 793 1485 828 illi,
1501 794 1547 828 qui
1576 793 1701 821 amabant
1716 800 1765 827 pa-

134 835 248 870 γέγονει
272 836 320 862 καὶ
341 836 371 862 τδ
397 836 563 863 Δεσποτικὸν
586 835 629 870 ἐφ’
653 835 732 871 ὕϐρει
750 837 922 872 κρεμάμενον

136 881 215 916 σῶμα
243 880 291 908 τοῦ
316 881 394 914 ξύλου
412 880 552 914 καθελὼν,
575 881 624 916 τῆς
646 881 761 916 δυνατῆς
775 881 924 916 θεραπείας

133 927 185 954 οὐκ
214 927 347 962 ἠμέλησε.
375 928 467 963 Μέχρι
492 928 566 960 τίνος
587 927 677 954 τοίνυν
705 927 753 954 καὶ
775 927 856 960 αὐτὸς
880 927 924 955 διὰ

134 973 230 1006 νυκτὸς
245 974 318 1009 ἡμᾶς
334 974 492 1010 ἀγαπήσας,
508 974 577 1001 ἀλλὰ
595 973 633 1009 μὴ
649 973 736 1008 φωτὸς
752 966 801 1000 καὶ
817 973 925 1009 ἡμέρας

135 1019 192 1051 υίδς
204 1019 334 1054 γεγονὼς,
354 1020 446 1055 ῥήξεις
461 1019 540 1053 ἀξίαν
555 1019 647 1054 φωνὴν
661 1019 712 1055 τῆς
733 1018 833 1054 Ἰωσὴφ
850 1020 922 1055 παῤ-

136 1065 245 1100 ρηαίας,
259 1065 308 1092 καὶ
321 1064 447 1097 καθελεῖς
460 1065 511 1092 οὐκ
523 1064 578 1092 ἀπὸ
598 1064 676 1098 ξύλου
696 1064 727 1092 τὺ
747 1064 838 1100 σῶμα,
855 1065 924 1093 ἀλλὰ

137 1109 243 1145 μυρίων
254 1110 415 1145 πειρασμῶν
428 1110 476 1137 καὶ
490 1110 606 1146 Θλίψεων
617 1111 664 1137 καὶ
677 1110 864 1145 ταλαιπωρίας
876 1110 925 1137 καὶ

136 1156 238 1191 πικροῦ
257 1157 390 1192 ῥυόμενος
404 1156 452 1183 καὶ
468 1155 651 1192 καθημερινοΰ
673 1155 788 1183 θανάτου
810 1154 882 1189 ίςἘί
896 1156 925 1183 δέ

136 1210 168 1230 σε
179 1203 196 1238 ἡ
210 1202 257 1229 τοῦ
271 1201 372 1238 κόσμου
389 1202 475 1238 φιλία,
493 1203 541 1230 καὶ
551 1203 568 1238 ἠ
586 1202 654 1238 πρὸς
668 1202 750 1231 αὐτὸν
769 1202 929 1238 συμπάθεια

136 1248 187 1275 οὐκ
213 1249 256 1284 ἐᾷ,
280 1248 370 1284 μάτην
392 1249 432 1281 είς
455 1247 618 1284 καταφυγὴν
641 1249 690 1276 καὶ
717 1247 893 1284 παράδειγμα
913 1249 928 1275 ό

143 1294 243 1330 Ἰωσὴφ
258 1294 394 1331 ἐπενοήθη
411 1294 460 1321 καὶ
477 1294 686 1330 προκομίζεται.

433 1351 550 1378 ΕΠΙΣΤ;
571 1350 630 1379 AI".

179 1396 305 1432 Ἰωάννῃ
324 1398 468 1432 πατρικιῳ
482 1397 532 1425 καί
554 1397 710 1433 στρατηγῷ
735 1397 880 1430 Ἑλλάδος
900 1394 904 1426 ί

973 839 1027 866 lam
1045 846 1052 865 :
1071 838 1246 867 Dominicum
1259 847 1362 875 corpus
1374 839 1572 868 contumeliose
1589 846 1764 875 suspensum,

973 883 1007 911 de
1035 883 1108 919 ligno
1135 884 1255 917 sustulit,
1285 888 1313 912 et
1342 891 1397 919 quo
1425 883 1515 920 potuit
1543 884 1625 911 modo
1648 884 1766 912 curavit.

973 928 1122 964 Quousque
1131 933 1160 957 tu
1176 933 1205 957 et
1215 936 1259 956 me
1271 937 1320 964 per
1330 934 1439 957 noctem
1453 929 1603 957 dilecturus
1611 937 1652 963 es,
1667 935 1766 957 etnon

974 974 1042 1002 lucis
1052 979 1134 1010 atque
1145 975 1200 1003 diei
1211 974 1300 1004 factus
1317 975 1399 1009 ﬁlius,
1410 983 1506 1003 vocem
1521 975 1631 1011 dignam
1654 983 1767 1011 rumpes

975 1020 1088 1056 Josephi
1115 1020 1287 1055 fortitudine,
1317 1026 1347 1049 et
1370 1029 1426 1050 non
1441 1021 1552 1056 quidem
1571 1028 1670 1056 corpus
1684 1021 1719 1049 de
1735 1021 1768 1048 li-

976 1075 1029 1103 gno
1040 1067 1159 1100 auferes,
1177 1067 1225 1095 sed
1241 1068 1276 1095 de
1295 1067 1370 1095 mille
1383 1067 1471 1095 modis
1489 1067 1679 1100 tentationum,
1699 1067 1772 1095 δίιιὶ-

976 1113 1113 1146 ctionum,
1132 1112 1318 1145 miseriarum,
1347 1112 1445 1140 acerba
1465 1117 1493 1140 et
1507 1113 1663 1147 quotidiana
1680 1116 1768 1139 morte

978 1159 1118 1194 expedies.
1145 1159 1223 1192 Quod
1252 1159 1275 1186 si
1295 1162 1322 1186 te
1344 1158 1477 1193 impediat
1494 1158 1615 1185 amicitia
1627 1157 1724 1185 mundi
1740 1161 1779 1184 et.

976 1206 1091 1234 affectus
1100 1213 1164 1241 erga
1182 1204 1329 1238 mundum,
1349 1204 1450 1232 frustra
1466 1203 1514 1232 tibi
1537 1202 1696 1239 excogitasti
1721 1202 1769 1230 Jo-

976 1255 1105 1289 sephum,
1119 1257 1147 1281 et
1169 1253 1198 1280 in
1223 1252 1346 1280 medium
1372 1251 1487 1280 adducis
1503 1255 1631 1286 tanquam
1644 1253 1768 1279 recenta-

976 1298 1076 1327 culum,
1084 1303 1118 1326 ct.
1125 1298 1276 1333 exemplar.

1267 1350 1378 1379 EPIST.
1398 1349 1519 1379 XXXI".

1134 1397 1232 1425 Joanni
1239 1397 1368 1432 patricio,
1380 1401 1403 1424 et
1417 1395 1526 1423 Gracia:
1556 1395 1628 1423 duci.

762 1453 896 1479 Montaeut.
917 1453 969 1486 (ep.
986 1452 1026 1484 93,
1043 1460 1067 1485 p.
1085 1453 1151 1485 154).

174 1501 295 1538 Εὔνομος
316 1503 388 1539 ᾄδων
408 1504 589 1540 ὲσεμνύτετο,
612 1505 689 1540 φασὶ,
710 1505 724 1532 ό
743 1505 857 1542 Λοκρός.
875 1506 925 1532 Καὶ

1017 1504 1141 1533 Celebris
1167 1504 1282 1532 habetur
1311 1503 1451 1531 Eunomus
1486 1501 1630 1530 Locrensis
1663 1504 1768 1528 cantor.

138 1546 185 1584 ᾖδε
207 1548 262 1584 γὰρ
285 1548 406 1583 θέλγων,
433 1550 479 1577 καὶ
503 1550 673 1586 κηλούμενος
697 1552 760 1584 τοὺς
779 1552 927 1587 ἀκροατάς.

137 1593 210 1625 Μιᾶς
223 1593 251 1621 δέ
268 1602 332 1621 ποτε
348 1595 479 1630 ῥαγείσης
491 1595 566 1631 αὐτῷ
586 1596 700 1632 χορδῶν,
714 1597 804 1630 τέττιξ
820 1597 867 1625 ἐπὶ
884 1598 930 1625 τὸν

138 1638 229 1674 πῆχυν
241 1639 367 1673 καθίσας,
379 1641 426 1668 τὸν
439 1640 557 1676 φθόγγον
568 1642 724 1678 ἀνεπλήρου
735 1642 785 1678 τῆς
798 1643 929 1678 ῥαγείσης

138 1686 246 1721 χορδῆς,
262 1686 309 1713 καὶ
322 1684 357 1721 ἦν
368 1687 483 1723 Εὐνόμῳ
500 1687 582 1716 πάλιν
595 1689 680 1725 ᾄδειν,
693 1689 731 1721 ὡς
744 1689 775 1716 τὸ
787 1680 929 1725 πρότερον,

138 1731 277 1766 ἐμμελῶς.
295 1732 327 1759 El
354 1733 382 1760 δε
404 1741 436 1767 γε
453 1734 519 1769 ήμῖν
530 1755 537 1767 ,
562 1734 624 1769 ἀντὶ
643 1734 767 1768 τέττιγος
786 1736 834 1761 καὶ
851 1735 930 1771 ξένης

138 1776 222 1810 ᾠδῆς,
239 1777 291 1812 τῆς
308 1778 357 1813 σῆς
371 1778 474 1812 φιλίας,
488 1779 539 1806 οὐκ
556 1777 605 1806 οἷδ’
619 1779 681 1807 ὅθεν
700 1780 930 1816 περιρῤαγείσης,

139 1821 384 1858 ἀποκαταστήσας,
403 1823 485 1850 πάλιν
510 1824 639 1856 ὲντείνεις
654 1824 704 1861 τὴν
719 1825 820 1861 νευρὰν
830 1845 838 1858 ,
865 1826 929 1858 ἴσως

139 1865 177 1893 ἂν
187 1866 226 1898 είς
241 1867 291 1902 τὴν
306 1868 441 1903 προτέραν
451 1868 531 1904 ήμῶν
544 1869 706 1906 ὁλοκληρίαν
715 1871 730 1897 ὁ
745 1870 803 1906 βίος
816 1872 931 1899 ἐπανελ-

140 1911 214 1944 θὼν,
235 1913 282 1939 καὶ
301 1914 463 1948 συμφωνίαν
484 1915 601 1951 ἀρίστην
619 1915 772 1950 ἀναλαϐὼν,
789 1916 885 1953 ᾅσεταί
903 1927 932 1945 τι

141 1956 221 1992 μέλος
235 1957 418 1994 εὐδαιμονίας,
435 1959 496 1986 ἀντὶ
510 1960 561 1995 τῆς
576 1960 623 1988 νῦν
637 1962 801 1997 τραγῳδίας,
820 1963 868 1998 ἡδὺ
884 1963 930 1991 καὶ

138 2003 255 2038 τερπνόν
264 2011 271 2019 ·
289 2004 335 2031 καὶ
346 2005 403 2038 τοῖς
416 2004 513 2033 ἔπειτα
525 2005 579 2034 τῶν
594 2006 758 2042 ἀνθρώπων,
774 2008 835 2044 οὐχὶ
848 2008 931 2037 Εὔνο-

140 2057 189 2084 μος
217 2048 265 2077 καὶ
279 2049 445 2086 κιθαρῳδὸς,
462 2051 510 2079 καὶ
531 2051 621 2085 τέττιξ
645 2053 826 2089 μουσουργὸς,
843 2054 930 2090 μύθου

139 2095 253 2131 πλάσμα
265 2097 392 2130 παλαιοῦ,
405 2097 463 2124 ἀλλ’
473 2098 618 2134 ἀρχιερεὺς
631 2099 698 2126 Θεοῦ
713 2101 726 2120 Β
740 2099 817 2134 φίλος
827 2100 929 2135 ἔνθεος,

139 2141 189 2168 καὶ
203 2141 295 2175 καλὸς,
311 2143 352 2175 εἰς
367 2143 545 2180 παράδειγμα
559 2145 606 2172 καὶ
619 2146 771 2181 παροιμίαν
783 2145 928 2182 ἐξαρκέσει

139 2185 280 2223 ἀληθινήν.

439 2245 552 2274 ΕΠΙΣΤ.
566 2248 628 2277 AN.

159 2289 263 2318 Δμέοντι
274 2289 324 2318 καί
336 2291 494 2320 Prudsz
510 2292 653 2328 ἀδελφοῖς
668 2295 717 2322 καί
731 2295 909 2331 ἁσηκρῆτις.

979 1552 1049 1580 Cum
1066 1555 1188 1584 caneret,
1211 1550 1365 1578 oblectabat
1388 1549 1540 1581 audientes,
1561 1551 1589 1575 et
1605 1547 1767 1580 deliniebat;

980 1601 1008 1625 at
1019 1604 1083 1624 cum
1098 1595 1243 1631 aliquando
1262 1602 1315 1622 una
1332 1602 1348 1622 e
1361 1594 1461 1622 ﬁdibus
1476 1596 1659 1628 rumperetur,
1673 1591 1769 1619 cicada

978 1643 1044 1678 jugo
1057 1642 1170 1670 citharae
1186 1641 1319 1674 insidens,
1336 1640 1446 1668 chordae
1458 1639 1574 1674 dirupta:
1591 1637 1666 1666 vices
1680 1637 1770 1665 adim-

980 1688 1085 1723 plebat,
1099 1688 1136 1716 ita
1163 1692 1194 1715 ut
1218 1694 1282 1715 cum
1295 1690 1431 1714 concentu
1451 1684 1581 1712 Eumelus
1596 1683 1636 1711 uti
1649 1682 1770 1718 etprius

980 1738 1103 1761 caneret.
1121 1732 1200 1766 Quod
1229 1732 1252 1759 si
1270 1735 1300 1759 tu
1324 1731 1384 1759 loco
1406 1730 1506 1759 cicadae
1525 1734 1554 1758 et
1573 1733 1672 1757 cantus
1686 1728 1770 1756 alieni

982 1783 1035 1806 tua;
1045 1778 1174 1806 amicitiae
1190 1777 1321 1805 chordam
1339 1776 1432 1803 nescio
1447 1783 1501 1810 quo
1525 1779 1606 1810 pacto
1627 1774 1770 1808 diruptam

981 1823 1125 1856 resarcias,
1155 1828 1183 1851 et
1199 1823 1338 1854 intendas,
1365 1822 1425 1849 ﬁeri
1436 1825 1537 1856 potest,
1553 1820 1648 1848 utvita
1663 1824 1769 1852 nostra,

981 1869 1015 1897 ad
1027 1869 1145 1904 priorem
1162 1868 1347 1904 integritatem
1363 1867 1475 1895 reducta
1491 1866 1624 1901 optimam
1644 1864 1771 1892 conﬁciet

982 1914 1165 1948 harmoniam,
1195 1919 1223 1942 et
1243 1921 1293 1949 pro
1321 1913 1449 1949 praesenti
1474 1912 1615 1948 tragtndia,
1644 1911 1772 1939 concinet

981 1960 1144 1989 cantilenam
1169 1959 1306 1988 felicitatis
1325 1958 1450 1994 alicujus,
1472 1966 1534 1993 qua:
1547 1957 1649 1991 suavis,
1665 1961 1693 1984 et
1708 1964 1771 1984 cum

981 2006 1164 2035 delectatione
1187 2006 1223 2034 sit
1239 2014 1246 2034 :
1263 2010 1290 2034 et
1304 2005 1398 2033 futuro
1414 2005 1515 2033 saeculo
1535 2011 1593 2032 non
1602 2003 1701 2039 aliquis
1716 2003 1771 2030 Eu-

981 2060 1080 2081 nomus
1094 2052 1263 2080 'citbaredus
1284 2055 1333 2078 aut
1360 2051 1453 2079 cicada
1478 2050 1598 2078 musices
1621 2048 1770 2085 operatrix,

981 2104 1097 2127 vetustas
1110 2099 1252 2134 cujusdam
1269 2097 1367 2126 fabulae
1381 2097 1550 2133 ﬁgmentum,
1566 2096 1613 2124 sed
1635 2095 1682 2123 Dei
1701 2103 1772 2130 pon-

983 2145 1049 2173 tifex
1064 2145 1170 2173 amicus
1190 2144 1300 2173 divinus
1313 2147 1340 2171 ct
1353 2143 1444 2171 bonus
1462 2142 1589 2176 sufﬁciet,
1601 2141 1649 2177 qui
1663 2141 1691 2168 in
1707 2147 1772 2176 pro-

943 2177 968 2207 υ
981 2191 1105 2221 verbium
1118 2190 1198 2219 abeat
1212 2197 1306 2218 verum
1319 2188 1496 2231 etexemplar

1249 2246 1360 2275 EPIST.
1382 2244 1503 2272 XXXIV.

1067 2294 1157 2321 Leonti
1169 2298 1193 2321 et
1210 2291 1334 2321 Galatoni
1348 2290 1478 2327 fratribus
1494 2294 1518 2317 et
1539 2298 1555 2317 a
1572 2290 1687 2318 secretis.

760 2342 892 2368 Montacut.
911 2343 962 2375 (ep.
980 2342 1035 2372 103,
1055 2348 1079 2372 p.
1099 2340 1165 2371 150).

176 2389 209 2417 Εί
220 2389 268 2421 τὰς
283 2389 352 2426 πρὸς
364 2389 423 2426 ἔριν
431 2392 610 2427 παρασκευὰς
619 2392 776 2427 ἐξελύσατε,
793 2395 841 2427 τὰς
859 2396 927 2431 διμε-

139 2435 224 2470 τέρας
236 2435 356 2470 ἐντολὰς,
372 2436 424 2463 κᾶν
436 2436 484 2465 νῦν
499 2437 576 2471 γοῦν.
590 2439 651 2465 ἐπεὶ
665 2439 703 2475 μὴ
716 2440 861 2476 πρότερον.
879 2442 927 2468 ὲκ-

139 2479 315 2517 πληρώσατε,
328 2481 374 2508 καὶ
386 2481 416 2508 τὺ
432 2481 533 2517 βιϐλίον
545 2483 729 2519 διορθώσασθε
740 2494 746 2501 ·
760 2485 927 2521 σφαλμάτων

139 2528 196 2562 γὰρ
212 2527 278 2554 αὐτὸ
299 2527 399 2563 μᾶλλον
414 2528 430 2564 ἢ
446 2530 617 2564 γραμμάτων
629 2550 638 2563 ,
651 2531 718 2566 ὁρᾷν
733 2530 791 2558 [an
812 2533 868 2564 τοῖς
883 2533 926 2559 ὲν-

138 2572 304 2608 τυγχάνουσι
325 2573 471 2610 [βιὸλίοψ]
488 2574 560 2602 οὕτω
580 2575 608 2603 δὲ
625 2574 701 2612 οἶμαι
722 2577 793 2604 κατὰ
813 2577 929 2613 σπουδὴν

140 2618 272 2654 πράξασι,
291 2620 361 2655 καὶὴ
376 2620 422 2647 ἐπὶ
436 2621 469 2656 τῇ
485 2621 607 2658 προτέρᾳ
621 2624 748 2659 παρακοῇ
765 2623 928 2659 συγγνώμη,

141 2665 181 2701 μὴ
194 2664 276 2693 πλέον
296 2662 364 2695 οὖσα
378 2665 560 2701 συγγνώμης,
577 2667 645 2696 ἀλλὰ
662 2668 707 2697 τὸν
727 2669 808 2704 ὀρθὸν
824 2670 927 2705 φυλάτ-

139 2719 224 2739 τουσα
237 2711 326 2746 λόγον,
341 2711 565 2747 ἐπακολουθήσει.

1017 2395 1046 2422 Si
1057 2397 1205 2430 apparatus
1217 2395 1325 2420 vestros
1335 2390 1371 2419 ad
1382 2390 1589 2419 contentionem
1595 2388 1694 2417 missos
1704 2388 1770 2417 fect-

981 2441 1041 2474 stis,
1062 2445 1091 2468 at
1114 2447 1199 2473 nunc,
1214 2437 1347 2473 siquidem
1361 2444 1416 2465 non
1445 2435 1531 2471 prius,
1549 2438 1686 2471 pracepta
1708 2442 1770 2462 mea

981 2487 1168 2519 observate,et
1179 2484 1277 2512 librum
1290 2482 1429 2517 corrigite.
1446 2481 1513 2509 Nam
1528 2481 1575 2516 qui
1590 2488 1652 2508 eum
1667 2480 1695 2508 in
1710 2487 1770 2507 ma-

982 2541 1034 2561 nus
1049 2531 1226 2567 sumpserint,
1239 2529 1326 2566 magis
1342 2528 1482 2557 erroribus
1498 2532 1604 2556 scatere
1619 2534 1701 2562 quam
1723 2526 1756 2554 lit

979 2580 1045 2608 teris
1062 2578 1203 2608 videbunt.
1215 2577 1293 2611 Quod
1309 2575 1330 2604 si
1345 2575 1468 2611 gnaviter
1483 2573 1510 2601 in
1524 2574 1576 2601 hcc
1591 2571 1771 2601 incubueritis

979 2625 1087 2653 veniam
1094 2621 1293 2659 consequimini
1307 2621 1341 2649 de
1354 2619 1490 2656 praeterita
1505 2618 1617 2653 insuper
1629 2616 1769 2645 babitiOne

978 2675 1007 2699 et
1030 2670 1166 2706 neglectu,
1185 2676 1237 2698 ucc
1254 2668 1324 2696 ultra
1342 2666 1449 2695 veniam
1478 2665 1542 2701 quid
1558 2661 1768 2698 consequimini,

979 2724 1042 2744 nam
1054 2716 1202 2744 secundum
1219 2719 1319 2743 rectam
1336 2713 1468 2742 rationem
1484 2710 1667 2746 indulgebilttr
1682 2707 1780 2736 vobis.

770 2793 886 2822 VARI/ﬁ
906 2793 1108 2822 LECTIUM'JS.

185 2867 197 2885 ί·
213 2868 256 2894 ῐσ.
273 2868 335 2896 add.
351 2868 399 2904 τὴν
417 2869 517 2904 ψυχήν.
559 2870 570 2888 ⁵
606 2871 662 2898 καί.
