1928 3097
166 166 215 200 951

437 222 547 252 EPIST.
566 223 674 251 XXXV.

422 270 555 301 Damiano
577 270 682 305 hospiti.

713 169 844 213 ΡΗΟΤΙΙ
864 170 1117 201 ΡΑἹἪΙΆΗΟΗᾸΞ
1137 172 1192 202 GP.

1738 172 1790 209 952

1306 225 1417 253 ΕΠΙΣΤ.
1431 225 1494 252 ΔΕ’.

1241 270 1377 305 Δαμιανῷ
1391 270 1551 304 ξενοδόχφ.

782 316 915 342 Montacut.
934 316 986 349 (ep.
1003 317 1058 347 108,
1077 324 1101 349 p.
1120 317 1185 349 153).

202 368 282 397 Venit
297 368 332 397 ad
352 376 397 398 me
419 369 550 397 hesterno
564 367 619 401 die,
640 375 701 396 eum
727 367 784 403 jam
807 367 950 396 luminaria

163 415 378 445 accenderentur
394 414 544 450 (urgentior
560 414 620 449 ejus
637 413 745 441 miseria
768 413 802 442 ab
815 414 951 449 intempe-

164 461 234 489 stivo
240 468 350 490 accessu
359 460 611 496 videbatur),homo
618 460 753 496 indigens,
764 467 826 487 eum
835 460 949 495 eiulatu,

163 511 191 534 et
215 514 282 535 voce
296 507 480 539 calamitatem
493 510 620 538 testante,
636 506 673 534 ita
689 510 718 533 ut
733 505 911 533 mollel'acere
922 511 951 533 et

163 558 277 579 exorare
292 556 384 586 posset
398 551 517 579 ferarum
532 551 638 579 animos
651 560 657 584 ;
669 551 764 579 tunica
773 551 850 578 illum
862 550 950 578 lacera

162 598 225 625 vita:
240 603 368 633 opertura
385 598 511 633 tegebat;
527 597 619 625 vultus
635 597 727 632 plagas
746 597 881 632 impactas
899 597 950 624 lto-

163 644 266 671 minum
279 652 369 679 pugno
386 651 442 678 prae
471 651 500 671 se
527 643 641 675 ferebat,
657 650 718 677 qua:
733 642 865 677 imprimis
880 649 948 669 con-

161 693 271 716 tuentes
287 689 314 716 in
334 690 551 724 eumpassionem
567 693 595 716 et
607 689 711 716 luctum
727 688 869 722 adigerent
882 696 889 720 ;
905 694 949 715 me

109 745 119 752 ε
163 734 298 770 imprimis
314 735 352 762 ita
377 735 448 762 male
473 735 638 766 habuerunt,
655 734 727 769 quod
750 733 942 769 intelligerem,

118 770 122 799 ἶ
159 777 235 804 illum
250 778 398 813 pauperem
413 778 465 806 ista
482 786 603 813 passum,
617 786 633 805 a
650 777 718 805 mihi
731 778 823 810 notis;
840 782 869 804 at
881 785 947 806 eau-

159 829 217 849 sam
234 829 296 850 cum
311 823 419 856 rescivi,
441 828 551 858 propter
561 831 643 858 quam
661 831 809 859 perpessus
825 823 882 852 haec
895 823 940 851 in-

1041 366 1111 396 Ἦκε
1127 369 1200 404 χθὲς,
1215 368 1254 400 ὡς
1269 368 1361 404 ἡμᾶς,
1377 367 1442 403 περὶ
1463 366 1569 402 λύχνων
1584 365 1657 401 ἀφάς
1673 365 1683 400 (
1696 365 1790 401 μεῖζον

1004 414 1059 451 γὰρ
1073 414 1148 449 αὐτῷ
1162 414 1210 442 καὶ
1225 413 1274 448 τῆς
1291 413 1395 448 ἀωρίας
1407 411 1439 438 τδ
1453 411 1538 442 πάθος
1555 410 1702 445 ἐτύγχανεν
1715 409 1724 444 )
1739 409 1789 436 άν-

1004 461 1113 497 θρωπος
1132 460 1217 495 πένης
1232 459 1348 490 κλαίων,
1363 458 1412 485 καὶ
1424 457 1515 491 φωνὰς
1526 456 1602 491 ἠφίει
1615 456 1703 486 πάσας
1714 454 1729 475 λ
1743 454 1787 481 ἐπ’

1003 506 1079 542 ἐλέῳ,
1096 505 1123 532 αἳ
1147 505 1293 540 μαλάττειν
1312 504 1361 531 καὶ
1392 503 1528 530 δυσωπεῖν
1551 502 1642 537 ἴσχυον
1656 501 1704 528 καὶ
1717 500 1788 535 γνώ-

1003 560 1056 587 μην
1071 551 1190 587 θηρίων·
1209 550 1370 586 χιτωνίσκος
1387 546 1422 584 ἧν
1440 547 1515 583 αὐτῷ
1533 547 1786 583 περιερρηγμένος,

1001 592 1135 632 κάλυμμα
1149 595 1196 623 τοῦ
1223 595 1292 631 βίου·
1315 594 1363 622 καὶ
1381 593 1490 629 πληγὰς
1512 593 1562 625 τὰς
1584 592 1615 624 ἐξ
1635 591 1788 627 ἀνθρώπων

1000 643 1096 678 ἔφερεν
1112 643 1158 669 ἐπὶ
1173 642 1220 669 τοῦ
1237 640 1396 677 προσώπου·
1423 640 1442 667 ὃ.
1457 639 1557 675 μᾶλλον
1576 638 1630 666 τῶν
1645 638 1732 665 ἄλλων
1747 638 1787 670 είς

1000 687 1090 715 οἶκτον
1107 689 1154 715 καὶ
1169 688 1268 723 θρῆνον
1283 687 1346 719 τοὺς
1362 685 1485 721 ὁρῶντας
1506 684 1657 720 παρεκάλει
1668 691 1676 699 ·
1695 684 1745 719 ἐμὲ
1757 683 1786 710 δὲ

999 734 1091 767 πλέον,
1102 734 1143 760 ὅτι
1157 734 1206 760 καὶ
1215 732 1362 768 γνωρίμων
1373 732 1440 768 ἔργα
1449 731 1484 758 τὰ
1498 732 1506 752 ι
1522 730 1595 765 πάθη
1610 730 1657 756 τοῦ
1671 729 1787 764 πένητος

998 779 1190 814 ἐπυνθανόμην
1205 788 1212 796 ·
1228 779 1266 811 ὼς
1279 779 1308 805 δέ
1326 787 1371 813 μοι
1385 779 1431 804 καὶ
1445 778 1462 812 ὴ
1478 776 1562 807 αίτία,
1576 775 1610 802 δι’
1629 776 1663 812 ἢν
1687 774 1721 802 τὰ
1737 775 1787 801 ἀν-

997 827 1101 860 ήκεστα
1116 825 1208 856 πάθοι,
1219 825 1288 860 δήλη
1299 824 1431 858 ἐγεγόνει,
1440 824 1481 850 ὅτι
1497 822 1592 853 ποινὰς
1607 821 1677 848 ἔτισε
1688 819 1787 854 ταῦτα,

158 868 312 896 sutl‘erenda
343 868 414 903 fuit;
444 876 506 896 cum
531 870 669 898 mlmirum
697 870 760 897 ideo
786 870 842 897 haec
860 870 943 897 luisse

998 871 1052 899 ἀνθ’
1068 869 1106 899 ὧν
1128 871 1166 906 μὴ
1181 870 1268 906 σιγῴη
1287 869 1356 905 μηδὲ
1372 868 1505 903 ἀγαπῷτο
1520 867 1615 903 γήδιον
1628 866 1693 893 αὐτὸ
1706 866 1751 900 ἐφ’
1762 863 1786 898 ᾧ

157 914 186 941 in
206 921 331 949 corpore,
347 922 382 944 eo
396 915 469 949 quod
483 923 545 942 cum
562 915 672 943 silentio
685 920 713 942 et
729 915 882 943 voluntarie
894 923 943 943 no-

155 959 240 991 lebat,
260 964 359 987 terram
375 960 441 994 ipsis
457 959 574 992 tradere,
599 967 661 994 quae
682 959 746 987 licet
765 960 943 988 ﬂuctuantem

154 1005 219 1032 vitae
231 1009 322 1032 tamen
336 1012 413 1040 spem
426 1005 514 1040 ipsius
529 1005 658 1038 fovebat;
673 1005 732 1034 haec
746 1005 791 1034 ubi
807 1006 882 1033 velut
896 1013 944 1033 eu-

155 1050 260 1077 mulum
273 1051 379 1078 caeteris
392 1050 500 1086 adjecit,
516 1050 647 1079 confusus
666 1058 717 1086 ego
731 1052 844 1078 omnino
873 1059 943 1079 con-

155 1095 223 1129 stiti,
243 1103 278 1123 ne
294 1095 404 1130 quidem
428 1097 531 1129 minus,
546 1104 628 1132 quam
639 1097 698 1132 ipse
721 1097 768 1124 ille
777 1105 896 1132 pauper,
913 1102 945 1125 ut

154 1149 190 1169 ne
207 1141 296 1169 dicant
324 1142 421 1178 magis,
448 1147 476 1170 et
498 1143 623 1178 profecto
647 1143 694 1178 qui
709 1150 800 1170 meum
820 1143 943 1171 dolorem

154 1187 188 1215 de
198 1187 308 1217 homine
320 1188 418 1223 injuria
433 1188 541 1222 all'eeto,
553 1194 580 1217 et
589 1194 614 1217 te
625 1189 818 1222 considerabit,
831 1190 944 1217 omnino

154 1235 278 1262 dicturus
289 1240 340 1267 est.
353 1235 521 1270 duplicatum
536 1243 606 1264 esse.
620 1235 721 1270 Quare,
733 1236 770 1263 mi
781 1235 875 1268 homo,
893 1236 944 1263 mi-

153 1280 254 1311 seriam
276 1281 392 1316 pauperi
406 1281 541 1312 condona.
560 1282 644 1310 redde
656 1281 730 1317 quod
739 1281 840 1317 injuste
855 1285 942 1314 tenes,

153 1333 165 1350 \
173 1325 267 1352 ulncra
277 1330 372 1353 curato
381 1325 571 1354 beneﬁcentia:
587 1327 657 1354 oleo.
671 1326 748 1360 Quod
758 1326 780 1354 si
795 1333 943 1362 pauperem

154 1370 305 1406 despicatui
322 1371 418 1404 habes,
434 1376 461 1399 at
478 1379 569 1399 meum
583 1372 703 1400 dolorem
720 1376 748 1400 et
761 1372 942 1403 calamitatem

153 1416 224 1450 dele,
243 1416 334 1447 sinon
350 1417 440 1452 potius
461 1420 551 1450 tuam;
566 1423 651 1450 certe,
676 1422 730 1450 tua,
758 1422 786 1445 et
803 1418 941 1453 pauperis,

152 1467 181 1492 et
195 1469 282 1490 meam
295 1463 411 1496 excedit,
420 1463 483 1491 licet
497 1463 630 1497 nondum,
645 1468 675 1491 ut
685 1472 755 1498 reor,
770 1471 942 1494 communem

154 1506 227 1536 illius
240 1514 351 1535 sensum
369 1508 480 1539 habeas.

418 1563 530 1592 EPIST.
553 1563 674 1592 XXXVI.

364 1610 484 1638 Michaeli
505 1611 728 1646 protospatlzario.

994 917 1008 944 ὃ
1022 917 1070 949 τὰς
1085 916 1133 943 τοῦ
1147 917 1197 952 ζῇν
1213 915 1343 943 ἐσάλευεν
1365 914 1476 946 ἐλπίδας
1496 912 1730 949 προηδικημένος·
1746 910 1787 943 ὡς

993 961 1039 990 οὖν
1066 963 1114 993 καὶ
1132 962 1220 990 ταῦτα
1239 963 1295 993 τοῖς
1311 961 1402 992 ἄλλοις
1419 959 1574 996 προσετέθη
1584 977 1592 990 .
1605 959 1665 990 ὃλος
1680 957 1786 992 σφόδρα

995 1008 1146 1044 συνεχύθην
1157 1028 1165 1040 ,
1181 1008 1230 1036 καὶ
1244 1007 1321 1034 οὐδὲν
1339 1006 1450 1033 ἔλαττον
1464 1006 1512 1033 τοῦ
1533 1005 1651 1040 πένητος
1664 1003 1713 1039 (οὐ
1729 1003 1786 1037 γὰρ

994 1055 1067 1082 ἔστιν
1080 1056 1170 1082 εἰπεῖν
1180 1073 1188 1086 ,
1209 1053 1320 1090 μεῖζον)
1335 1053 1385 1088 τὴν
1401 1051 1491 1088 ψυχὴν
1506 1050 1629 1085 διετέθην
1639 1057 1646 1064 ·
1664 1048 1736 1084 πλὴν
1759 1048 1787 1074 ει

996 1103 1032 1136 μή
1047 1108 1089 1132 τις
1103 1100 1152 1135 τὴν
1167 1099 1237 1134 ἐμὴν
1251 1098 1388 1133 ἀλγηδόνα
1405 1097 1453 1124 ἐπὶ
1467 1095 1510 1124 σοί
1528 1104 1558 1124 τε
1572 1096 1620 1123 καὶ
1633 1094 1671 1130 τῷ
1689 1094 1787 1130 ἠδικη-

996 1147 1069 1182 μένῳ
1093 1146 1239 1181 γινομένην
1269 1144 1377 1179 βλέπων
1402 1143 1501 1178 διπλῆν
1523 1141 1672 1177 ἀποφαίνῃ.
1696 1139 1787 1167 Λῦσον

994 1192 1119 1227 ἄνθρωπε
1146 1191 1187 1225 τῷ
1210 1190 1307 1225 πένητι
1330 1189 1379 1226 τὴν
1405 1188 1559 1224 συμφορὰν,
1588 1186 1730 1217 ἀποδιδοὺς
1754 1185 1788 1212 τὺ

994 1237 1117 1272 ἀδίκημα
1128 1257 1136 1269 ,
1153 1237 1202 1263 καὶ
1219 1236 1255 1262 τὰ
1278 1235 1422 1272 τραύματα
1441 1233 1602 1270 θεραπεύων
1624 1231 1788 1266 εὐεργεσίας

993 1283 1062 1318 ἐλέῳ
1086 1283 1111 1310 i.
1125 1283 1156 1309 Ei
1177 1282 1206 1309 δὲ
1219 1281 1266 1309 τοῦ
1283 1281 1400 1316 πένητος
1414 1280 1569 1316 ὑπερορᾷς·
1590 1278 1648 1305 ἀλλ’
1668 1275 1716 1304 οὖν
1735 1276 1787 1310 τὴν

993 1328 1064 1364 ἐμὴν
1079 1327 1159 1355 λῦσον
1175 1325 1330 1362 συμφοράν·
1349 1324 1449 1361 μᾶλλον
1464 1323 1494 1350 δὲ
1506 1323 1556 1358 τὴν
1570 1321 1630 1357 σήψ
1642 1321 1659 1356 ή
1677 1320 1711 1356 σὴ
1729 1320 1786 1354 γὰρ

995 1374 1107 1409 μείζων,
1126 1373 1174 1401 καὶ
1195 1372 1245 1408 τῆς
1261 1371 1308 1399 τοῦ
1331 1371 1448 1406 πένητος
1462 1368 1510 1396 καὶ
1524 1367 1614 1405 ἡμῶν,
1630 1366 1684 1394 κᾶν
1706 1365 1786 1396 οὔπω

993 1421 1106 1458 ταύτης,
1122 1418 1210 1456 οἶμαι,
1229 1418 1407 1454 συναίσθησιν
1422 1417 1499 1454 ἔχῃς.

1286 1557 1399 1586 sum.
1413 1551 1486 1591 Acr;

1181 1605 1304 1641 Μιχαὴλ
1321 1602 1589 1639 πρωτοσπαθαρίῳ.

767 1661 902 1689 Montaeut.
919 1661 972 1694 (ep.
989 1661 1044 1692 I09,
1061 1667 1086 1692 p.
1104 1660 1169 1691 155).

188 1711 368 1740 Institutionis
390 1713 538 1748 possessio,
572 1717 653 1740 aetate
684 1713 848 1748 provectiori
877 1712 938 1741 vitae

151 1758 265 1789 baculus
298 1758 469 1786 ﬁrmissimus
487 1763 539 1790 est,
555 1762 582 1786 et
593 1763 672 1786 aetate
696 1758 838 1786 ﬂorentem
857 1759 938 1794 juve-

152 1804 211 1834 nili.
233 1803 293 1832 sine
318 1803 430 1832 tristitia
448 1803 482 1831 ad
493 1804 603 1831 virtutis
629 1804 791 1832 transmittit
831 1807 938 1840 tempe-

151 1854 259 1876 atatem.
276 1848 407 1882 Quocirca
419 1853 479 1877 tuos
496 1849 596 1878 liberos
616 1849 760 1885 prudentia
773 1849 889 1877 imbuito
904 1854 932 1877 et

150 1896 267 1928 virtute;
284 1899 313 1924 ut
339 1895 429 1923 adhuc
443 1895 632 1923 adolescentes
643 1900 779 1923 maturam
791 1895 940 1922 exhibeant

150 1941 396 1974 comet-Sationem,
425 1946 454 1968 et
466 1941 506 1969 sic
523 1948 586 1969 cum
598 1941 806 1973 consenuerint,
822 1940 938 1970 aliorum

152 1986 257 2016 auxilio
273 1994 328 2015 non
340 1987 511 2022 indigebunt.

408 2031 518 2060 EPIST.
539 2032 673 2061 XXXVII.

369 2077 469 2111 Nicena
486 2079 713 2113 protospathario.

1027 1712 1082 1746 Τῆς
1098 1709 1222 1741 παιδείας
1240 1709 1258 1743 ἡ
1278 1707 1376 1743 κτῆσις
1396 1705 1437 1741 τῷ
1457 1703 1626 1740 γεγηρακότι
1648 1702 1783 1742 κρατίστη

992 1757 1097 1788 γίνεται
1113 1755 1172 1790 βίου
1191 1753 1344 1789 βακτηρία·
1362 1752 1410 1779 καὶ
1431 1751 1476 1778 τὸν
1498 1749 1632 1778 ἀνθοῦντα
1646 1748 1696 1783 τὴν
1716 1747 1783 1773 νέαν

992 1801 1112 1837 ἠλικίαν,
1130 1801 1170 1832 εἰς
1184 1799 1285 1835 ἀρετῆς
1301 1798 1379 1835 ὥραν
1396 1796 1508 1828 ἀλύπως
1527 1794 1691 1825 διαὸιὸάζει.
1712 1793 1783 1820 Παί-

991 1849 1052 1875 δευε
1067 1848 1158 1887 τοίνυν
1174 1847 1271 1882 σοφίαν
1285 1846 1331 1873 καὶ
1343 1845 1444 1881 ἀρετὴν
1457 1845 1519 1876 τοὺς
1535 1842 1605 1887 σοὺς
1615 1841 1721 1887 παῖδας·
1737 1840 1785 1867 ἵνα

992 1894 1039 1921 καὶ
1055 1885 1209 1924 νεάζοντες,
1221 1891 1325 1927 ὡραίαν
1341 1890 1424 1925 ἔχωσι
1435 1889 1485 1925 τὴν
1504 1886 1653 1918 πολιτείαν,
1669 1885 1717 1912 καὶ
1733 1892 1784 1917 γε-

990 1938 1145 1974 γηρακότες
1161 1938 1199 1973 μὴ
1215 1937 1359 1972 δεήσονται
1375 1936 1389 1957 ¹ί
1407 1935 1456 1971 τῆς
1471 1935 1572 1970 ἑτέρων
1587 1932 1726 1969 βοηθείας.

1286 2037 1398 2065 ΕΠΙΣΤ.
1417 2037 1478 2064 ΛΖ’.

1181 2084 1296 2118 Nimim
1314 2083 1577 2118 πρωτοσπαθαριφ.

754 2131 886 2158 Montacut.
905 2133 950 2166 (ep
977 2136 1031 2168 ιιι,
1047 2144 1072 2169 p.
1091 2136 1157 2168 ιει).

184 2183 224 2212 De
236 2182 373 2211 nobilibus
388 2187 415 2212 te
436 2187 532 2210 natum
559 2182 718 2218 parentibus
742 2183 880 2219 gloriaris,
907 2190 935 2213 at

1022 2189 1129 2224 Δὺχεῖς,
1143 2188 1184 2215 ὅτι
1198 2186 1300 2222 γονέων
1313 2186 1380 2222 ἔφυς
1396 2184 1425 2213 εὖ
1443 2185 1606 2220 γεγονότωνο
1625 2184 1681 2220 ἐγὼ
1703 2185 1733 2212 δέ
1752 2194 1795 2214 σε

148 2238 198 2265 ego
211 2235 236 2257 te
251 2229 342 2264 potius
359 2229 486 2264 iuberem
501 2237 613 2264 magnos
629 2229 678 2257 tibi
693 2230 805 2265 spiritus
824 2238 934 2259 sumere

998 2235 1081 2272 ]ξίουν
1099 2236 1199 2271 μᾶλλον
1216 2234 1288 2270 μέγα
1306 2234 1425 2269 φρονεῖν,
1440 2234 1464 2259 εί
1479 2232 1526 2258 τοῦ
1540 2231 1636 2266 γένους
1655 2232 1800 2267 ἡγεμόνα

147 2277 169 2304 si
186 2277 286 2303 virtute
301 2279 346 2302 tua
366 2283 496 2308 mereres,
510 2280 540 2302 ut
555 2275 662 2311 generis
674 2276 803 2311 princeps
820 2277 935 2307 exsistas

998 2282 1088 2308 ῖαυτδν
1103 2281 1137 2310 δι’
1151 2281 1253 2317 ἀρετῆς
1268 2279 1421 2316 προετίθεις
1432 2287 1440 2295 ο
1455 2278 1486 2305 τὸ
1502 2278 1550 2313 μὲν
1567 2278 1633 2313 γὰρ,
1648 2278 1704 2304 ἔσθ’
1722 2280 1799 2313 ὅτε,

146 2322 224 2357 ipse;
245 2321 311 2348 illud
326 2320 399 2365 enim
414 2321 600 2356 nequissimus
615 2321 752 2358 allegabit,
768 2327 795 2354 at
816 2323 868 2351 hoc
879 2323 933 2351 nisi

998 2325 1036 2351 ιαὶ
1049 2325 1211 2360 ὁχείριστος
1224 2323 1280 2356 ἕξει
1289 2323 1390 2358 λέγειν’
1410 2323 1441 2350 τὸ
1461 2322 1501 2356 δὲ,
1520 2321 1603 2358 μόνου
1623 2322 1802 2360 καθέστηκε

145 2367 267 2402 optimus
277 2373 359 2395 nemo
375 2366 457 2394 dicet.

998 2370 1035 2398 ποῦ
1052 2370 1174 2406 ἀρίστου.

402 2417 510 2446 EPIST.
531 2419 676 2452 XXXVIII.

335 2465 415 2494 Bona:
425 2467 564 2501 μητροιὶιο
583 2471 607 2493 et
621 2468 744 2501 patricto.

1284 2420 1397 2448 ΕΠΙΣΤ.
1413 2421 1478 2449 AH’.

1112 2466 1212 2501 Βαάνῃ
1224 2466 1410 2502 πραιποσιτῳ
1424 2466 1474 2494 καὶ
1490 2465 1644 2501 πατρικίφ.

760 2522 894 2548 Mootaeut.
914 2522 967 2555 (ep.
986 2522 1040 2553 120,
1057 2529 1082 2554 p.
1100 2522 1166 2554 I56).

181 2573 246 2602 Erat
272 2573 337 2601 olim
363 2573 435 2609 apud
450 2573 599 2606 Romanos,
624 2575 672 2602 sed
688 2579 715 2603 et
731 2574 841 2603 Grzeeos
857 2574 934 2610 (nam

1020 2573 1073 2601 Ἦν
1095 2582 1161 2601 ποτε
1183 2573 1339 2610 Ῥωμαίοις,
1357 2574 1425 2602 ἀλλὰ
1451 2574 1499 2601 καὶ
1519 2573 1634 2608 Ἕλλησι
1658 2573 1703 2609 (τί
1728 2579 1809 2616 γὰρ

144 2621 209 2656 quid
223 2628 292 2655 opus
305 2619 478 2647 Christianos
489 2620 659 2656 nominare?)
675 2621 757 2649 etiam
770 2625 865 2649 contra
879 2621 932 2648 ini-

998 2621 1022 2647 εἴ
1035 2621 1135 2653 λέγειν,
1147 2621 1318 2656 Χριπιανοῖς
1327 2620 1356 2655 ς).
1371 2620 1417 2647 καὶ
1431 2620 1502 2647 κατά
1514 2620 1568 2647 τῶν
1577 2620 1735 2656 ἐχθίστων,
1756 2626 1810 2663 μὴ

145 2667 321 2699 micissimos,
341 2665 441 2693 nedum
456 2666 526 2694 bene
540 2666 650 2694 meritos
664 2667 854 2696 malefaciendi
875 2672 932 2695 ter-

998 2674 1023 2692 τι
1044 2674 1075 2700 γε
1091 2666 1161 2692 κατὰ
1180 2666 1233 2693 τῶν
1247 2665 1497 2701 εύεργετησάντων,
1523 2667 1585 2701 ὅρος
1605 2665 1783 2703 κακώσειυς
1797 2682 1808 2690 -

145 2713 245 2745 minus,
260 2716 287 2739 et
307 2711 403 2738 modus
420 2711 546 2738 statutus.
565 2712 636 2745 Quin
661 2718 689 2741 et
710 2713 818 2741 barbari
841 2713 932 2747 solent

998 2710 1035 2739 ἴδε
1051 2712 1099 2738 καὶ
1120 2711 1150 2738 τὸ
1165 2710 1303 2746 βάρϐαρον
1320 2711 1358 2747 μὴ
1379 2711 1555 2747 ὑπερϐαίνειν
1569 2711 1670 2747 νόμους
1691 2715 1809 2745 noli.

778 2802 896 2831 VARI/E
915 2802 1118 2837 LECTIONES,

177 2880 191 2902 Β
208 2881 313 2914 πικρὴ,
356 2889 362 2902 ι
381 2882 422 2915 ἱξσ.
436 2891 476 2913 τις
493 2880 524 2916 ἦν
545 2883 606 2908 Ξιθα
623 2884 662 2909 1i.
704 2889 709 2908 ι
731 2883 823 2918 infe).
863 2886 875 2905 1-
890 2885 1051 2920 ὀεήτωνῖαι,
1066 2883 1175 2911 Ilwsclt.
