  <div class='ocr_page' id='page_1' title='image "/cluster/home/n/w/nwhite01/storage/ocr_20150623/102/njp.32101010943874/498.png"; bbox 0 0 1928 3097; ppageno 0'>
   <div class='ocr_carea' id='block_1_1' title="bbox 153 157 206 189">
    <p class='ocr_par' dir='ltr' id='par_1_1' title="bbox 153 157 206 189">
     <span class='ocr_line' id='line_1_1' title="bbox 153 157 206 189; baseline 0 0"><span class='ocrx_word' id='word_1_1' title='bbox 153 157 206 189; x_wconf 79' lang='grc'><strong>953</strong></span> 
     </span>
    </p>
   </div>
   <div class='ocr_carea' id='block_1_2' title="bbox 728 157 1202 190">
    <p class='ocr_par' dir='ltr' id='par_1_2' title="bbox 728 157 1202 190">
     <span class='ocr_line' id='line_1_2' title="bbox 728 157 1202 190; baseline 0.002 -1"><span class='ocrx_word' id='word_1_2' title='bbox 728 157 995 190; x_wconf 80' lang='lat' dir='ltr'><strong>EPISTOLARUM</strong></span> <span class='ocrx_word' id='word_1_3' title='bbox 1013 157 1129 189; x_wconf 84' lang='lat' dir='ltr'><strong>LIBER</strong></span> <span class='ocrx_word' id='word_1_4' title='bbox 1146 159 1202 190; x_wconf 87' lang='lat' dir='ltr'>III.</span> 
     </span>
    </p>
   </div>
   <div class='ocr_carea' id='block_1_3' title="bbox 1727 160 1779 193">
    <p class='ocr_par' dir='ltr' id='par_1_3' title="bbox 1727 160 1779 193">
     <span class='ocr_line' id='line_1_3' title="bbox 1727 160 1779 193; baseline 0 0"><span class='ocrx_word' id='word_1_5' title='bbox 1727 160 1779 193; x_wconf 68' lang='lat'><strong>954</strong></span> 
     </span>
    </p>
   </div>
   <div class='ocr_carea' id='block_1_4' title="bbox 155 211 935 248">
    <p class='ocr_par' dir='ltr' id='par_1_4' title="bbox 155 211 935 248">
     <span class='ocr_line' id='line_1_4' title="bbox 155 211 935 248; baseline 0.001 -9"><span class='ocrx_word' id='word_1_6' title='bbox 155 220 242 239; x_wconf 78' lang='grc' dir='ltr'><strong>σεων⁸</strong></span> <span class='ocrx_word' id='word_1_7' title='bbox 255 213 302 240; x_wconf 82' lang='grc' dir='ltr'><strong>καὶ</strong></span> <span class='ocrx_word' id='word_1_8' title='bbox 321 212 407 240; x_wconf 80' lang='grc' dir='ltr'>πολλὰ</span> <span class='ocrx_word' id='word_1_9' title='bbox 420 212 449 240; x_wconf 66' lang='grc' dir='ltr'><strong>δέ</strong></span> <span class='ocrx_word' id='word_1_10' title='bbox 464 220 530 247; x_wconf 84' lang='grc' dir='ltr'>φασι</span> <span class='ocrx_word' id='word_1_11' title='bbox 543 211 598 240; x_wconf 81' lang='grc' dir='ltr'>τῶν</span> <span class='ocrx_word' id='word_1_12' title='bbox 613 211 717 248; x_wconf 74' lang='grc' dir='ltr'>θηρίων</span> <span class='ocrx_word' id='word_1_13' title='bbox 728 233 736 244; x_wconf 94' lang='grc'><strong>,</strong></span> <span class='ocrx_word' id='word_1_14' title='bbox 751 212 846 248; x_wconf 79' lang='grc' dir='ltr'>ὥσπερ</span> <span class='ocrx_word' id='word_1_15' title='bbox 861 212 935 240; x_wconf 82' lang='grc' dir='ltr'>εὐλα-</span> 
     </span>
    </p>
   </div>
   <div class='ocr_carea' id='block_1_5' title="bbox 988 211 1779 248">
    <p class='ocr_par' dir='ltr' id='par_1_5' title="bbox 993 212 1779 248">
     <span class='ocr_line' id='line_1_5' title="bbox 993 212 1779 248; baseline 0.003 -8"><span class='ocrx_word' id='word_1_16' title='bbox 993 213 1065 248; x_wconf 70' lang='lat' dir='ltr'><strong>leges</strong></span> <span class='ocrx_word' id='word_1_17' title='bbox 1080 213 1278 248; x_wconf 83' lang='lat' dir='ltr'><strong>suppliciorum</strong></span> <span class='ocrx_word' id='word_1_18' title='bbox 1301 217 1386 241; x_wconf 77' lang='lat' dir='ltr'><strong>statas</strong></span> <span class='ocrx_word' id='word_1_19' title='bbox 1399 219 1453 241; x_wconf 89' lang='lat' dir='ltr'><strong>non</strong></span> <span class='ocrx_word' id='word_1_20' title='bbox 1479 212 1697 247; x_wconf 79' lang='lat' dir='ltr'><strong>excedere;tmo</strong></span> <span class='ocrx_word' id='word_1_21' title='bbox 1730 215 1779 242; x_wconf 88' lang='lat' dir='ltr'><strong>be-</strong></span> 
     </span>
    </p>
   </div>
   <div class='ocr_carea' id='block_1_6' title="bbox 153 257 949 295">
    <p class='ocr_par' dir='ltr' id='par_1_6' title="bbox 153 257 949 295">
     <span class='ocr_line' id='line_1_6' title="bbox 153 257 949 295; baseline -0.001 -11"><span class='ocrx_word' id='word_1_22' title='bbox 153 258 258 295; x_wconf 74' lang='grc' dir='ltr'>σεῖσθᾳι</span> <span class='ocrx_word' id='word_1_23' title='bbox 271 259 318 286; x_wconf 74' lang='grc' dir='ltr'><strong>καὶ</strong></span> <span class='ocrx_word' id='word_1_24' title='bbox 333 258 560 291; x_wconf 76' lang='grc' dir='ltr'>ὑποστέλλεσθαι,</span> <span class='ocrx_word' id='word_1_25' title='bbox 574 259 643 293; x_wconf 72' lang='grc' dir='ltr'>πρὸς</span> <span class='ocrx_word' id='word_1_26' title='bbox 654 257 718 290; x_wconf 64' lang='lat' dir='ltr'><strong>eoi):</strong></span> <span class='ocrx_word' id='word_1_27' title='bbox 741 258 770 284; x_wconf 74' lang='grc' dir='ltr'>ἐν</span> <span class='ocrx_word' id='word_1_28' title='bbox 786 266 817 284; x_wconf 97' lang='grc' dir='ltr'><strong>συ</strong></span> <span class='ocrx_word' id='word_1_29' title='bbox 822 259 949 294; x_wconf 51' lang='grc' dir='ltr'>μφοραῖςτ</span> 
     </span>
    </p>
   </div>
   <div class='ocr_carea' id='block_1_7' title="bbox 154 302 939 339">
    <p class='ocr_par' dir='ltr' id='par_1_7' title="bbox 154 302 939 339">
     <span class='ocr_line' id='line_1_7' title="bbox 154 302 939 339; baseline -0.001 -9"><span class='ocrx_word' id='word_1_30' title='bbox 154 303 282 339; x_wconf 73' lang='grc' dir='ltr'><strong>ἐσχάταις</strong></span> <span class='ocrx_word' id='word_1_31' title='bbox 293 304 435 339; x_wconf 78' lang='grc' dir='ltr'><strong>κειμένους</strong></span> <span class='ocrx_word' id='word_1_32' title='bbox 444 324 452 336; x_wconf 87' lang='grc'><strong>,</strong></span> <span class='ocrx_word' id='word_1_33' title='bbox 469 303 515 330; x_wconf 75' lang='grc' dir='ltr'><strong>καὶ</strong></span> <span class='ocrx_word' id='word_1_34' title='bbox 529 303 559 329; x_wconf 82' lang='grc' dir='ltr'><strong>τὸ</strong></span> <span class='ocrx_word' id='word_1_35' title='bbox 573 302 706 338; x_wconf 82' lang='grc' dir='ltr'>θηριῶδες</span> <span class='ocrx_word' id='word_1_36' title='bbox 720 303 770 329; x_wconf 75' lang='grc' dir='ltr'><strong>οὒκ</strong></span> <span class='ocrx_word' id='word_1_37' title='bbox 782 302 939 329; x_wconf 65' lang='grc' dir='ltr'>ὲπιδείκνυυ</span> 
     </span>
    </p>
   </div>
   <div class='ocr_carea' id='block_1_8' title="bbox 157 346 942 384">
    <p class='ocr_par' dir='ltr' id='par_1_8' title="bbox 157 346 942 384">
     <span class='ocr_line' id='line_1_8' title="bbox 157 346 942 384; baseline -0.003 -9"><span class='ocrx_word' id='word_1_38' title='bbox 157 349 231 377; x_wconf 70' lang='grc' dir='ltr'>σθαι.</span> <span class='ocrx_word' id='word_1_39' title='bbox 256 349 351 384; x_wconf 80' lang='grc' dir='ltr'><strong>Ἡμεῖς</strong></span> <span class='ocrx_word' id='word_1_40' title='bbox 373 349 402 376; x_wconf 81' lang='grc' dir='ltr'><strong>δὲ</strong></span> <span class='ocrx_word' id='word_1_41' title='bbox 415 349 464 376; x_wconf 88' lang='grc' dir='ltr'><strong>νῦν</strong></span> <span class='ocrx_word' id='word_1_42' title='bbox 474 370 482 382; x_wconf 96' lang='grc'><strong>,</strong></span> <span class='ocrx_word' id='word_1_43' title='bbox 496 346 519 376; x_wconf 83' lang='grc' dir='ltr'>ὧ</span> <span class='ocrx_word' id='word_1_44' title='bbox 540 348 806 383; x_wconf 80' lang='grc' dir='ltr'><strong>φιλανθρωπότατος,</strong></span> <span class='ocrx_word' id='word_1_45' title='bbox 820 347 874 374; x_wconf 81' lang='grc' dir='ltr'>ἀπὺ</span> <span class='ocrx_word' id='word_1_46' title='bbox 885 347 942 374; x_wconf 85' lang='grc' dir='ltr'>τῶν</span> 
     </span>
    </p>
   </div>
   <div class='ocr_carea' id='block_1_9' title="bbox 154 393 940 430">
    <p class='ocr_par' dir='ltr' id='par_1_9' title="bbox 154 393 940 430">
     <span class='ocr_line' id='line_1_9' title="bbox 154 393 940 430; baseline -0.004 -8"><span class='ocrx_word' id='word_1_47' title='bbox 154 395 241 422; x_wconf 82' lang='grc' dir='ltr'>ἄλλων</span> <span class='ocrx_word' id='word_1_48' title='bbox 255 395 342 430; x_wconf 78' lang='grc' dir='ltr'>ἔργων</span> <span class='ocrx_word' id='word_1_49' title='bbox 356 395 443 430; x_wconf 80' lang='grc' dir='ltr'>ὑμῶν,</span> <span class='ocrx_word' id='word_1_50' title='bbox 459 395 507 422; x_wconf 80' lang='grc' dir='ltr'><strong>καὶ</strong></span> <span class='ocrx_word' id='word_1_51' title='bbox 522 395 593 430; x_wconf 84' lang='grc' dir='ltr'>νόσῳ</span> <span class='ocrx_word' id='word_1_52' title='bbox 606 393 738 429; x_wconf 78' lang='grc' dir='ltr'><strong>κείμεθα·</strong></span> <span class='ocrx_word' id='word_1_53' title='bbox 755 393 801 420; x_wconf 80' lang='grc' dir='ltr'><strong>καὶ</strong></span> <span class='ocrx_word' id='word_1_54' title='bbox 819 393 910 429; x_wconf 78' lang='grc' dir='ltr'>ἰατρὸν</span> <span class='ocrx_word' id='word_1_55' title='bbox 923 393 940 429; x_wconf 80' lang='grc' dir='ltr'><strong>ἠ</strong></span> 
     </span>
    </p>
   </div>
   <div class='ocr_carea' id='block_1_10' title="bbox 153 431 941 476">
    <p class='ocr_par' dir='ltr' id='par_1_10' title="bbox 153 431 941 476">
     <span class='ocr_line' id='line_1_10' title="bbox 153 431 941 476; baseline -0.005 -8"><span class='ocrx_word' id='word_1_56' title='bbox 153 441 230 472; x_wconf 72' lang='grc' dir='ltr'>νόσος</span> <span class='ocrx_word' id='word_1_57' title='bbox 258 440 393 476; x_wconf 77' lang='grc' dir='ltr'>ἐπιζητεῖ·</span> <span class='ocrx_word' id='word_1_58' title='bbox 425 440 474 467; x_wconf 80' lang='grc' dir='ltr'><strong>καὶ</strong></span> <span class='ocrx_word' id='word_1_59' title='bbox 500 431 602 476; x_wconf 80' lang='grc' dir='ltr'>ἡμέραι</span> <span class='ocrx_word' id='word_1_60' title='bbox 632 441 665 475; x_wconf 75' lang='grc' dir='ltr'><strong>τῇ</strong></span> <span class='ocrx_word' id='word_1_61' title='bbox 698 439 768 473; x_wconf 86' lang='grc' dir='ltr'>νόσῳ</span> <span class='ocrx_word' id='word_1_62' title='bbox 793 439 941 474; x_wconf 82' lang='grc' dir='ltr'>τριάκοντα</span> 
     </span>
    </p>
   </div>
   <div class='ocr_carea' id='block_1_11' title="bbox 154 483 940 522">
    <p class='ocr_par' dir='ltr' id='par_1_11' title="bbox 154 483 940 522">
     <span class='ocr_line' id='line_1_11' title="bbox 154 483 940 522; baseline -0.004 -10"><span class='ocrx_word' id='word_1_63' title='bbox 154 486 358 522; x_wconf 78' lang='grc' dir='ltr'>παρετάθησαν,</span> <span class='ocrx_word' id='word_1_64' title='bbox 372 487 418 513; x_wconf 74' lang='grc' dir='ltr'><strong>καὶ</strong></span> <span class='ocrx_word' id='word_1_65' title='bbox 434 486 526 513; x_wconf 72' lang='grc' dir='ltr'>πολλοὶ</span> <span class='ocrx_word' id='word_1_66' title='bbox 539 485 669 516; x_wconf 82' lang='grc' dir='ltr'><strong>πολλάκις</strong></span> <span class='ocrx_word' id='word_1_67' title='bbox 686 483 763 518; x_wconf 83' lang='grc' dir='ltr'>ὑμῶν</span> <span class='ocrx_word' id='word_1_68' title='bbox 778 483 940 518; x_wconf 76' lang='grc' dir='ltr'>ἐδεήθησαν,</span> 
     </span>
    </p>
   </div>
   <div class='ocr_carea' id='block_1_12' title="bbox 155 526 941 570">
    <p class='ocr_par' dir='ltr' id='par_1_12' title="bbox 155 526 941 570">
     <span class='ocr_line' id='line_1_12' title="bbox 155 526 941 570; baseline -0.004 -12"><span class='ocrx_word' id='word_1_69' title='bbox 155 533 247 568; x_wconf 83' lang='grc' dir='ltr'>ἰατροῦ</span> <span class='ocrx_word' id='word_1_70' title='bbox 270 533 447 568; x_wconf 85' lang='grc' dir='ltr'>συγχωρῆσαι</span> <span class='ocrx_word' id='word_1_71' title='bbox 464 531 636 570; x_wconf 50' lang='grc' dir='ltr'>παρουσίαμ</span> <span class='ocrx_word' id='word_1_72' title='bbox 655 529 712 557; x_wconf 83' lang='grc' dir='ltr'>ἀλλ’</span> <span class='ocrx_word' id='word_1_73' title='bbox 729 526 772 565; x_wconf 85' lang='grc' dir='ltr'><strong>(ὦ</strong></span> <span class='ocrx_word' id='word_1_74' title='bbox 792 529 872 563; x_wconf 83' lang='grc' dir='ltr'><strong>φύσις</strong></span> <span class='ocrx_word' id='word_1_75' title='bbox 894 530 941 556; x_wconf 86' lang='grc' dir='ltr'><strong>ἀν-</strong></span> 
     </span>
    </p>
   </div>
   <div class='ocr_carea' id='block_1_13' title="bbox 154 575 940 612">
    <p class='ocr_par' dir='ltr' id='par_1_13' title="bbox 154 575 940 612">
     <span class='ocr_line' id='line_1_13' title="bbox 154 575 940 612; baseline -0.003 -9"><span class='ocrx_word' id='word_1_76' title='bbox 154 577 281 612; x_wconf 79' lang='grc' dir='ltr'>θρώπων,</span> <span class='ocrx_word' id='word_1_77' title='bbox 298 578 345 604; x_wconf 79' lang='grc' dir='ltr'><strong>καὶ</strong></span> <span class='ocrx_word' id='word_1_78' title='bbox 371 577 515 612; x_wconf 85' lang='grc' dir='ltr'>Ῥωμαίων</span> <span class='ocrx_word' id='word_1_79' title='bbox 527 597 534 610; x_wconf 91' lang='grc'><strong>,</strong></span> <span class='ocrx_word' id='word_1_80' title='bbox 557 577 617 603; x_wconf 82' lang='grc' dir='ltr'>ὅποι</span> <span class='ocrx_word' id='word_1_81' title='bbox 632 575 683 610; x_wconf 82' lang='grc' dir='ltr'>γῆς</span> <span class='ocrx_word' id='word_1_82' title='bbox 703 575 765 601; x_wconf 80' lang='grc' dir='ltr'>ἐστε</span> <span class='ocrx_word' id='word_1_83' title='bbox 780 575 875 610; x_wconf 85' lang='grc' dir='ltr'>νόμοι,</span> <span class='ocrx_word' id='word_1_84' title='bbox 893 575 940 602; x_wconf 78' lang='grc' dir='ltr'><strong>καὶ</strong></span> 
     </span>
    </p>
   </div>
   <div class='ocr_carea' id='block_1_14' title="bbox 155 621 941 659">
    <p class='ocr_par' dir='ltr' id='par_1_14' title="bbox 155 621 941 659">
     <span class='ocr_line' id='line_1_14' title="bbox 155 621 941 659; baseline -0.004 -9"><span class='ocrx_word' id='word_1_85' title='bbox 155 623 249 658; x_wconf 79' lang='grc' dir='ltr'><strong>κλῆσις</strong></span> <span class='ocrx_word' id='word_1_86' title='bbox 263 623 470 659; x_wconf 69' lang='grc' dir='ltr'>Χριστιανῶνς)</span> <span class='ocrx_word' id='word_1_87' title='bbox 486 623 536 649; x_wconf 83' lang='grc' dir='ltr'><strong>οὐκ</strong></span> <span class='ocrx_word' id='word_1_88' title='bbox 547 621 751 657; x_wconf 82' lang='grc' dir='ltr'><strong>ὲδυσωπήθητε.</strong></span> <span class='ocrx_word' id='word_1_89' title='bbox 775 621 845 648; x_wconf 80' lang='grc' dir='ltr'>Ἀλλ’</span> <span class='ocrx_word' id='word_1_90' title='bbox 860 622 941 656; x_wconf 79' lang='grc' dir='ltr'>ἡμεῖς</span> 
     </span>
    </p>
   </div>
   <div class='ocr_carea' id='block_1_15' title="bbox 154 665 940 704">
    <p class='ocr_par' dir='ltr' id='par_1_15' title="bbox 154 665 940 704">
     <span class='ocr_line' id='line_1_15' title="bbox 154 665 940 704; baseline -0.001 -10"><span class='ocrx_word' id='word_1_91' title='bbox 154 669 222 703; x_wconf 76' lang='grc' dir='ltr'>μὲν,</span> <span class='ocrx_word' id='word_1_92' title='bbox 239 668 392 704; x_wconf 79' lang='grc' dir='ltr'>βαρόάρους</span> <span class='ocrx_word' id='word_1_93' title='bbox 414 668 487 704; x_wconf 80' lang='grc' dir='ltr'>ὑμᾶς</span> <span class='ocrx_word' id='word_1_94' title='bbox 501 668 517 703; x_wconf 87' lang='grc' dir='ltr'>ἢ</span> <span class='ocrx_word' id='word_1_95' title='bbox 534 667 615 702; x_wconf 82' lang='grc' dir='ltr'>Θηρία</span> <span class='ocrx_word' id='word_1_96' title='bbox 631 666 753 702; x_wconf 72' lang='grc' dir='ltr'>νομίζειν</span> <span class='ocrx_word' id='word_1_97' title='bbox 765 687 773 699; x_wconf 84' lang='grc'><strong>,</strong></span> <span class='ocrx_word' id='word_1_98' title='bbox 788 665 865 695; x_wconf 80' lang='grc' dir='ltr'>οῠπω</span> <span class='ocrx_word' id='word_1_99' title='bbox 879 674 940 693; x_wconf 83' lang='grc' dir='ltr'>πει-</span> 
     </span>
    </p>
   </div>
   <div class='ocr_carea' id='block_1_16' title="bbox 153 708 941 750">
    <p class='ocr_par' dir='ltr' id='par_1_16' title="bbox 153 708 941 750">
     <span class='ocr_line' id='line_1_16' title="bbox 153 708 941 750; baseline -0.003 -10"><span class='ocrx_word' id='word_1_100' title='bbox 153 713 274 748; x_wconf 76' lang='grc' dir='ltr'>Θόμεθα·</span> <span class='ocrx_word' id='word_1_101' title='bbox 292 714 423 750; x_wconf 80' lang='grc' dir='ltr'>ὑμέτερον</span> <span class='ocrx_word' id='word_1_102' title='bbox 440 713 462 740; x_wconf 85' lang='grc' dir='ltr'><strong>δ’</strong></span> <span class='ocrx_word' id='word_1_103' title='bbox 487 713 561 740; x_wconf 74' lang='grc' dir='ltr'>ἐστὶν</span> <span class='ocrx_word' id='word_1_104' title='bbox 589 713 759 745; x_wconf 63' lang='grc' dir='ltr'>ἐπισκοπεῖν,</span> <span class='ocrx_word' id='word_1_105' title='bbox 785 711 819 739; x_wconf 82' lang='grc' dir='ltr'><strong>δι’</strong></span> <span class='ocrx_word' id='word_1_106' title='bbox 840 708 878 739; x_wconf 83' lang='grc' dir='ltr'>ὧν</span> <span class='ocrx_word' id='word_1_107' title='bbox 900 711 941 742; x_wconf 81' lang='grc' dir='ltr'>εἰς</span> 
     </span>
    </p>
   </div>
   <div class='ocr_carea' id='block_1_17' title="bbox 153 757 940 794">
    <p class='ocr_par' dir='ltr' id='par_1_17' title="bbox 153 757 940 794">
     <span class='ocr_line' id='line_1_17' title="bbox 153 757 940 794; baseline -0.005 -7"><span class='ocrx_word' id='word_1_108' title='bbox 153 760 227 794; x_wconf 83' lang='grc' dir='ltr'>ἡμᾶς</span> <span class='ocrx_word' id='word_1_109' title='bbox 249 760 312 792; x_wconf 82' lang='grc' dir='ltr'>τοὺς</span> <span class='ocrx_word' id='word_1_110' title='bbox 334 760 489 793; x_wconf 80' lang='grc' dir='ltr'>ταπεινοὺς,</span> <span class='ocrx_word' id='word_1_111' title='bbox 513 759 562 790; x_wconf 82' lang='grc' dir='ltr'>τὰς</span> <span class='ocrx_word' id='word_1_112' title='bbox 587 758 750 794; x_wconf 79' lang='grc' dir='ltr'><strong>ὑπερορίους</strong></span> <span class='ocrx_word' id='word_1_113' title='bbox 772 757 874 789; x_wconf 85' lang='grc' dir='ltr'>ταύτας</span> <span class='ocrx_word' id='word_1_114' title='bbox 891 758 940 784; x_wconf 76' lang='grc' dir='ltr'><strong>καὶ</strong></span> 
     </span>
    </p>
   </div>
   <div class='ocr_carea' id='block_1_18' title="bbox 152 803 940 841">
    <p class='ocr_par' dir='ltr' id='par_1_18' title="bbox 152 803 940 841">
     <span class='ocr_line' id='line_1_18' title="bbox 152 803 940 841; baseline -0.004 -9"><span class='ocrx_word' id='word_1_115' title='bbox 152 806 249 838; x_wconf 76' lang='grc' dir='ltr'>καινὰς</span> <span class='ocrx_word' id='word_1_116' title='bbox 270 805 323 833; x_wconf 78' lang='grc' dir='ltr'>ὑπὸ</span> <span class='ocrx_word' id='word_1_117' title='bbox 343 806 389 834; x_wconf 83' lang='grc' dir='ltr'>τὸν</span> <span class='ocrx_word' id='word_1_118' title='bbox 410 806 486 841; x_wconf 81' lang='grc' dir='ltr'>ἥλιον</span> <span class='ocrx_word' id='word_1_119' title='bbox 508 805 652 840; x_wconf 84' lang='grc' dir='ltr'><strong>τιμωρίας,</strong></span> <span class='ocrx_word' id='word_1_120' title='bbox 679 803 855 839; x_wconf 71' lang='grc' dir='ltr'>ἐπενοήσατε,</span> <span class='ocrx_word' id='word_1_121' title='bbox 878 803 940 829; x_wconf 80' lang='grc' dir='ltr'>τίνα</span> 
     </span>
    </p>
   </div>
   <div class='ocr_carea' id='block_1_19' title="bbox 153 849 938 888">
    <p class='ocr_par' dir='ltr' id='par_1_19' title="bbox 153 849 938 888">
     <span class='ocr_line' id='line_1_19' title="bbox 153 849 938 888; baseline -0.003 -11"><span class='ocrx_word' id='word_1_122' title='bbox 153 851 357 888; x_wconf 84' lang='grc' dir='ltr'>προσηγορίαν,</span> <span class='ocrx_word' id='word_1_123' title='bbox 374 852 435 878; x_wconf 80' lang='grc' dir='ltr'><strong>ἀντὶ</strong></span> <span class='ocrx_word' id='word_1_124' title='bbox 452 851 500 878; x_wconf 82' lang='grc' dir='ltr'>τοῦ</span> <span class='ocrx_word' id='word_1_125' title='bbox 527 851 704 886; x_wconf 75' lang='grc' dir='ltr'><strong>Χριστιανοὶ,</strong></span> <span class='ocrx_word' id='word_1_126' title='bbox 727 850 774 876; x_wconf 74' lang='grc' dir='ltr'><strong>καὶ</strong></span> <span class='ocrx_word' id='word_1_127' title='bbox 797 849 938 884; x_wconf 85' lang='grc' dir='ltr'>Ῥωμαῖοι,</span> 
     </span>
    </p>
   </div>
   <div class='ocr_carea' id='block_1_20' title="bbox 152 892 974 934">
    <p class='ocr_par' dir='ltr' id='par_1_20' title="bbox 152 892 974 934">
     <span class='ocr_line' id='line_1_20' title="bbox 152 892 974 934; baseline -0.004 -10"><span class='ocrx_word' id='word_1_128' title='bbox 152 899 199 924; x_wconf 71' lang='grc' dir='ltr'><strong>καὶ</strong></span> <span class='ocrx_word' id='word_1_129' title='bbox 209 897 351 934; x_wconf 83' lang='grc' dir='ltr'>Ἕλληνες,</span> <span class='ocrx_word' id='word_1_130' title='bbox 365 898 412 925; x_wconf 81' lang='grc' dir='ltr'><strong>καὶ</strong></span> <span class='ocrx_word' id='word_1_131' title='bbox 425 897 569 932; x_wconf 75' lang='grc' dir='ltr'>βάρϐαροι,</span> <span class='ocrx_word' id='word_1_132' title='bbox 580 897 626 923; x_wconf 75' lang='grc' dir='ltr'>καὶ</span> <span class='ocrx_word' id='word_1_133' title='bbox 639 895 731 931; x_wconf 84' lang='grc' dir='ltr'>Θηρία,</span> <span class='ocrx_word' id='word_1_134' title='bbox 743 894 934 930; x_wconf 77' lang='grc' dir='ltr'>ὀνομάζεσθαι,</span> <span class='ocrx_word' id='word_1_135' title='bbox 950 892 974 922; x_wconf 91' lang='grc' dir='ltr'>Β</span> 
     </span>
    </p>
   </div>
   <div class='ocr_carea' id='block_1_21' title="bbox 149 940 935 978">
    <p class='ocr_par' dir='ltr' id='par_1_21' title="bbox 149 940 935 978">
     <span class='ocr_line' id='line_1_21' title="bbox 149 940 935 978; baseline -0.004 -10"><span class='ocrx_word' id='word_1_136' title='bbox 149 943 210 973; x_wconf 78' lang='grc' dir='ltr'>ταῖς</span> <span class='ocrx_word' id='word_1_137' title='bbox 225 941 371 978; x_wconf 80' lang='grc' dir='ltr'>ὑμετέραις</span> <span class='ocrx_word' id='word_1_138' title='bbox 389 941 521 976; x_wconf 76' lang='grc' dir='ltr'>πράξεσιν</span> <span class='ocrx_word' id='word_1_139' title='bbox 543 940 732 976; x_wconf 74' lang='grc' dir='ltr'>ἁρμόζουσαν,</span> <span class='ocrx_word' id='word_1_140' title='bbox 754 940 915 975; x_wconf 75' lang='grc' dir='ltr'>ἐξευρήσετε</span> <span class='ocrx_word' id='word_1_141' title='bbox 929 946 935 955; x_wconf 90' lang='grc'><strong>·</strong></span> 
     </span>
    </p>
   </div>
   <div class='ocr_carea' id='block_1_22' title="bbox 150 984 936 1022">
    <p class='ocr_par' dir='ltr' id='par_1_22' title="bbox 150 984 936 1022">
     <span class='ocr_line' id='line_1_22' title="bbox 150 984 936 1022; baseline -0.003 -9"><span class='ocrx_word' id='word_1_142' title='bbox 150 988 229 1022; x_wconf 79' lang='grc' dir='ltr'>ἡμεῖς</span> <span class='ocrx_word' id='word_1_143' title='bbox 246 987 286 1019; x_wconf 71' lang='grc' dir='ltr'><strong>δὲ,</strong></span> <span class='ocrx_word' id='word_1_144' title='bbox 300 987 351 1014; x_wconf 82' lang='grc' dir='ltr'><strong>κᾶν</strong></span> <span class='ocrx_word' id='word_1_145' title='bbox 364 988 398 1022; x_wconf 75' lang='grc' dir='ltr'><strong>τῇ</strong></span> <span class='ocrx_word' id='word_1_146' title='bbox 415 987 485 1022; x_wconf 86' lang='grc' dir='ltr'>νόσῳ</span> <span class='ocrx_word' id='word_1_147' title='bbox 500 987 668 1022; x_wconf 81' lang='grc' dir='ltr'>νικηθῶμεν,</span> <span class='ocrx_word' id='word_1_148' title='bbox 689 985 890 1021; x_wconf 81' lang='grc' dir='ltr'>λαμπρότερον,</span> <span class='ocrx_word' id='word_1_149' title='bbox 906 984 936 1012; x_wconf 81' lang='grc' dir='ltr'>εὖ</span> 
     </span>
    </p>
   </div>
   <div class='ocr_carea' id='block_1_23' title="bbox 150 1030 938 1068">
    <p class='ocr_par' dir='ltr' id='par_1_23' title="bbox 150 1030 938 1068">
     <span class='ocr_line' id='line_1_23' title="bbox 150 1030 938 1068; baseline -0.003 -9"><span class='ocrx_word' id='word_1_150' title='bbox 150 1034 218 1066; x_wconf 74' lang='grc' dir='ltr'>ἴστε,</span> <span class='ocrx_word' id='word_1_151' title='bbox 230 1033 261 1060; x_wconf 77' lang='grc' dir='ltr'>τὸ</span> <span class='ocrx_word' id='word_1_152' title='bbox 278 1033 339 1060; x_wconf 85' lang='grc' dir='ltr'><strong>καθ’</strong></span> <span class='ocrx_word' id='word_1_153' title='bbox 360 1033 439 1068; x_wconf 85' lang='grc' dir='ltr'>ἡμῶν</span> <span class='ocrx_word' id='word_1_154' title='bbox 454 1032 462 1052; x_wconf 79' lang='grc' dir='ltr'>ι</span> <span class='ocrx_word' id='word_1_155' title='bbox 478 1033 614 1067; x_wconf 75' lang='grc' dir='ltr'>στήσομεν</span> <span class='ocrx_word' id='word_1_156' title='bbox 639 1031 785 1067; x_wconf 81' lang='grc' dir='ltr'>τρόπαιον·</span> <span class='ocrx_word' id='word_1_157' title='bbox 808 1031 854 1057; x_wconf 82' lang='grc' dir='ltr'><strong>τὸν</strong></span> <span class='ocrx_word' id='word_1_158' title='bbox 869 1030 938 1065; x_wconf 54' lang='lat' dir='ltr'><strong>spe-</strong></span> 
     </span>
    </p>
   </div>
   <div class='ocr_carea' id='block_1_24' title="bbox 148 1077 937 1114">
    <p class='ocr_par' dir='ltr' id='par_1_24' title="bbox 148 1077 937 1114">
     <span class='ocr_line' id='line_1_24' title="bbox 148 1077 937 1114; baseline -0.004 -8"><span class='ocrx_word' id='word_1_159' title='bbox 148 1087 228 1114; x_wconf 77' lang='grc' dir='ltr'>τερον</span> <span class='ocrx_word' id='word_1_160' title='bbox 247 1079 335 1114; x_wconf 75' lang='grc' dir='ltr'>βίαιον</span> <span class='ocrx_word' id='word_1_161' title='bbox 354 1079 485 1111; x_wconf 82' lang='grc' dir='ltr'>θάνατον,</span> <span class='ocrx_word' id='word_1_162' title='bbox 508 1078 548 1114; x_wconf 76' lang='grc' dir='ltr'><strong>τῷ</strong></span> <span class='ocrx_word' id='word_1_163' title='bbox 570 1079 652 1105; x_wconf 74' lang='grc' dir='ltr'>παντὶ</span> <span class='ocrx_word' id='word_1_164' title='bbox 675 1078 736 1113; x_wconf 82' lang='grc' dir='ltr'>βίῳ,</span> <span class='ocrx_word' id='word_1_165' title='bbox 763 1077 865 1112; x_wconf 82' lang='grc' dir='ltr'><strong>στήλην</strong></span> <span class='ocrx_word' id='word_1_166' title='bbox 886 1077 937 1112; x_wconf 83' lang='grc' dir='ltr'><strong>τῆς</strong></span> 
     </span>
    </p>
   </div>
   <div class='ocr_carea' id='block_1_25' title="bbox 150 1121 847 1160">
    <p class='ocr_par' dir='ltr' id='par_1_25' title="bbox 150 1121 847 1160">
     <span class='ocr_line' id='line_1_25' title="bbox 150 1121 847 1160; baseline -0.003 -10"><span class='ocrx_word' id='word_1_167' title='bbox 150 1123 226 1158; x_wconf 66' lang='grc' dir='ltr'>ρμῶν</span> <span class='ocrx_word' id='word_1_168' title='bbox 240 1124 397 1160; x_wconf 82' lang='grc' dir='ltr'>μιαιφονίας</span> <span class='ocrx_word' id='word_1_169' title='bbox 408 1123 631 1156; x_wconf 75' lang='grc' dir='ltr'>ὲναπολείποντες</span> <span class='ocrx_word' id='word_1_170' title='bbox 644 1121 847 1155; x_wconf 79' lang='grc' dir='ltr'>ἀνεξάλειπτον.</span> 
     </span>
    </p>
   </div>
   <div class='ocr_carea' id='block_1_26' title="bbox 443 1286 633 1315">
    <p class='ocr_par' dir='ltr' id='par_1_26' title="bbox 443 1286 633 1315">
     <span class='ocr_line' id='line_1_26' title="bbox 443 1286 633 1315; baseline -0.005 -1"><span class='ocrx_word' id='word_1_171' title='bbox 443 1286 556 1315; x_wconf 81' lang='grc' dir='ltr'><strong>ΕΠΙΣΤ.</strong></span> <span class='ocrx_word' id='word_1_172' title='bbox 570 1286 633 1314; x_wconf 75' lang='lat' dir='ltr'><strong>AG’.</strong></span> 
     </span>
    </p>
   </div>
   <div class='ocr_carea' id='block_1_27' title="bbox 368 1338 713 1374">
    <p class='ocr_par' dir='ltr' id='par_1_27' title="bbox 368 1338 713 1374">
     <span class='ocr_line' id='line_1_27' title="bbox 368 1338 713 1374; baseline -0.003 -8"><span class='ocrx_word' id='word_1_173' title='bbox 368 1339 502 1374; x_wconf 76' lang='grc' dir='ltr'><strong>Θεοφίλῳ</strong></span> <span class='ocrx_word' id='word_1_174' title='bbox 517 1338 713 1374; x_wconf 77' lang='grc' dir='ltr'>πραιποσιτῳ.</span> 
     </span>
    </p>
   </div>
   <div class='ocr_carea' id='block_1_28' title="bbox 994 259 1780 293">
    <p class='ocr_par' dir='ltr' id='par_1_28' title="bbox 994 259 1780 293">
     <span class='ocr_line' id='line_1_28' title="bbox 994 259 1780 293; baseline 0.003 -7"><span class='ocrx_word' id='word_1_175' title='bbox 994 259 1060 287; x_wconf 84' lang='lat' dir='ltr'><strong>stias</strong></span> <span class='ocrx_word' id='word_1_176' title='bbox 1079 266 1134 286; x_wconf 92' lang='lat' dir='ltr'><strong>non</strong></span> <span class='ocrx_word' id='word_1_177' title='bbox 1150 266 1250 293; x_wconf 79' lang='lat' dir='ltr'><strong>paucas</strong></span> <span class='ocrx_word' id='word_1_178' title='bbox 1263 263 1384 291; x_wconf 85' lang='lat' dir='ltr'><strong>narrant.</strong></span> <span class='ocrx_word' id='word_1_179' title='bbox 1404 259 1523 286; x_wconf 74' lang='lat' dir='ltr'><strong>revereri</strong></span> <span class='ocrx_word' id='word_1_180' title='bbox 1535 259 1734 293; x_wconf 85' lang='lat' dir='ltr'><strong>quodammodo</strong></span> <span class='ocrx_word' id='word_1_181' title='bbox 1752 265 1780 288; x_wconf 87' lang='lat' dir='ltr'><strong>et</strong></span> 
     </span>
    </p>
   </div>
   <div class='ocr_carea' id='block_1_29' title="bbox 994 305 1778 340">
    <p class='ocr_par' dir='ltr' id='par_1_29' title="bbox 994 305 1778 340">
     <span class='ocr_line' id='line_1_29' title="bbox 994 305 1778 340; baseline 0.001 -7"><span class='ocrx_word' id='word_1_182' title='bbox 994 305 1154 333; x_wconf 73' lang='lat' dir='ltr'><strong>submittere</strong></span> <span class='ocrx_word' id='word_1_183' title='bbox 1178 312 1208 332; x_wconf 92' lang='lat' dir='ltr'><strong>se</strong></span> <span class='ocrx_word' id='word_1_184' title='bbox 1225 310 1362 333; x_wconf 83' lang='lat' dir='ltr'><strong>extremas</strong></span> <span class='ocrx_word' id='word_1_185' title='bbox 1376 305 1448 332; x_wconf 89' lang='lat' dir='ltr'><strong>inter</strong></span> <span class='ocrx_word' id='word_1_186' title='bbox 1467 305 1610 340; x_wconf 72' lang='lat' dir='ltr'><strong>angustias</strong></span> <span class='ocrx_word' id='word_1_187' title='bbox 1629 305 1778 339; x_wconf 83' lang='lat' dir='ltr'><strong>conclusis,</strong></span> 
     </span>
    </p>
   </div>
   <div class='ocr_carea' id='block_1_30' title="bbox 993 350 1779 386">
    <p class='ocr_par' dir='ltr' id='par_1_30' title="bbox 993 350 1779 386">
     <span class='ocr_line' id='line_1_30' title="bbox 993 350 1779 386; baseline 0.001 -8"><span class='ocrx_word' id='word_1_188' title='bbox 993 358 1045 378; x_wconf 88' lang='lat' dir='ltr'><strong>nec</strong></span> <span class='ocrx_word' id='word_1_189' title='bbox 1059 350 1193 379; x_wconf 73' lang='lat' dir='ltr'><strong>feritatem</strong></span> <span class='ocrx_word' id='word_1_190' title='bbox 1209 351 1237 377; x_wconf 91' lang='lat' dir='ltr'><strong>in</strong></span> <span class='ocrx_word' id='word_1_191' title='bbox 1249 353 1400 385; x_wconf 67' lang='lat' dir='ltr'><strong>prostratos</strong></span> <span class='ocrx_word' id='word_1_192' title='bbox 1415 357 1556 378; x_wconf 80' lang='lat' dir='ltr'><strong>exercere.</strong></span> <span class='ocrx_word' id='word_1_193' title='bbox 1576 351 1632 386; x_wconf 71' lang='lat' dir='ltr'><strong>Ego</strong></span> <span class='ocrx_word' id='word_1_194' title='bbox 1653 350 1682 378; x_wconf 93' lang='lat' dir='ltr'><strong>in</strong></span> <span class='ocrx_word' id='word_1_195' title='bbox 1708 359 1779 386; x_wconf 67' lang='lat' dir='ltr'><strong>prte-</strong></span> 
     </span>
    </p>
   </div>
   <div class='ocr_carea' id='block_1_31' title="bbox 993 395 1778 430">
    <p class='ocr_par' dir='ltr' id='par_1_31' title="bbox 993 395 1778 430">
     <span class='ocr_line' id='line_1_31' title="bbox 993 395 1778 430; baseline 0.001 -8"><span class='ocrx_word' id='word_1_196' title='bbox 993 395 1078 428; x_wconf 84' lang='lat' dir='ltr'><strong>senti,</strong></span> <span class='ocrx_word' id='word_1_197' title='bbox 1092 403 1109 423; x_wconf 93' lang='lat' dir='ltr'><strong>o</strong></span> <span class='ocrx_word' id='word_1_198' title='bbox 1119 395 1342 428; x_wconf 87' lang='lat' dir='ltr'><strong>clementissime,</strong></span> <span class='ocrx_word' id='word_1_199' title='bbox 1356 402 1405 430; x_wconf 89' lang='lat' dir='ltr'><strong>per</strong></span> <span class='ocrx_word' id='word_1_200' title='bbox 1417 399 1491 422; x_wconf 83' lang='lat' dir='ltr'><strong>luam</strong></span> <span class='ocrx_word' id='word_1_201' title='bbox 1507 403 1618 430; x_wconf 83' lang='lat' dir='ltr'><strong>operam</strong></span> <span class='ocrx_word' id='word_1_202' title='bbox 1630 395 1699 422; x_wconf 92' lang='lat' dir='ltr'><strong>ultra</strong></span> <span class='ocrx_word' id='word_1_203' title='bbox 1715 396 1778 429; x_wconf 90' lang='lat' dir='ltr'><strong>alia,</strong></span> 
     </span>
    </p>
   </div>
   <div class='ocr_carea' id='block_1_32' title="bbox 993 440 1778 483">
    <p class='ocr_par' dir='ltr' id='par_1_32' title="bbox 993 440 1778 483">
     <span class='ocr_line' id='line_1_32' title="bbox 993 440 1778 483; baseline 0.001 -16"><span class='ocrx_word' id='word_1_204' title='bbox 993 445 1072 483; x_wconf 43' lang='lat' dir='ltr'><strong>etvex</strong></span> <span class='ocrx_word' id='word_1_205' title='bbox 1087 441 1182 468; x_wconf 91' lang='lat' dir='ltr'><strong>morbo</strong></span> <span class='ocrx_word' id='word_1_206' title='bbox 1194 440 1347 474; x_wconf 83' lang='lat' dir='ltr'><strong>decumbo;</strong></span> <span class='ocrx_word' id='word_1_207' title='bbox 1364 440 1499 468; x_wconf 90' lang='lat' dir='ltr'><strong>medicum</strong></span> <span class='ocrx_word' id='word_1_208' title='bbox 1515 440 1616 476; x_wconf 80' lang='lat' dir='ltr'><strong>ﬂagitat</strong></span> <span class='ocrx_word' id='word_1_209' title='bbox 1630 440 1675 468; x_wconf 90' lang='lat' dir='ltr'><strong>illa</strong></span> <span class='ocrx_word' id='word_1_210' title='bbox 1697 441 1778 476; x_wconf 66' lang='lat' dir='ltr'><strong>aegri-</strong></span> 
     </span>
    </p>
   </div>
   <div class='ocr_carea' id='block_1_33' title="bbox 993 486 1780 522">
    <p class='ocr_par' dir='ltr' id='par_1_33' title="bbox 993 486 1780 522">
     <span class='ocr_line' id='line_1_33' title="bbox 993 486 1780 522; baseline 0 -8"><span class='ocrx_word' id='word_1_211' title='bbox 993 487 1060 514; x_wconf 93' lang='lat' dir='ltr'><strong>tudo</strong></span> <span class='ocrx_word' id='word_1_212' title='bbox 1073 495 1134 522; x_wconf 69' lang='lat' dir='ltr'><strong>quae</strong></span> <span class='ocrx_word' id='word_1_213' title='bbox 1147 486 1205 514; x_wconf 90' lang='lat' dir='ltr'><strong>dies</strong></span> <span class='ocrx_word' id='word_1_214' title='bbox 1217 486 1274 522; x_wconf 84' lang='lat' dir='ltr'><strong>jam</strong></span> <span class='ocrx_word' id='word_1_215' title='bbox 1288 486 1399 522; x_wconf 73' lang='lat' dir='ltr'><strong>triginta</strong></span> <span class='ocrx_word' id='word_1_216' title='bbox 1413 494 1457 514; x_wconf 94' lang='lat' dir='ltr'><strong>me</strong></span> <span class='ocrx_word' id='word_1_217' title='bbox 1468 487 1574 520; x_wconf 85' lang='lat' dir='ltr'><strong>alllixit,</strong></span> <span class='ocrx_word' id='word_1_218' title='bbox 1586 487 1664 514; x_wconf 86' lang='lat' dir='ltr'><strong>multi</strong></span> <span class='ocrx_word' id='word_1_219' title='bbox 1677 489 1780 514; x_wconf 81' lang='lat' dir='ltr'><strong>interea</strong></span> 
     </span>
    </p>
   </div>
   <div class='ocr_carea' id='block_1_34' title="bbox 993 533 1779 569">
    <p class='ocr_par' dir='ltr' id='par_1_34' title="bbox 993 533 1779 569">
     <span class='ocr_line' id='line_1_34' title="bbox 993 533 1779 569; baseline 0 -9"><span class='ocrx_word' id='word_1_220' title='bbox 993 533 1086 561; x_wconf 89' lang='lat' dir='ltr'><strong>multis</strong></span> <span class='ocrx_word' id='word_1_221' title='bbox 1104 533 1177 568; x_wconf 89' lang='lat' dir='ltr'><strong>apud</strong></span> <span class='ocrx_word' id='word_1_222' title='bbox 1196 539 1223 561; x_wconf 93' lang='lat' dir='ltr'><strong>te</strong></span> <span class='ocrx_word' id='word_1_223' title='bbox 1237 533 1455 561; x_wconf 85' lang='lat' dir='ltr'><strong>intercesserunt</strong></span> <span class='ocrx_word' id='word_1_224' title='bbox 1466 533 1575 566; x_wconf 82' lang='lat' dir='ltr'><strong>medici,</strong></span> <span class='ocrx_word' id='word_1_225' title='bbox 1603 538 1632 561; x_wconf 93' lang='lat' dir='ltr'><strong>ut</strong></span> <span class='ocrx_word' id='word_1_226' title='bbox 1655 541 1779 569; x_wconf 65' lang='lat' dir='ltr'><strong>praesen-</strong></span> 
     </span>
    </p>
   </div>
   <div class='ocr_carea' id='block_1_35' title="bbox 995 579 1778 614">
    <p class='ocr_par' dir='ltr' id='par_1_35' title="bbox 995 579 1778 614">
     <span class='ocr_line' id='line_1_35' title="bbox 995 579 1778 614; baseline 0 -8"><span class='ocrx_word' id='word_1_227' title='bbox 995 580 1057 607; x_wconf 87' lang='lat' dir='ltr'><strong>tiam</strong></span> <span class='ocrx_word' id='word_1_228' title='bbox 1072 579 1206 607; x_wconf 86' lang='lat' dir='ltr'><strong>concedas</strong></span> <span class='ocrx_word' id='word_1_229' title='bbox 1222 579 1366 612; x_wconf 91' lang='lat' dir='ltr'><strong>mihi;sed</strong></span> <span class='ocrx_word' id='word_1_230' title='bbox 1382 579 1410 614; x_wconf 90' lang='lat'><strong>(0</strong></span> <span class='ocrx_word' id='word_1_231' title='bbox 1436 587 1609 606; x_wconf 91' lang='lat' dir='ltr'><strong>communem</strong></span> <span class='ocrx_word' id='word_1_232' title='bbox 1636 579 1778 606; x_wconf 88' lang='lat' dir='ltr'><strong>hominum</strong></span> 
     </span>
    </p>
   </div>
   <div class='ocr_carea' id='block_1_36' title="bbox 993 624 1780 660">
    <p class='ocr_par' dir='ltr' id='par_1_36' title="bbox 993 624 1780 660">
     <span class='ocr_line' id='line_1_36' title="bbox 993 624 1780 660; baseline 0 -7"><span class='ocrx_word' id='word_1_233' title='bbox 993 626 1135 653; x_wconf 90' lang='lat' dir='ltr'><strong>naturaml</strong></span> <span class='ocrx_word' id='word_1_234' title='bbox 1152 633 1168 652; x_wconf 94' lang='grc' dir='ltr'><strong>ο</strong></span> <span class='ocrx_word' id='word_1_235' title='bbox 1183 625 1256 660; x_wconf 77' lang='lat' dir='ltr'><strong>leges</strong></span> <span class='ocrx_word' id='word_1_236' title='bbox 1268 624 1422 652; x_wconf 80' lang='lat' dir='ltr'><strong>Romanas!</strong></span> <span class='ocrx_word' id='word_1_237' title='bbox 1438 633 1454 652; x_wconf 94' lang='grc' dir='ltr'><strong>ο</strong></span> <span class='ocrx_word' id='word_1_238' title='bbox 1468 624 1687 653; x_wconf 87' lang='lat' dir='ltr'><strong>Christianorum</strong></span> <span class='ocrx_word' id='word_1_239' title='bbox 1712 625 1780 653; x_wconf 86' lang='lat' dir='ltr'><strong>titu-</strong></span> 
     </span>
    </p>
   </div>
   <div class='ocr_carea' id='block_1_37' title="bbox 992 671 1779 707">
    <p class='ocr_par' dir='ltr' id='par_1_37' title="bbox 992 671 1779 707">
     <span class='ocr_line' id='line_1_37' title="bbox 992 671 1779 707; baseline -0.003 -7"><span class='ocrx_word' id='word_1_240' title='bbox 992 672 1051 700; x_wconf 89' lang='lat' dir='ltr'><strong>losl</strong></span> <span class='ocrx_word' id='word_1_241' title='bbox 1067 673 1112 700; x_wconf 93' lang='lat' dir='ltr'><strong>ubi</strong></span> <span class='ocrx_word' id='word_1_242' title='bbox 1120 671 1216 706; x_wconf 83' lang='lat' dir='ltr'><strong>estis?)</strong></span> <span class='ocrx_word' id='word_1_243' title='bbox 1226 679 1281 699; x_wconf 91' lang='lat' dir='ltr'><strong>non</strong></span> <span class='ocrx_word' id='word_1_244' title='bbox 1297 671 1493 707; x_wconf 86' lang='lat' dir='ltr'><strong>impetrarunt:</strong></span> <span class='ocrx_word' id='word_1_245' title='bbox 1510 676 1538 699; x_wconf 91' lang='lat' dir='ltr'><strong>et</strong></span> <span class='ocrx_word' id='word_1_246' title='bbox 1553 676 1642 699; x_wconf 88' lang='lat' dir='ltr'><strong>tamen</strong></span> <span class='ocrx_word' id='word_1_247' title='bbox 1657 672 1779 699; x_wconf 89' lang='lat' dir='ltr'><strong>nondum</strong></span> 
     </span>
    </p>
   </div>
   <div class='ocr_carea' id='block_1_38' title="bbox 992 717 1780 752">
    <p class='ocr_par' dir='ltr' id='par_1_38' title="bbox 992 717 1780 752">
     <span class='ocr_line' id='line_1_38' title="bbox 992 717 1780 752; baseline -0.001 -6"><span class='ocrx_word' id='word_1_248' title='bbox 992 718 1060 746; x_wconf 87' lang='lat' dir='ltr'><strong>mihi</strong></span> <span class='ocrx_word' id='word_1_249' title='bbox 1078 718 1163 746; x_wconf 82' lang='lat' dir='ltr'><strong>subiit</strong></span> <span class='ocrx_word' id='word_1_250' title='bbox 1174 717 1323 751; x_wconf 85' lang='lat' dir='ltr'><strong>sententia,</strong></span> <span class='ocrx_word' id='word_1_251' title='bbox 1341 722 1368 745; x_wconf 91' lang='lat' dir='ltr'><strong>te</strong></span> <span class='ocrx_word' id='word_1_252' title='bbox 1381 725 1442 745; x_wconf 86' lang='lat' dir='ltr'><strong>cum</strong></span> <span class='ocrx_word' id='word_1_253' title='bbox 1458 717 1591 752; x_wconf 85' lang='lat' dir='ltr'><strong>barbaris,</strong></span> <span class='ocrx_word' id='word_1_254' title='bbox 1615 722 1661 744; x_wconf 90' lang='lat' dir='ltr'><strong>aut</strong></span> <span class='ocrx_word' id='word_1_255' title='bbox 1683 717 1780 745; x_wconf 84' lang='lat' dir='ltr'><strong>bestiis</strong></span> 
     </span>
    </p>
   </div>
   <div class='ocr_carea' id='block_1_39' title="bbox 992 763 1780 799">
    <p class='ocr_par' dir='ltr' id='par_1_39' title="bbox 992 763 1780 799">
     <span class='ocr_line' id='line_1_39' title="bbox 992 763 1780 799; baseline -0.003 -7"><span class='ocrx_word' id='word_1_256' title='bbox 992 771 1190 796; x_wconf 87' lang='lat' dir='ltr'><strong>annumerare;</strong></span> <span class='ocrx_word' id='word_1_257' title='bbox 1206 763 1325 799; x_wconf 78' lang='lat' dir='ltr'><strong>cogitare</strong></span> <span class='ocrx_word' id='word_1_258' title='bbox 1341 768 1431 790; x_wconf 86' lang='lat' dir='ltr'><strong>autem</strong></span> <span class='ocrx_word' id='word_1_259' title='bbox 1447 767 1473 791; x_wconf 91' lang='lat' dir='ltr'><strong>te</strong></span> <span class='ocrx_word' id='word_1_260' title='bbox 1489 768 1534 791; x_wconf 90' lang='lat' dir='ltr'><strong>tua</strong></span> <span class='ocrx_word' id='word_1_261' title='bbox 1544 763 1668 795; x_wconf 87' lang='lat' dir='ltr'><strong>interest,</strong></span> <span class='ocrx_word' id='word_1_262' title='bbox 1683 770 1780 797; x_wconf 85' lang='lat' dir='ltr'><strong>quam-</strong></span> 
     </span>
    </p>
   </div>
   <div class='ocr_carea' id='block_1_40' title="bbox 992 808 1778 844">
    <p class='ocr_par' dir='ltr' id='par_1_40' title="bbox 992 808 1778 844">
     <span class='ocr_line' id='line_1_40' title="bbox 992 808 1778 844; baseline -0.003 -7"><span class='ocrx_word' id='word_1_263' title='bbox 992 810 1086 837; x_wconf 89' lang='lat' dir='ltr'><strong>obrem</strong></span> <span class='ocrx_word' id='word_1_264' title='bbox 1106 810 1134 836; x_wconf 90' lang='lat' dir='ltr'><strong>in</strong></span> <span class='ocrx_word' id='word_1_265' title='bbox 1163 816 1208 836; x_wconf 89' lang='lat' dir='ltr'><strong>me</strong></span> <span class='ocrx_word' id='word_1_266' title='bbox 1233 809 1315 836; x_wconf 90' lang='lat' dir='ltr'><strong>vilem</strong></span> <span class='ocrx_word' id='word_1_267' title='bbox 1328 813 1356 835; x_wconf 86' lang='lat' dir='ltr'><strong>et</strong></span> <span class='ocrx_word' id='word_1_268' title='bbox 1369 809 1518 843; x_wconf 73' lang='lat' dir='ltr'><strong>abjeclum,</strong></span> <span class='ocrx_word' id='word_1_269' title='bbox 1549 808 1692 844; x_wconf 74' lang='lat' dir='ltr'><strong>peregrina</strong></span> <span class='ocrx_word' id='word_1_270' title='bbox 1710 808 1778 841; x_wconf 55' lang='lat' dir='ltr'><strong>hmo,</strong></span> 
     </span>
    </p>
   </div>
   <div class='ocr_carea' id='block_1_41' title="bbox 993 854 1779 889">
    <p class='ocr_par' dir='ltr' id='par_1_41' title="bbox 993 854 1779 889">
     <span class='ocr_line' id='line_1_41' title="bbox 993 854 1779 889; baseline -0.003 -7"><span class='ocrx_word' id='word_1_271' title='bbox 993 863 1074 887; x_wconf 85' lang='lat' dir='ltr'><strong>nova,</strong></span> <span class='ocrx_word' id='word_1_272' title='bbox 1085 862 1136 882; x_wconf 88' lang='lat' dir='ltr'><strong>nec</strong></span> <span class='ocrx_word' id='word_1_273' title='bbox 1151 855 1202 882; x_wconf 90' lang='lat' dir='ltr'><strong>sub</strong></span> <span class='ocrx_word' id='word_1_274' title='bbox 1215 854 1272 882; x_wconf 90' lang='lat' dir='ltr'><strong>sole</strong></span> <span class='ocrx_word' id='word_1_275' title='bbox 1285 854 1374 881; x_wconf 83' lang='lat' dir='ltr'><strong>adhuc</strong></span> <span class='ocrx_word' id='word_1_276' title='bbox 1386 854 1444 881; x_wconf 88' lang='lat' dir='ltr'><strong>visa</strong></span> <span class='ocrx_word' id='word_1_277' title='bbox 1457 854 1592 888; x_wconf 86' lang='lat' dir='ltr'><strong>supplicia</strong></span> <span class='ocrx_word' id='word_1_278' title='bbox 1605 854 1779 889; x_wconf 79' lang='lat' dir='ltr'><strong>excogitave-</strong></span> 
     </span>
    </p>
   </div>
   <div class='ocr_carea' id='block_1_42' title="bbox 989 899 1779 936">
    <p class='ocr_par' dir='ltr' id='par_1_42' title="bbox 989 899 1779 936">
     <span class='ocr_line' id='line_1_42' title="bbox 989 899 1779 936; baseline -0.001 -8"><span class='ocrx_word' id='word_1_279' title='bbox 989 901 1036 933; x_wconf 89' lang='lat' dir='ltr'><strong>ris,</strong></span> <span class='ocrx_word' id='word_1_280' title='bbox 1050 908 1130 936; x_wconf 87' lang='lat' dir='ltr'><strong>quam</strong></span> <span class='ocrx_word' id='word_1_281' title='bbox 1146 901 1194 928; x_wconf 88' lang='lat' dir='ltr'><strong>tibi</strong></span> <span class='ocrx_word' id='word_1_282' title='bbox 1209 900 1458 928; x_wconf 88' lang='lat' dir='ltr'><strong>denominationem</strong></span> <span class='ocrx_word' id='word_1_283' title='bbox 1472 900 1553 928; x_wconf 87' lang='lat' dir='ltr'><strong>aliam</strong></span> <span class='ocrx_word' id='word_1_284' title='bbox 1565 908 1615 935; x_wconf 87' lang='lat' dir='ltr'><strong>pro</strong></span> <span class='ocrx_word' id='word_1_285' title='bbox 1629 899 1779 927; x_wconf 81' lang='lat' dir='ltr'><strong>Christiani</strong></span> 
     </span>
    </p>
   </div>
   <div class='ocr_carea' id='block_1_43' title="bbox 989 945 1779 979">
    <p class='ocr_par' dir='ltr' id='par_1_43' title="bbox 989 945 1779 979">
     <span class='ocr_line' id='line_1_43' title="bbox 989 945 1779 979; baseline -0.003 -5"><span class='ocrx_word' id='word_1_286' title='bbox 989 947 1077 979; x_wconf 83' lang='lat' dir='ltr'><strong>titulo,</strong></span> <span class='ocrx_word' id='word_1_287' title='bbox 1094 946 1219 978; x_wconf 77' lang='lat' dir='ltr'><strong>Romani,</strong></span> <span class='ocrx_word' id='word_1_288' title='bbox 1234 945 1334 979; x_wconf 68' lang='lat' dir='ltr'><strong>Graeci,</strong></span> <span class='ocrx_word' id='word_1_289' title='bbox 1357 945 1466 974; x_wconf 80' lang='lat' dir='ltr'><strong>barbari</strong></span> <span class='ocrx_word' id='word_1_290' title='bbox 1484 945 1612 978; x_wconf 83' lang='lat' dir='ltr'><strong>hominis,</strong></span> <span class='ocrx_word' id='word_1_291' title='bbox 1635 945 1690 972; x_wconf 91' lang='lat' dir='ltr'><strong>imo</strong></span> <span class='ocrx_word' id='word_1_292' title='bbox 1732 945 1779 972; x_wconf 87' lang='lat' dir='ltr'><strong>be-</strong></span> 
     </span>
    </p>
   </div>
   <div class='ocr_carea' id='block_1_44' title="bbox 989 990 1778 1027">
    <p class='ocr_par' dir='ltr' id='par_1_44' title="bbox 989 990 1778 1027">
     <span class='ocr_line' id='line_1_44' title="bbox 989 990 1778 1027; baseline -0.001 -8"><span class='ocrx_word' id='word_1_293' title='bbox 989 993 1059 1024; x_wconf 78' lang='lat' dir='ltr'><strong>stiae,</strong></span> <span class='ocrx_word' id='word_1_294' title='bbox 1086 1000 1147 1027; x_wconf 67' lang='lat' dir='ltr'><strong>quae</strong></span> <span class='ocrx_word' id='word_1_295' title='bbox 1176 992 1228 1019; x_wconf 86' lang='lat' dir='ltr'><strong>tuis</strong></span> <span class='ocrx_word' id='word_1_296' title='bbox 1256 991 1420 1026; x_wconf 84' lang='lat' dir='ltr'><strong>respondeat</strong></span> <span class='ocrx_word' id='word_1_297' title='bbox 1449 991 1602 1018; x_wconf 84' lang='lat' dir='ltr'><strong>actionibus</strong></span> <span class='ocrx_word' id='word_1_298' title='bbox 1625 990 1778 1026; x_wconf 76' lang='lat' dir='ltr'><strong>excogitare</strong></span> 
     </span>
    </p>
   </div>
   <div class='ocr_carea' id='block_1_45' title="bbox 987 1035 1775 1071">
    <p class='ocr_par' dir='ltr' id='par_1_45' title="bbox 987 1035 1775 1071">
     <span class='ocr_line' id='line_1_45' title="bbox 987 1035 1775 1071; baseline 0 -9"><span class='ocrx_word' id='word_1_299' title='bbox 987 1036 1067 1064; x_wconf 74' lang='lat' dir='ltr'><strong>velis.</strong></span> <span class='ocrx_word' id='word_1_300' title='bbox 1086 1037 1143 1071; x_wconf 78' lang='lat' dir='ltr'><strong>Ego</strong></span> <span class='ocrx_word' id='word_1_301' title='bbox 1155 1040 1245 1064; x_wconf 87' lang='lat' dir='ltr'><strong>autem</strong></span> <span class='ocrx_word' id='word_1_302' title='bbox 1260 1036 1284 1062; x_wconf 89' lang='lat' dir='ltr'><strong>si</strong></span> <span class='ocrx_word' id='word_1_303' title='bbox 1304 1035 1399 1063; x_wconf 88' lang='lat' dir='ltr'><strong>morbo</strong></span> <span class='ocrx_word' id='word_1_304' title='bbox 1416 1036 1602 1068; x_wconf 78' lang='lat' dir='ltr'><strong>succumbam,</strong></span> <span class='ocrx_word' id='word_1_305' title='bbox 1622 1035 1775 1062; x_wconf 86' lang='lat' dir='ltr'><strong>exstinctus</strong></span> 
     </span>
    </p>
   </div>
   <div class='ocr_carea' id='block_1_46' title="bbox 993 1080 1778 1118">
    <p class='ocr_par' dir='ltr' id='par_1_46' title="bbox 993 1080 1778 1118">
     <span class='ocr_line' id='line_1_46' title="bbox 993 1080 1778 1118; baseline -0.004 -8"><span class='ocrx_word' id='word_1_306' title='bbox 993 1083 1209 1118; x_wconf 78' lang='lat' dir='ltr'><strong>Splendidiorem</strong></span> <span class='ocrx_word' id='word_1_307' title='bbox 1231 1081 1265 1109; x_wconf 87' lang='lat' dir='ltr'><strong>de</strong></span> <span class='ocrx_word' id='word_1_308' title='bbox 1279 1086 1304 1109; x_wconf 86' lang='lat' dir='ltr'><strong>te</strong></span> <span class='ocrx_word' id='word_1_309' title='bbox 1323 1081 1393 1108; x_wconf 87' lang='lat' dir='ltr'><strong>scias</strong></span> <span class='ocrx_word' id='word_1_310' title='bbox 1405 1081 1484 1108; x_wconf 88' lang='lat' dir='ltr'><strong>velim</strong></span> <span class='ocrx_word' id='word_1_311' title='bbox 1499 1080 1665 1116; x_wconf 88' lang='lat' dir='ltr'><strong>triumphum</strong></span> <span class='ocrx_word' id='word_1_312' title='bbox 1684 1088 1778 1115; x_wconf 85' lang='lat' dir='ltr'><strong>repor-</strong></span> 
     </span>
    </p>
   </div>
   <div class='ocr_carea' id='block_1_47' title="bbox 987 1126 1777 1157">
    <p class='ocr_par' dir='ltr' id='par_1_47' title="bbox 987 1126 1777 1157">
     <span class='ocr_line' id='line_1_47' title="bbox 987 1126 1777 1157; baseline -0.005 -1"><span class='ocrx_word' id='word_1_313' title='bbox 987 1133 1093 1157; x_wconf 84' lang='lat' dir='ltr'><strong>taturus</strong></span> <span class='ocrx_word' id='word_1_314' title='bbox 1111 1136 1172 1155; x_wconf 89' lang='lat' dir='ltr'><strong>sum</strong></span> <span class='ocrx_word' id='word_1_315' title='bbox 1196 1137 1202 1156; x_wconf 90' lang='lat'><strong>:</strong></span> <span class='ocrx_word' id='word_1_316' title='bbox 1221 1131 1336 1154; x_wconf 89' lang='lat' dir='ltr'><strong>mortem</strong></span> <span class='ocrx_word' id='word_1_317' title='bbox 1353 1127 1428 1155; x_wconf 87' lang='lat' dir='ltr'><strong>enim</strong></span> <span class='ocrx_word' id='word_1_318' title='bbox 1440 1126 1506 1154; x_wconf 89' lang='lat' dir='ltr'><strong>mihi</strong></span> <span class='ocrx_word' id='word_1_319' title='bbox 1520 1126 1654 1153; x_wconf 86' lang='lat' dir='ltr'><strong>violenter</strong></span> <span class='ocrx_word' id='word_1_320' title='bbox 1675 1126 1777 1152; x_wconf 83' lang='lat' dir='ltr'><strong>illatam</strong></span> 
     </span>
    </p>
   </div>
   <div class='ocr_carea' id='block_1_48' title="bbox 987 1171 1775 1204">
    <p class='ocr_par' dir='ltr' id='par_1_48' title="bbox 987 1171 1775 1204">
     <span class='ocr_line' id='line_1_48' title="bbox 987 1171 1775 1204; baseline -0.005 -3"><span class='ocrx_word' id='word_1_321' title='bbox 987 1174 1123 1202; x_wconf 74' lang='lat' dir='ltr'><strong>columnae</strong></span> <span class='ocrx_word' id='word_1_322' title='bbox 1139 1173 1226 1201; x_wconf 84' lang='lat' dir='ltr'><strong>vicem</strong></span> <span class='ocrx_word' id='word_1_323' title='bbox 1239 1173 1386 1200; x_wconf 89' lang='lat' dir='ltr'><strong>obeuntem</strong></span> <span class='ocrx_word' id='word_1_324' title='bbox 1400 1171 1568 1204; x_wconf 84' lang='lat' dir='ltr'><strong>indelebilis,</strong></span> <span class='ocrx_word' id='word_1_325' title='bbox 1588 1175 1683 1199; x_wconf 80' lang='lat' dir='ltr'><strong>contra</strong></span> <span class='ocrx_word' id='word_1_326' title='bbox 1702 1175 1775 1198; x_wconf 84' lang='lat' dir='ltr'><strong>tuam</strong></span> 
     </span>
    </p>
   </div>
   <div class='ocr_carea' id='block_1_49' title="bbox 987 1217 1774 1256">
    <p class='ocr_par' dir='ltr' id='par_1_49' title="bbox 987 1217 1774 1256">
     <span class='ocr_line' id='line_1_49' title="bbox 987 1217 1774 1256; baseline -0.006 -8"><span class='ocrx_word' id='word_1_327' title='bbox 987 1220 1187 1256; x_wconf 72' lang='lat' dir='ltr'><strong>sanguinariam</strong></span> <span class='ocrx_word' id='word_1_328' title='bbox 1200 1219 1391 1247; x_wconf 86' lang='lat' dir='ltr'><strong>crudelitatem</strong></span> <span class='ocrx_word' id='word_1_329' title='bbox 1409 1222 1528 1246; x_wconf 84' lang='lat' dir='ltr'><strong>statuam</strong></span> <span class='ocrx_word' id='word_1_330' title='bbox 1544 1225 1604 1245; x_wconf 89' lang='lat' dir='ltr'><strong>sum</strong></span> <span class='ocrx_word' id='word_1_331' title='bbox 1617 1217 1774 1245; x_wconf 83' lang='lat' dir='ltr'><strong>relicturus.</strong></span> 
     </span>
    </p>
   </div>
   <div class='ocr_carea' id='block_1_50' title="bbox 1249 1280 1510 1309">
    <p class='ocr_par' dir='ltr' id='par_1_50' title="bbox 1249 1280 1510 1309">
     <span class='ocr_line' id='line_1_50' title="bbox 1249 1280 1510 1309; baseline -0.004 -1"><span class='ocrx_word' id='word_1_332' title='bbox 1249 1281 1358 1309; x_wconf 82' lang='lat' dir='ltr'><strong>EPIST.</strong></span> <span class='ocrx_word' id='word_1_333' title='bbox 1385 1280 1510 1308; x_wconf 74' lang='lat' dir='ltr'><strong>XXXIX.</strong></span> 
     </span>
    </p>
   </div>
   <div class='ocr_carea' id='block_1_51' title="bbox 1225 1333 1533 1369">
    <p class='ocr_par' dir='ltr' id='par_1_51' title="bbox 1225 1333 1533 1369">
     <span class='ocr_line' id='line_1_51' title="bbox 1225 1333 1533 1369; baseline 0 -8"><span class='ocrx_word' id='word_1_334' title='bbox 1225 1333 1363 1369; x_wconf 82' lang='lat' dir='ltr'><strong>Theophila</strong></span> <span class='ocrx_word' id='word_1_335' title='bbox 1382 1333 1533 1368; x_wconf 77' lang='lat' dir='ltr'><strong>prwposilo.</strong></span> 
     </span>
    </p>
   </div>
   <div class='ocr_carea' id='block_1_52' title="bbox 763 1391 1167 1427">
    <p class='ocr_par' dir='ltr' id='par_1_52' title="bbox 763 1391 1167 1427">
     <span class='ocr_line' id='line_1_52' title="bbox 763 1391 1167 1427; baseline -0.015 -6"><span class='ocrx_word' id='word_1_336' title='bbox 763 1396 896 1421; x_wconf 76' lang='lat' dir='ltr'><strong>liontacut.</strong></span> <span class='ocrx_word' id='word_1_337' title='bbox 915 1395 966 1427; x_wconf 87' lang='lat' dir='ltr'><strong>(ep.</strong></span> <span class='ocrx_word' id='word_1_338' title='bbox 984 1392 1040 1423; x_wconf 76' lang='lat' dir='ltr'><strong>l2l,</strong></span> <span class='ocrx_word' id='word_1_339' title='bbox 1057 1399 1081 1424; x_wconf 89' lang='lat' dir='ltr'><strong>p.</strong></span> <span class='ocrx_word' id='word_1_340' title='bbox 1100 1391 1167 1423; x_wconf 80' lang='grc'><strong>165).</strong></span> 
     </span>
    </p>
   </div>
   <div class='ocr_carea' id='block_1_53' title="bbox 183 1439 935 1482">
    <p class='ocr_par' dir='ltr' id='par_1_53' title="bbox 183 1445 933 1482">
     <span class='ocr_line' id='line_1_53' title="bbox 183 1445 933 1482; baseline 0.001 -10"><span class='ocrx_word' id='word_1_341' title='bbox 183 1445 220 1473; x_wconf 65' lang='lat' dir='ltr'><strong>To</strong></span> <span class='ocrx_word' id='word_1_342' title='bbox 235 1445 294 1480; x_wconf 70' lang='grc' dir='ltr'>μὲν,</span> <span class='ocrx_word' id='word_1_343' title='bbox 306 1445 415 1481; x_wconf 77' lang='grc' dir='ltr'>ἀγαπᾷν</span> <span class='ocrx_word' id='word_1_344' title='bbox 427 1454 490 1477; x_wconf 84' lang='grc' dir='ltr'>τους</span> <span class='ocrx_word' id='word_1_345' title='bbox 501 1445 656 1481; x_wconf 81' lang='grc' dir='ltr'>μισοῦντας,</span> <span class='ocrx_word' id='word_1_346' title='bbox 667 1446 779 1482; x_wconf 74' lang='grc' dir='ltr'>ἀρετῆς,</span> <span class='ocrx_word' id='word_1_347' title='bbox 792 1447 839 1474; x_wconf 74' lang='grc' dir='ltr'><strong>καὶ</strong></span> <span class='ocrx_word' id='word_1_348' title='bbox 849 1446 933 1473; x_wconf 84' lang='grc' dir='ltr'>Θεῖον·</span> 
     </span>
    </p>
   </div>
   <div class='ocr_carea' id='block_1_54' title="bbox 988 1439 1774 1482">
    <p class='ocr_par' dir='ltr' id='par_1_54' title="bbox 1021 1442 1774 1479">
     <span class='ocr_line' id='line_1_54' title="bbox 1021 1442 1774 1479; baseline -0.003 -7"><span class='ocrx_word' id='word_1_349' title='bbox 1021 1443 1088 1472; x_wconf 88' lang='lat' dir='ltr'><strong>0dio</strong></span> <span class='ocrx_word' id='word_1_350' title='bbox 1104 1443 1237 1471; x_wconf 83' lang='lat' dir='ltr'><strong>habentes</strong></span> <span class='ocrx_word' id='word_1_351' title='bbox 1246 1443 1367 1479; x_wconf 78' lang='lat' dir='ltr'><strong>diligere.</strong></span> <span class='ocrx_word' id='word_1_352' title='bbox 1381 1443 1489 1471; x_wconf 89' lang='lat' dir='ltr'><strong>virtutis</strong></span> <span class='ocrx_word' id='word_1_353' title='bbox 1506 1450 1584 1478; x_wconf 89' lang='lat' dir='ltr'><strong>opus,</strong></span> <span class='ocrx_word' id='word_1_354' title='bbox 1599 1442 1774 1476; x_wconf 87' lang='lat' dir='ltr'><strong>ctdivinum;</strong></span> 
     </span>
    </p>
   </div>
   <div class='ocr_carea' id='block_1_55' title="bbox 147 1491 936 1528">
    <p class='ocr_par' dir='ltr' id='par_1_55' title="bbox 147 1491 936 1528">
     <span class='ocr_line' id='line_1_55' title="bbox 147 1491 936 1528; baseline -0.001 -9"><span class='ocrx_word' id='word_1_355' title='bbox 147 1493 177 1520; x_wconf 67' lang='grc' dir='ltr'><strong>τὸ</strong></span> <span class='ocrx_word' id='word_1_356' title='bbox 195 1492 233 1525; x_wconf 81' lang='grc' dir='ltr'><strong>δὲ,</strong></span> <span class='ocrx_word' id='word_1_357' title='bbox 253 1492 315 1522; x_wconf 79' lang='grc' dir='ltr'>τοὺς</span> <span class='ocrx_word' id='word_1_358' title='bbox 332 1491 507 1526; x_wconf 82' lang='grc' dir='ltr'>ἀγαπῶντας,</span> <span class='ocrx_word' id='word_1_359' title='bbox 524 1491 696 1528; x_wconf 82' lang='grc' dir='ltr'>ἀνθρώπινον</span> <span class='ocrx_word' id='word_1_360' title='bbox 717 1492 765 1520; x_wconf 76' lang='grc' dir='ltr'><strong>καὶ</strong></span> <span class='ocrx_word' id='word_1_361' title='bbox 781 1491 880 1519; x_wconf 64' lang='grc' dir='ltr'>κοινόν</span> <span class='ocrx_word' id='word_1_362' title='bbox 905 1491 936 1518; x_wconf 79' lang='grc' dir='ltr'><strong>τὸ</strong></span> 
     </span>
    </p>
   </div>
   <div class='ocr_carea' id='block_1_56' title="bbox 146 1536 933 1574">
    <p class='ocr_par' dir='ltr' id='par_1_56' title="bbox 146 1536 933 1574">
     <span class='ocr_line' id='line_1_56' title="bbox 146 1536 933 1574; baseline 0.003 -10"><span class='ocrx_word' id='word_1_363' title='bbox 146 1537 175 1565; x_wconf 75' lang='grc' dir='ltr'><strong>δὲ</strong></span> <span class='ocrx_word' id='word_1_364' title='bbox 191 1538 279 1573; x_wconf 80' lang='grc' dir='ltr'>μισεῖν</span> <span class='ocrx_word' id='word_1_365' title='bbox 298 1537 346 1564; x_wconf 75' lang='grc' dir='ltr'><strong>καὶ</strong></span> <span class='ocrx_word' id='word_1_366' title='bbox 363 1537 427 1569; x_wconf 85' lang='grc' dir='ltr'>τοὺς</span> <span class='ocrx_word' id='word_1_367' title='bbox 447 1537 612 1572; x_wconf 83' lang='grc' dir='ltr'>ἀγαπῶντας</span> <span class='ocrx_word' id='word_1_368' title='bbox 633 1537 695 1565; x_wconf 73' lang='grc' dir='ltr'><strong>οὐδὲ</strong></span> <span class='ocrx_word' id='word_1_369' title='bbox 721 1537 823 1574; x_wconf 88' lang='grc' dir='ltr'>θηρίων</span> <span class='ocrx_word' id='word_1_370' title='bbox 845 1536 933 1574; x_wconf 80' lang='grc' dir='ltr'>οἶμαι.</span> 
     </span>
    </p>
   </div>
   <div class='ocr_carea' id='block_1_57' title="bbox 153 1580 933 1620">
    <p class='ocr_par' dir='ltr' id='par_1_57' title="bbox 153 1580 933 1620">
     <span class='ocr_line' id='line_1_57' title="bbox 153 1580 933 1620; baseline 0.003 -11"><span class='ocrx_word' id='word_1_371' title='bbox 153 1582 248 1618; x_wconf 83' lang='grc' dir='ltr'>Ἡμεῖς</span> <span class='ocrx_word' id='word_1_372' title='bbox 266 1582 316 1618; x_wconf 79' lang='grc' dir='ltr'>μὲν</span> <span class='ocrx_word' id='word_1_373' title='bbox 331 1580 377 1610; x_wconf 78' lang='grc' dir='ltr'>οὖν</span> <span class='ocrx_word' id='word_1_374' title='bbox 392 1583 503 1619; x_wconf 79' lang='grc' dir='ltr'>ἀγαπᾷν</span> <span class='ocrx_word' id='word_1_375' title='bbox 518 1591 548 1610; x_wconf 85' lang='grc' dir='ltr'><strong>σε</strong></span> <span class='ocrx_word' id='word_1_376' title='bbox 565 1583 600 1610; x_wconf 88' lang='grc' dir='ltr'><strong>δι’</strong></span> <span class='ocrx_word' id='word_1_377' title='bbox 613 1583 703 1619; x_wconf 69' lang='grc' dir='ltr'>ἔργων</span> <span class='ocrx_word' id='word_1_378' title='bbox 717 1583 888 1620; x_wconf 82' lang='grc' dir='ltr'>δεικνὺομεν,</span> <span class='ocrx_word' id='word_1_379' title='bbox 903 1585 933 1611; x_wconf 83' lang='grc' dir='ltr'>οὺ</span> 
     </span>
    </p>
   </div>
   <div class='ocr_carea' id='block_1_58' title="bbox 147 1629 933 1667">
    <p class='ocr_par' dir='ltr' id='par_1_58' title="bbox 147 1629 933 1667">
     <span class='ocr_line' id='line_1_58' title="bbox 147 1629 933 1667; baseline 0.004 -12"><span class='ocrx_word' id='word_1_380' title='bbox 147 1629 204 1662; x_wconf 78' lang='grc' dir='ltr'>νῦν,</span> <span class='ocrx_word' id='word_1_381' title='bbox 219 1629 287 1656; x_wconf 83' lang='grc' dir='ltr'>ἀλλὰ</span> <span class='ocrx_word' id='word_1_382' title='bbox 304 1630 351 1656; x_wconf 75' lang='grc' dir='ltr'>καὶ</span> <span class='ocrx_word' id='word_1_383' title='bbox 369 1629 468 1662; x_wconf 79' lang='grc' dir='ltr'>πάλαι,</span> <span class='ocrx_word' id='word_1_384' title='bbox 483 1629 518 1656; x_wconf 85' lang='grc' dir='ltr'><strong>τά</strong></span> <span class='ocrx_word' id='word_1_385' title='bbox 532 1638 563 1656; x_wconf 77' lang='grc' dir='ltr'>τε</span> <span class='ocrx_word' id='word_1_386' title='bbox 577 1630 644 1657; x_wconf 76' lang='grc' dir='ltr'>ἄλλα</span> <span class='ocrx_word' id='word_1_387' title='bbox 657 1629 705 1666; x_wconf 85' lang='grc' dir='ltr'>(οὑ</span> <span class='ocrx_word' id='word_1_388' title='bbox 725 1630 779 1667; x_wconf 74' lang='grc' dir='ltr'><strong>γὰρ</strong></span> <span class='ocrx_word' id='word_1_389' title='bbox 797 1631 861 1666; x_wconf 60' lang='grc' dir='ltr'><strong>Ξμὸν</strong></span> <span class='ocrx_word' id='word_1_390' title='bbox 877 1631 933 1658; x_wconf 85' lang='grc' dir='ltr'><strong>ὦσ-</strong></span> 
     </span>
    </p>
   </div>
   <div class='ocr_carea' id='block_1_59' title="bbox 147 1673 932 1710">
    <p class='ocr_par' dir='ltr' id='par_1_59' title="bbox 147 1673 932 1710">
     <span class='ocr_line' id='line_1_59' title="bbox 147 1673 932 1710; baseline 0.001 -10"><span class='ocrx_word' id='word_1_391' title='bbox 147 1682 200 1708; x_wconf 83' lang='grc' dir='ltr'><strong>περ</strong></span> <span class='ocrx_word' id='word_1_392' title='bbox 214 1673 268 1700; x_wconf 84' lang='grc' dir='ltr'>οὐδ’</span> <span class='ocrx_word' id='word_1_393' title='bbox 283 1673 432 1706; x_wconf 74' lang='grc' dir='ltr'>ὀνειδίζειν,</span> <span class='ocrx_word' id='word_1_394' title='bbox 452 1674 539 1705; x_wconf 72' lang='grc' dir='ltr'>οὕτως</span> <span class='ocrx_word' id='word_1_395' title='bbox 558 1674 612 1700; x_wconf 83' lang='grc' dir='ltr'>οὐδ’</span> <span class='ocrx_word' id='word_1_396' title='bbox 636 1674 763 1709; x_wconf 82' lang='grc' dir='ltr'>ἀριθμεῖν</span> <span class='ocrx_word' id='word_1_397' title='bbox 779 1675 932 1710; x_wconf 77' lang='grc' dir='ltr'>χάριτας).</span> 
     </span>
    </p>
   </div>
   <div class='ocr_carea' id='block_1_60' title="bbox 147 1717 932 1753">
    <p class='ocr_par' dir='ltr' id='par_1_60' title="bbox 147 1717 932 1753">
     <span class='ocr_line' id='line_1_60' title="bbox 147 1717 932 1753; baseline 0.003 -9"><span class='ocrx_word' id='word_1_398' title='bbox 147 1717 216 1744; x_wconf 83' lang='grc' dir='ltr'><strong>ἀλλὰ</strong></span> <span class='ocrx_word' id='word_1_399' title='bbox 241 1718 289 1745; x_wconf 78' lang='grc' dir='ltr'>καὶ</span> <span class='ocrx_word' id='word_1_400' title='bbox 312 1718 481 1753; x_wconf 82' lang='grc' dir='ltr'>γράφοντες,</span> <span class='ocrx_word' id='word_1_401' title='bbox 512 1718 559 1745; x_wconf 80' lang='grc' dir='ltr'><strong>καὶ</strong></span> <span class='ocrx_word' id='word_1_402' title='bbox 588 1719 860 1753; x_wconf 79' lang='grc' dir='ltr'>προσαγορεύοντες,</span> <span class='ocrx_word' id='word_1_403' title='bbox 886 1720 932 1746; x_wconf 73' lang='grc' dir='ltr'>καὶ</span> 
     </span>
    </p>
   </div>
   <div class='ocr_carea' id='block_1_61' title="bbox 147 1754 933 1799">
    <p class='ocr_par' dir='ltr' id='par_1_61' title="bbox 147 1754 933 1799">
     <span class='ocr_line' id='line_1_61' title="bbox 147 1754 933 1799; baseline 0.001 -9"><span class='ocrx_word' id='word_1_404' title='bbox 147 1764 345 1799; x_wconf 82' lang='grc' dir='ltr'>παραινοῦντες</span> <span class='ocrx_word' id='word_1_405' title='bbox 372 1764 407 1790; x_wconf 76' lang='grc' dir='ltr'><strong>τὰ</strong></span> <span class='ocrx_word' id='word_1_406' title='bbox 431 1764 534 1791; x_wconf 76' lang='grc' dir='ltr'>δέοντα.</span> <span class='ocrx_word' id='word_1_407' title='bbox 559 1765 591 1790; x_wconf 87' lang='lat' dir='ltr'><strong>El</strong></span> <span class='ocrx_word' id='word_1_408' title='bbox 613 1754 642 1790; x_wconf 44' lang='grc' dir='ltr'><em>δῖ</em></span> <span class='ocrx_word' id='word_1_409' title='bbox 664 1764 746 1796; x_wconf 74' lang='grc' dir='ltr'>αὐτὸς</span> <span class='ocrx_word' id='word_1_410' title='bbox 769 1764 933 1798; x_wconf 75' lang='grc' dir='ltr'>ἀγαπῶντας</span> 
     </span>
    </p>
   </div>
   <div class='ocr_carea' id='block_1_62' title="bbox 147 1809 932 1846">
    <p class='ocr_par' dir='ltr' id='par_1_62' title="bbox 147 1809 932 1846">
     <span class='ocr_line' id='line_1_62' title="bbox 147 1809 932 1846; baseline 0.001 -10"><span class='ocrx_word' id='word_1_411' title='bbox 147 1809 292 1844; x_wconf 72' lang='grc' dir='ltr'>ἐμίσησας,</span> <span class='ocrx_word' id='word_1_412' title='bbox 308 1810 382 1844; x_wconf 76' lang='grc' dir='ltr'>ἡμᾶς</span> <span class='ocrx_word' id='word_1_413' title='bbox 396 1810 447 1845; x_wconf 82' lang='grc' dir='ltr'>μὲν</span> <span class='ocrx_word' id='word_1_414' title='bbox 463 1811 503 1841; x_wconf 80' lang='grc' dir='ltr'><strong>είς</strong></span> <span class='ocrx_word' id='word_1_415' title='bbox 525 1809 636 1845; x_wconf 81' lang='grc' dir='ltr'>μείζονα</span> <span class='ocrx_word' id='word_1_416' title='bbox 658 1809 778 1845; x_wconf 78' lang='grc' dir='ltr'>βαθμὺν,</span> <span class='ocrx_word' id='word_1_417' title='bbox 794 1811 831 1842; x_wconf 84' lang='grc' dir='ltr'>ὡς</span> <span class='ocrx_word' id='word_1_418' title='bbox 842 1812 911 1846; x_wconf 81' lang='grc' dir='ltr'>ὁρᾷς</span> <span class='ocrx_word' id='word_1_419' title='bbox 924 1831 932 1843; x_wconf 86' lang='grc'><strong>,</strong></span> 
     </span>
    </p>
   </div>
   <div class='ocr_carea' id='block_1_63' title="bbox 147 1854 935 1890">
    <p class='ocr_par' dir='ltr' id='par_1_63' title="bbox 147 1854 935 1890">
     <span class='ocr_line' id='line_1_63' title="bbox 147 1854 935 1890; baseline 0.001 -9"><span class='ocrx_word' id='word_1_420' title='bbox 147 1856 238 1890; x_wconf 83' lang='grc' dir='ltr'>φέρων</span> <span class='ocrx_word' id='word_1_421' title='bbox 259 1854 386 1889; x_wconf 77' lang='grc' dir='ltr'>ἔστησας,</span> <span class='ocrx_word' id='word_1_422' title='bbox 410 1855 544 1890; x_wconf 86' lang='grc' dir='ltr'>Εὑρήσεις</span> <span class='ocrx_word' id='word_1_423' title='bbox 558 1854 646 1882; x_wconf 82' lang='grc' dir='ltr'>δὲκαὶ</span> <span class='ocrx_word' id='word_1_424' title='bbox 664 1855 696 1882; x_wconf 83' lang='grc' dir='ltr'>σὺ</span> <span class='ocrx_word' id='word_1_425' title='bbox 712 1855 758 1882; x_wconf 78' lang='grc' dir='ltr'><strong>τὸν</strong></span> <span class='ocrx_word' id='word_1_426' title='bbox 773 1855 873 1884; x_wconf 79' lang='grc' dir='ltr'>σαυτοῦ</span> <span class='ocrx_word' id='word_1_427' title='bbox 897 1856 935 1888; x_wconf 85' lang='grc' dir='ltr'>ὡς</span> 
     </span>
    </p>
   </div>
   <div class='ocr_carea' id='block_1_64' title="bbox 146 1900 371 1936">
    <p class='ocr_par' dir='ltr' id='par_1_64' title="bbox 146 1900 371 1936">
     <span class='ocr_line' id='line_1_64' title="bbox 146 1900 371 1936; baseline 0.004 -9"><span class='ocrx_word' id='word_1_428' title='bbox 146 1901 202 1927; x_wconf 79' lang='grc' dir='ltr'>εῐοε</span> <span class='ocrx_word' id='word_1_429' title='bbox 216 1900 254 1936; x_wconf 83' lang='grc' dir='ltr'>μὴ</span> <span class='ocrx_word' id='word_1_430' title='bbox 265 1900 371 1936; x_wconf 74' lang='grc' dir='ltr'>ὄφελες.</span> 
     </span>
    </p>
   </div>
   <div class='ocr_carea' id='block_1_65' title="bbox 453 1955 617 1984">
    <p class='ocr_par' dir='ltr' id='par_1_65' title="bbox 453 1955 617 1984">
     <span class='ocr_line' id='line_1_65' title="bbox 453 1955 617 1984; baseline 0.012 -2"><span class='ocrx_word' id='word_1_431' title='bbox 453 1955 564 1982; x_wconf 84' lang='grc' dir='ltr'><strong>ΕΠΙΣΤ.</strong></span> <span class='ocrx_word' id='word_1_432' title='bbox 582 1955 617 1984; x_wconf 89' lang='grc' dir='ltr'><strong>Μ’</strong></span> 
     </span>
    </p>
   </div>
   <div class='ocr_carea' id='block_1_66' title="bbox 363 2008 721 2043">
    <p class='ocr_par' dir='ltr' id='par_1_66' title="bbox 363 2008 721 2043">
     <span class='ocr_line' id='line_1_66' title="bbox 363 2008 721 2043; baseline 0 -7"><span class='ocrx_word' id='word_1_433' title='bbox 363 2008 449 2043; x_wconf 76' lang='grc' dir='ltr'>Ἠλίᾳ</span> <span class='ocrx_word' id='word_1_434' title='bbox 456 2009 721 2043; x_wconf 74' lang='grc' dir='ltr'>πρωτοσπαθαρίφ.</span> 
     </span>
    </p>
   </div>
   <div class='ocr_carea' id='block_1_67' title="bbox 988 1489 1775 1526">
    <p class='ocr_par' dir='ltr' id='par_1_67' title="bbox 988 1489 1775 1526">
     <span class='ocr_line' id='line_1_67' title="bbox 988 1489 1775 1526; baseline -0.001 -8"><span class='ocrx_word' id='word_1_435' title='bbox 988 1491 1145 1526; x_wconf 71' lang='lat' dir='ltr'><strong>diligentes,</strong></span> <span class='ocrx_word' id='word_1_436' title='bbox 1177 1490 1327 1517; x_wconf 87' lang='lat' dir='ltr'><strong>humanum</strong></span> <span class='ocrx_word' id='word_1_437' title='bbox 1350 1494 1379 1516; x_wconf 93' lang='lat' dir='ltr'><strong>et</strong></span> <span class='ocrx_word' id='word_1_438' title='bbox 1404 1489 1533 1525; x_wconf 74' lang='lat' dir='ltr'><strong>vulgare;</strong></span> <span class='ocrx_word' id='word_1_439' title='bbox 1556 1490 1604 1517; x_wconf 86' lang='lat' dir='ltr'><strong>sed</strong></span> <span class='ocrx_word' id='word_1_440' title='bbox 1632 1489 1775 1525; x_wconf 76' lang='lat' dir='ltr'><strong>diligentes</strong></span> 
     </span>
    </p>
   </div>
   <div class='ocr_carea' id='block_1_68' title="bbox 988 1534 1772 1570">
    <p class='ocr_par' dir='ltr' id='par_1_68' title="bbox 988 1534 1772 1570">
     <span class='ocr_line' id='line_1_68' title="bbox 988 1534 1772 1570; baseline -0.003 -6"><span class='ocrx_word' id='word_1_441' title='bbox 988 1535 1052 1564; x_wconf 89' lang='lat' dir='ltr'><strong>odio</strong></span> <span class='ocrx_word' id='word_1_442' title='bbox 1070 1535 1198 1570; x_wconf 88' lang='lat' dir='ltr'><strong>prosequi</strong></span> <span class='ocrx_word' id='word_1_443' title='bbox 1215 1534 1288 1562; x_wconf 87' lang='lat' dir='ltr'><strong>haud</strong></span> <span class='ocrx_word' id='word_1_444' title='bbox 1305 1538 1357 1568; x_wconf 87' lang='lat' dir='ltr'><strong>est,</strong></span> <span class='ocrx_word' id='word_1_445' title='bbox 1375 1534 1484 1569; x_wconf 85' lang='lat' dir='ltr'><strong>opinor.</strong></span> <span class='ocrx_word' id='word_1_446' title='bbox 1499 1534 1661 1562; x_wconf 87' lang='lat' dir='ltr'><strong>belluarum.</strong></span> <span class='ocrx_word' id='word_1_447' title='bbox 1675 1534 1731 1570; x_wconf 77' lang='lat' dir='ltr'><strong>Ego</strong></span> <span class='ocrx_word' id='word_1_448' title='bbox 1741 1543 1772 1562; x_wconf 91' lang='lat' dir='ltr'><strong>re</strong></span> 
     </span>
    </p>
   </div>
   <div class='ocr_carea' id='block_1_69' title="bbox 988 1580 1774 1617">
    <p class='ocr_par' dir='ltr' id='par_1_69' title="bbox 988 1580 1774 1617">
     <span class='ocr_line' id='line_1_69' title="bbox 988 1580 1774 1617; baseline -0.001 -8"><span class='ocrx_word' id='word_1_449' title='bbox 988 1582 1048 1617; x_wconf 86' lang='lat' dir='ltr'><strong>ipsa</strong></span> <span class='ocrx_word' id='word_1_450' title='bbox 1071 1580 1154 1608; x_wconf 88' lang='lat' dir='ltr'><strong>doeui</strong></span> <span class='ocrx_word' id='word_1_451' title='bbox 1169 1588 1213 1608; x_wconf 92' lang='lat' dir='ltr'><strong>me</strong></span> <span class='ocrx_word' id='word_1_452' title='bbox 1237 1584 1264 1608; x_wconf 88' lang='lat' dir='ltr'><strong>te</strong></span> <span class='ocrx_word' id='word_1_453' title='bbox 1278 1580 1473 1616; x_wconf 70' lang='lat' dir='ltr'><strong>diligeregnec</strong></span> <span class='ocrx_word' id='word_1_454' title='bbox 1486 1588 1560 1617; x_wconf 72' lang='lat' dir='ltr'><strong>nunc</strong></span> <span class='ocrx_word' id='word_1_455' title='bbox 1579 1580 1709 1615; x_wconf 88' lang='lat' dir='ltr'><strong>primum,</strong></span> <span class='ocrx_word' id='word_1_456' title='bbox 1726 1580 1774 1608; x_wconf 86' lang='lat' dir='ltr'><strong>sed</strong></span> 
     </span>
    </p>
   </div>
   <div class='ocr_carea' id='block_1_70' title="bbox 986 1625 1774 1663">
    <p class='ocr_par' dir='ltr' id='par_1_70' title="bbox 986 1625 1774 1663">
     <span class='ocr_line' id='line_1_70' title="bbox 986 1625 1774 1663; baseline -0.003 -8"><span class='ocrx_word' id='word_1_457' title='bbox 986 1627 1163 1663; x_wconf 82' lang='lat' dir='ltr'><strong>jamdudum,</strong></span> <span class='ocrx_word' id='word_1_458' title='bbox 1179 1634 1242 1654; x_wconf 92' lang='lat' dir='ltr'><strong>cum</strong></span> <span class='ocrx_word' id='word_1_459' title='bbox 1262 1627 1289 1654; x_wconf 91' lang='lat' dir='ltr'><strong>in</strong></span> <span class='ocrx_word' id='word_1_460' title='bbox 1307 1626 1412 1654; x_wconf 86' lang='lat' dir='ltr'><strong>caeteris</strong></span> <span class='ocrx_word' id='word_1_461' title='bbox 1426 1626 1484 1661; x_wconf 88' lang='lat' dir='ltr'><strong>(sed</strong></span> <span class='ocrx_word' id='word_1_462' title='bbox 1500 1633 1554 1653; x_wconf 91' lang='lat' dir='ltr'><strong>non</strong></span> <span class='ocrx_word' id='word_1_463' title='bbox 1570 1633 1619 1661; x_wconf 74' lang='lat' dir='ltr'><strong>ego</strong></span> <span class='ocrx_word' id='word_1_464' title='bbox 1637 1625 1711 1653; x_wconf 89' lang='lat' dir='ltr'><strong>soleo</strong></span> <span class='ocrx_word' id='word_1_465' title='bbox 1731 1625 1774 1653; x_wconf 86' lang='lat' dir='ltr'><strong>vel</strong></span> 
     </span>
    </p>
   </div>
   <div class='ocr_carea' id='block_1_71' title="bbox 981 1671 1774 1708">
    <p class='ocr_par' dir='ltr' id='par_1_71' title="bbox 981 1671 1774 1708">
     <span class='ocr_line' id='line_1_71' title="bbox 981 1671 1774 1708; baseline -0.004 -7"><span class='ocrx_word' id='word_1_466' title='bbox 981 1674 1156 1708; x_wconf 85' lang='lat' dir='ltr'><strong>exprobrare,</strong></span> <span class='ocrx_word' id='word_1_467' title='bbox 1172 1673 1214 1700; x_wconf 78' lang='lat' dir='ltr'><strong>vel</strong></span> <span class='ocrx_word' id='word_1_468' title='bbox 1228 1680 1390 1700; x_wconf 87' lang='lat' dir='ltr'><strong>enumerare</strong></span> <span class='ocrx_word' id='word_1_469' title='bbox 1398 1672 1509 1708; x_wconf 76' lang='lat' dir='ltr'><strong>gratias)</strong></span> <span class='ocrx_word' id='word_1_470' title='bbox 1525 1676 1582 1699; x_wconf 88' lang='lat' dir='ltr'><strong>tum</strong></span> <span class='ocrx_word' id='word_1_471' title='bbox 1595 1671 1639 1699; x_wconf 86' lang='lat' dir='ltr'><strong>vel</strong></span> <span class='ocrx_word' id='word_1_472' title='bbox 1655 1671 1774 1699; x_wconf 77' lang='lat' dir='ltr'><strong>maxime</strong></span> 
     </span>
    </p>
   </div>
   <div class='ocr_carea' id='block_1_72' title="bbox 984 1717 1775 1753">
    <p class='ocr_par' dir='ltr' id='par_1_72' title="bbox 984 1717 1775 1753">
     <span class='ocr_line' id='line_1_72' title="bbox 984 1717 1775 1753; baseline -0.003 -7"><span class='ocrx_word' id='word_1_473' title='bbox 984 1719 1140 1750; x_wconf 81' lang='lat' dir='ltr'><strong>scribendo,</strong></span> <span class='ocrx_word' id='word_1_474' title='bbox 1154 1718 1328 1753; x_wconf 85' lang='lat' dir='ltr'><strong>alloquendo,</strong></span> <span class='ocrx_word' id='word_1_475' title='bbox 1342 1717 1523 1750; x_wconf 82' lang='lat' dir='ltr'><strong>adhortando,</strong></span> <span class='ocrx_word' id='word_1_476' title='bbox 1535 1722 1562 1744; x_wconf 89' lang='lat' dir='ltr'><strong>et</strong></span> <span class='ocrx_word' id='word_1_477' title='bbox 1570 1725 1630 1752; x_wconf 60' lang='lat' dir='ltr'><strong>quae</strong></span> <span class='ocrx_word' id='word_1_478' title='bbox 1646 1717 1695 1744; x_wconf 83' lang='lat' dir='ltr'><strong>tibi</strong></span> <span class='ocrx_word' id='word_1_479' title='bbox 1707 1725 1775 1745; x_wconf 83' lang='lat' dir='ltr'><strong>con-</strong></span> 
     </span>
    </p>
   </div>
   <div class='ocr_carea' id='block_1_73' title="bbox 989 1763 1772 1800">
    <p class='ocr_par' dir='ltr' id='par_1_73' title="bbox 989 1763 1772 1800">
     <span class='ocr_line' id='line_1_73' title="bbox 989 1763 1772 1800; baseline -0.004 -8"><span class='ocrx_word' id='word_1_480' title='bbox 989 1765 1103 1792; x_wconf 89' lang='lat' dir='ltr'><strong>veniunt</strong></span> <span class='ocrx_word' id='word_1_481' title='bbox 1119 1765 1300 1800; x_wconf 79' lang='lat' dir='ltr'><strong>suggerendo.</strong></span> <span class='ocrx_word' id='word_1_482' title='bbox 1319 1763 1368 1791; x_wconf 88' lang='lat' dir='ltr'><strong>Sin</strong></span> <span class='ocrx_word' id='word_1_483' title='bbox 1381 1768 1437 1791; x_wconf 87' lang='lat' dir='ltr'><strong>tute</strong></span> <span class='ocrx_word' id='word_1_484' title='bbox 1450 1763 1592 1798; x_wconf 82' lang='lat' dir='ltr'><strong>diligentes</strong></span> <span class='ocrx_word' id='word_1_485' title='bbox 1602 1763 1665 1790; x_wconf 93' lang='lat' dir='ltr'><strong>odio</strong></span> <span class='ocrx_word' id='word_1_486' title='bbox 1678 1763 1772 1795; x_wconf 86' lang='lat' dir='ltr'><strong>habes,</strong></span> 
     </span>
    </p>
   </div>
   <div class='ocr_carea' id='block_1_74' title="bbox 983 1809 1773 1845">
    <p class='ocr_par' dir='ltr' id='par_1_74' title="bbox 983 1809 1773 1845">
     <span class='ocr_line' id='line_1_74' title="bbox 983 1809 1773 1845; baseline -0.006 -6"><span class='ocrx_word' id='word_1_487' title='bbox 983 1815 1057 1839; x_wconf 86' lang='lat' dir='ltr'><strong>certe</strong></span> <span class='ocrx_word' id='word_1_488' title='bbox 1071 1818 1126 1843; x_wconf 90' lang='lat' dir='ltr'><strong>me,</strong></span> <span class='ocrx_word' id='word_1_489' title='bbox 1146 1810 1220 1844; x_wconf 87' lang='lat' dir='ltr'><strong>quod</strong></span> <span class='ocrx_word' id='word_1_490' title='bbox 1241 1810 1328 1843; x_wconf 83' lang='lat' dir='ltr'><strong>vides,</strong></span> <span class='ocrx_word' id='word_1_491' title='bbox 1341 1810 1368 1837; x_wconf 90' lang='lat' dir='ltr'><strong>in</strong></span> <span class='ocrx_word' id='word_1_492' title='bbox 1384 1809 1552 1844; x_wconf 87' lang='lat' dir='ltr'><strong>superiorem</strong></span> <span class='ocrx_word' id='word_1_493' title='bbox 1566 1809 1678 1845; x_wconf 78' lang='lat' dir='ltr'><strong>gradum</strong></span> <span class='ocrx_word' id='word_1_494' title='bbox 1693 1813 1773 1835; x_wconf 81' lang='lat' dir='ltr'><strong>extu-</strong></span> 
     </span>
    </p>
   </div>
   <div class='ocr_carea' id='block_1_75' title="bbox 984 1854 1772 1891">
    <p class='ocr_par' dir='ltr' id='par_1_75' title="bbox 984 1854 1772 1891">
     <span class='ocr_line' id='line_1_75' title="bbox 984 1854 1772 1891; baseline -0.004 -7"><span class='ocrx_word' id='word_1_495' title='bbox 984 1856 1056 1888; x_wconf 83' lang='lat' dir='ltr'><strong>listi;</strong></span> <span class='ocrx_word' id='word_1_496' title='bbox 1072 1856 1194 1883; x_wconf 83' lang='lat' dir='ltr'><strong>invenies</strong></span> <span class='ocrx_word' id='word_1_497' title='bbox 1207 1860 1309 1886; x_wconf 84' lang='lat' dir='ltr'><strong>autem,</strong></span> <span class='ocrx_word' id='word_1_498' title='bbox 1324 1856 1397 1891; x_wconf 86' lang='lat' dir='ltr'><strong>quod</strong></span> <span class='ocrx_word' id='word_1_499' title='bbox 1419 1855 1550 1887; x_wconf 89' lang='lat' dir='ltr'><strong>nolueris,</strong></span> <span class='ocrx_word' id='word_1_500' title='bbox 1575 1859 1603 1882; x_wconf 85' lang='lat' dir='ltr'><strong>et</strong></span> <span class='ocrx_word' id='word_1_501' title='bbox 1617 1854 1663 1889; x_wconf 87' lang='lat' dir='ltr'><strong>qui</strong></span> <span class='ocrx_word' id='word_1_502' title='bbox 1686 1859 1711 1881; x_wconf 92' lang='lat' dir='ltr'><strong>te</strong></span> <span class='ocrx_word' id='word_1_503' title='bbox 1735 1854 1772 1881; x_wconf 88' lang='lat' dir='ltr'><strong>ita</strong></span> 
     </span>
    </p>
   </div>
   <div class='ocr_carea' id='block_1_76' title="bbox 984 1903 1123 1931">
    <p class='ocr_par' dir='ltr' id='par_1_76' title="bbox 984 1903 1123 1931">
     <span class='ocr_line' id='line_1_76' title="bbox 984 1903 1123 1931; baseline -0.007 -1"><span class='ocrx_word' id='word_1_504' title='bbox 984 1903 1123 1931; x_wconf 90' lang='lat' dir='ltr'><strong>tractabit.</strong></span> 
     </span>
    </p>
   </div>
   <div class='ocr_carea' id='block_1_77' title="bbox 1281 1954 1472 1983">
    <p class='ocr_par' dir='ltr' id='par_1_77' title="bbox 1281 1954 1472 1983">
     <span class='ocr_line' id='line_1_77' title="bbox 1281 1954 1472 1983; baseline 0 0"><span class='ocrx_word' id='word_1_505' title='bbox 1281 1955 1392 1983; x_wconf 85' lang='lat' dir='ltr'><strong>EPIST.</strong></span> <span class='ocrx_word' id='word_1_506' title='bbox 1415 1954 1472 1983; x_wconf 81' lang='lat' dir='ltr'><strong>XL.</strong></span> 
     </span>
    </p>
   </div>
   <div class='ocr_carea' id='block_1_78' title="bbox 1200 2009 1530 2046">
    <p class='ocr_par' dir='ltr' id='par_1_78' title="bbox 1200 2009 1530 2046">
     <span class='ocr_line' id='line_1_78' title="bbox 1200 2009 1530 2046; baseline -0.003 -7"><span class='ocrx_word' id='word_1_507' title='bbox 1200 2009 1295 2040; x_wconf 65' lang='lat' dir='ltr'><strong>&#39;Ilclia:</strong></span> <span class='ocrx_word' id='word_1_508' title='bbox 1309 2011 1530 2046; x_wconf 77' lang='lat' dir='ltr'><strong>pratospatliario.</strong></span> 
     </span>
    </p>
   </div>
   <div class='ocr_carea' id='block_1_79' title="bbox 759 2067 1155 2103">
    <p class='ocr_par' dir='ltr' id='par_1_79' title="bbox 759 2067 1155 2103">
     <span class='ocr_line' id='line_1_79' title="bbox 759 2067 1155 2103; baseline 0.01 -11"><span class='ocrx_word' id='word_1_509' title='bbox 759 2067 893 2094; x_wconf 78' lang='lat' dir='ltr'><strong>Montacut.</strong></span> <span class='ocrx_word' id='word_1_510' title='bbox 911 2069 962 2101; x_wconf 85' lang='lat' dir='ltr'><strong>(ep.</strong></span> <span class='ocrx_word' id='word_1_511' title='bbox 978 2071 1031 2101; x_wconf 67' lang='lat'><strong>[22,</strong></span> <span class='ocrx_word' id='word_1_512' title='bbox 1049 2077 1073 2102; x_wconf 88' lang='lat' dir='ltr'><strong>p.</strong></span> <span class='ocrx_word' id='word_1_513' title='bbox 1088 2070 1155 2103; x_wconf 81' lang='grc'><strong>165).</strong></span> 
     </span>
    </p>
   </div>
   <div class='ocr_carea' id='block_1_80' title="bbox 179 2113 935 2155">
    <p class='ocr_par' dir='ltr' id='par_1_80' title="bbox 179 2117 925 2155">
     <span class='ocr_line' id='line_1_80' title="bbox 179 2117 925 2155; baseline 0.001 -10"><span class='ocrx_word' id='word_1_514' title='bbox 179 2119 213 2145; x_wconf 86' lang='lat' dir='ltr'><strong>Ol</strong></span> <span class='ocrx_word' id='word_1_515' title='bbox 232 2117 379 2154; x_wconf 73' lang='grc' dir='ltr'>πειρασμοὶ</span> <span class='ocrx_word' id='word_1_516' title='bbox 397 2117 603 2154; x_wconf 77' lang='grc' dir='ltr'>πειραζομένων</span> <span class='ocrx_word' id='word_1_517' title='bbox 624 2125 744 2152; x_wconf 76' lang='grc' dir='ltr'>γινονται</span> <span class='ocrx_word' id='word_1_518' title='bbox 766 2120 925 2155; x_wconf 83' lang='grc' dir='ltr'>πειρασμοί·</span> 
     </span>
    </p>
   </div>
   <div class='ocr_carea' id='block_1_81' title="bbox 988 2113 1769 2155">
    <p class='ocr_par' dir='ltr' id='par_1_81' title="bbox 1016 2119 1769 2151">
     <span class='ocr_line' id='line_1_81' title="bbox 1016 2119 1769 2151; baseline -0.007 -2"><span class='ocrx_word' id='word_1_519' title='bbox 1016 2121 1195 2150; x_wconf 85' lang='lat' dir='ltr'><strong>Tentationes</strong></span> <span class='ocrx_word' id='word_1_520' title='bbox 1218 2120 1388 2149; x_wconf 86' lang='lat' dir='ltr'><strong>tentantibus</strong></span> <span class='ocrx_word' id='word_1_521' title='bbox 1418 2120 1586 2148; x_wconf 84' lang='lat' dir='ltr'><strong>tentationes</strong></span> <span class='ocrx_word' id='word_1_522' title='bbox 1607 2119 1691 2151; x_wconf 81' lang='lat' dir='ltr'><strong>liunt;</strong></span> <span class='ocrx_word' id='word_1_523' title='bbox 1714 2126 1769 2145; x_wconf 93' lang='lat' dir='ltr'><strong>non</strong></span> 
     </span>
    </p>
   </div>
   <div class='ocr_carea' id='block_1_82' title="bbox 145 2163 931 2202">
    <p class='ocr_par' dir='ltr' id='par_1_82' title="bbox 145 2163 931 2202">
     <span class='ocr_line' id='line_1_82' title="bbox 145 2163 931 2202; baseline 0.001 -12"><span class='ocrx_word' id='word_1_524' title='bbox 145 2164 184 2202; x_wconf 80' lang='grc' dir='ltr'>μὴ</span> <span class='ocrx_word' id='word_1_525' title='bbox 195 2163 400 2200; x_wconf 72' lang='grc' dir='ltr'>πειραζομένων</span> <span class='ocrx_word' id='word_1_526' title='bbox 409 2164 448 2198; x_wconf 79' lang='grc' dir='ltr'><strong>δὲ,</strong></span> <span class='ocrx_word' id='word_1_527' title='bbox 464 2164 603 2198; x_wconf 82' lang='grc' dir='ltr'>στεφάνων</span> <span class='ocrx_word' id='word_1_528' title='bbox 617 2165 664 2190; x_wconf 79' lang='grc' dir='ltr'>καὶ</span> <span class='ocrx_word' id='word_1_529' title='bbox 679 2163 814 2199; x_wconf 79' lang='grc' dir='ltr'>βραϐείων</span> <span class='ocrx_word' id='word_1_530' title='bbox 830 2174 867 2192; x_wconf 85' lang='grc' dir='ltr'><strong>πα</strong></span> <span class='ocrx_word' id='word_1_531' title='bbox 872 2165 931 2202; x_wconf 87' lang='grc' dir='ltr'>ραί-</span> 
     </span>
    </p>
   </div>
   <div class='ocr_carea' id='block_1_83' title="bbox 143 2218 209 2237">
    <p class='ocr_par' dir='ltr' id='par_1_83' title="bbox 143 2218 209 2237">
     <span class='ocr_line' id='line_1_83' title="bbox 143 2218 209 2237; baseline -0.03 0"><span class='ocrx_word' id='word_1_532' title='bbox 143 2218 209 2237; x_wconf 80' lang='grc' dir='ltr'>τιοι.</span> 
     </span>
    </p>
   </div>
   <div class='ocr_carea' id='block_1_84' title="bbox 441 2275 633 2304">
    <p class='ocr_par' dir='ltr' id='par_1_84' title="bbox 441 2275 633 2304">
     <span class='ocr_line' id='line_1_84' title="bbox 441 2275 633 2304; baseline 0.016 -3"><span class='ocrx_word' id='word_1_533' title='bbox 441 2275 552 2303; x_wconf 84' lang='grc' dir='ltr'><strong>ΕΠΙΣΤ.</strong></span> <span class='ocrx_word' id='word_1_534' title='bbox 563 2276 633 2304; x_wconf 76' lang='lat' dir='ltr'><strong>MA’.</strong></span> 
     </span>
    </p>
   </div>
   <div class='ocr_carea' id='block_1_85' title="bbox 331 2327 743 2363">
    <p class='ocr_par' dir='ltr' id='par_1_85' title="bbox 331 2327 743 2363">
     <span class='ocr_line' id='line_1_85' title="bbox 331 2327 743 2363; baseline 0.007 -10"><span class='ocrx_word' id='word_1_535' title='bbox 331 2327 466 2362; x_wconf 59' lang='grc' dir='ltr'>Θεοφίλῳ</span> <span class='ocrx_word' id='word_1_536' title='bbox 480 2328 743 2363; x_wconf 77' lang='grc' dir='ltr'>πρωτοσπαθαρίφ.</span> 
     </span>
    </p>
   </div>
   <div class='ocr_carea' id='block_1_86' title="bbox 982 2165 1572 2195">
    <p class='ocr_par' dir='ltr' id='par_1_86' title="bbox 982 2165 1572 2195">
     <span class='ocr_line' id='line_1_86' title="bbox 982 2165 1572 2195; baseline -0.005 -1"><span class='ocrx_word' id='word_1_537' title='bbox 982 2166 1151 2195; x_wconf 83' lang='lat' dir='ltr'><strong>tentantibus</strong></span> <span class='ocrx_word' id='word_1_538' title='bbox 1161 2170 1275 2194; x_wconf 81' lang='lat' dir='ltr'><strong>causam</strong></span> <span class='ocrx_word' id='word_1_539' title='bbox 1286 2173 1402 2194; x_wconf 87' lang='lat' dir='ltr'><strong>coronas</strong></span> <span class='ocrx_word' id='word_1_540' title='bbox 1419 2170 1447 2192; x_wconf 91' lang='lat' dir='ltr'><strong>et</strong></span> <span class='ocrx_word' id='word_1_541' title='bbox 1467 2165 1572 2192; x_wconf 85' lang='lat' dir='ltr'><strong>brabia.</strong></span> 
     </span>
    </p>
   </div>
   <div class='ocr_carea' id='block_1_87' title="bbox 1273 2273 1479 2303">
    <p class='ocr_par' dir='ltr' id='par_1_87' title="bbox 1273 2273 1479 2303">
     <span class='ocr_line' id='line_1_87' title="bbox 1273 2273 1479 2303; baseline -0.01 0"><span class='ocrx_word' id='word_1_542' title='bbox 1273 2274 1381 2303; x_wconf 84' lang='lat' dir='ltr'><strong>EPIST.</strong></span> <span class='ocrx_word' id='word_1_543' title='bbox 1411 2273 1479 2301; x_wconf 79' lang='lat' dir='ltr'><strong>XLI.</strong></span> 
     </span>
    </p>
   </div>
   <div class='ocr_carea' id='block_1_88' title="bbox 1184 2326 1571 2363">
    <p class='ocr_par' dir='ltr' id='par_1_88' title="bbox 1184 2326 1571 2363">
     <span class='ocr_line' id='line_1_88' title="bbox 1184 2326 1571 2363; baseline -0.005 -7"><span class='ocrx_word' id='word_1_544' title='bbox 1184 2328 1323 2363; x_wconf 77' lang='lat' dir='ltr'><strong>Theophila</strong></span> <span class='ocrx_word' id='word_1_545' title='bbox 1348 2326 1571 2363; x_wconf 77' lang='lat' dir='ltr'><strong>prolespathario.</strong></span> 
     </span>
    </p>
   </div>
   <div class='ocr_carea' id='block_1_89' title="bbox 761 2385 1168 2420">
    <p class='ocr_par' dir='ltr' id='par_1_89' title="bbox 761 2385 1168 2420">
     <span class='ocr_line' id='line_1_89' title="bbox 761 2385 1168 2420; baseline 0 -10"><span class='ocrx_word' id='word_1_546' title='bbox 761 2385 893 2412; x_wconf 75' lang='lat' dir='ltr'><strong>Montacut.</strong></span> <span class='ocrx_word' id='word_1_547' title='bbox 912 2386 955 2420; x_wconf 84' lang='lat' dir='ltr'><strong>(ep</strong></span> <span class='ocrx_word' id='word_1_548' title='bbox 983 2385 1042 2417; x_wconf 75' lang='grc'><strong>125,</strong></span> <span class='ocrx_word' id='word_1_549' title='bbox 1058 2393 1084 2418; x_wconf 85' lang='lat' dir='ltr'><strong>p.</strong></span> <span class='ocrx_word' id='word_1_550' title='bbox 1102 2385 1168 2417; x_wconf 68' lang='lat' dir='ltr'><strong>16S).</strong></span> 
     </span>
    </p>
   </div>
   <div class='ocr_carea' id='block_1_90' title="bbox 178 2434 931 2473">
    <p class='ocr_par' dir='ltr' id='par_1_90' title="bbox 178 2434 931 2473">
     <span class='ocr_line' id='line_1_90' title="bbox 178 2434 931 2473; baseline 0.007 -12"><span class='ocrx_word' id='word_1_551' title='bbox 178 2434 254 2470; x_wconf 83' lang='grc' dir='ltr'><strong>Ταχῦ</strong></span> <span class='ocrx_word' id='word_1_552' title='bbox 275 2434 421 2471; x_wconf 82' lang='grc' dir='ltr'>μανθάνεις</span> <span class='ocrx_word' id='word_1_553' title='bbox 441 2435 506 2467; x_wconf 81' lang='grc' dir='ltr'>τοὺς</span> <span class='ocrx_word' id='word_1_554' title='bbox 520 2435 624 2471; x_wconf 83' lang='grc' dir='ltr'>φίλους·</span> <span class='ocrx_word' id='word_1_555' title='bbox 648 2441 797 2473; x_wconf 74' lang='grc' dir='ltr'>ταχύτερον</span> <span class='ocrx_word' id='word_1_556' title='bbox 822 2439 844 2465; x_wconf 76' lang='grc' dir='ltr'><strong>δ’</strong></span> <span class='ocrx_word' id='word_1_557' title='bbox 861 2440 931 2466; x_wconf 84' lang='grc' dir='ltr'>ἀπο-</span> 
     </span>
    </p>
   </div>
   <div class='ocr_carea' id='block_1_91' title="bbox 143 2480 929 2521">
    <p class='ocr_par' dir='ltr' id='par_1_91' title="bbox 143 2480 929 2521">
     <span class='ocr_line' id='line_1_91' title="bbox 143 2480 929 2521; baseline 0.008 -14"><span class='ocrx_word' id='word_1_558' title='bbox 143 2480 309 2516; x_wconf 69' lang='grc' dir='ltr'>μανθάνειςι</span> <span class='ocrx_word' id='word_1_559' title='bbox 332 2481 390 2508; x_wconf 84' lang='grc' dir='ltr'>ἀλλ’</span> <span class='ocrx_word' id='word_1_560' title='bbox 420 2481 535 2518; x_wconf 75' lang='grc' dir='ltr'>ἔρρωσο·</span> <span class='ocrx_word' id='word_1_561' title='bbox 569 2483 638 2519; x_wconf 80' lang='grc' dir='ltr'>μήτε</span> <span class='ocrx_word' id='word_1_562' title='bbox 669 2484 812 2519; x_wconf 82' lang='grc' dir='ltr'>μανθάνων</span> <span class='ocrx_word' id='word_1_563' title='bbox 845 2487 929 2521; x_wconf 79' lang='grc' dir='ltr'>ῥᾷον,</span> 
     </span>
    </p>
   </div>
   <div class='ocr_carea' id='block_1_92' title="bbox 144 2527 930 2566">
    <p class='ocr_par' dir='ltr' id='par_1_92' title="bbox 144 2527 930 2566">
     <span class='ocr_line' id='line_1_92' title="bbox 144 2527 930 2566; baseline 0.008 -13"><span class='ocrx_word' id='word_1_564' title='bbox 144 2527 207 2564; x_wconf 78' lang='grc' dir='ltr'><strong>μήτ’</strong></span> <span class='ocrx_word' id='word_1_565' title='bbox 224 2527 432 2562; x_wconf 79' lang='grc' dir='ltr'>ἀπομανθάνων.</span> <span class='ocrx_word' id='word_1_566' title='bbox 449 2528 485 2559; x_wconf 77' lang='grc' dir='ltr'>Τὸ</span> <span class='ocrx_word' id='word_1_567' title='bbox 505 2528 554 2563; x_wconf 83' lang='grc' dir='ltr'>μὲν</span> <span class='ocrx_word' id='word_1_568' title='bbox 566 2529 620 2565; x_wconf 82' lang='grc' dir='ltr'><strong>γὰρ</strong></span> <span class='ocrx_word' id='word_1_569' title='bbox 633 2531 787 2566; x_wconf 80' lang='grc' dir='ltr'>προπετοῦς</span> <span class='ocrx_word' id='word_1_570' title='bbox 802 2532 850 2558; x_wconf 73' lang='grc' dir='ltr'><strong>καὶ</strong></span> <span class='ocrx_word' id='word_1_571' title='bbox 864 2531 930 2563; x_wconf 73' lang='grc' dir='ltr'><strong>κού-</strong></span> 
     </span>
    </p>
   </div>
   <div class='ocr_carea' id='block_1_93' title="bbox 142 2573 930 2612">
    <p class='ocr_par' dir='ltr' id='par_1_93' title="bbox 142 2573 930 2612">
     <span class='ocr_line' id='line_1_93' title="bbox 142 2573 930 2612; baseline 0.006 -14"><span class='ocrx_word' id='word_1_572' title='bbox 142 2581 197 2607; x_wconf 73' lang='grc' dir='ltr'>φης</span> <span class='ocrx_word' id='word_1_573' title='bbox 210 2573 338 2606; x_wconf 82' lang='grc' dir='ltr'>διανοίας,</span> <span class='ocrx_word' id='word_1_574' title='bbox 351 2573 382 2600; x_wconf 77' lang='grc' dir='ltr'>τὺ</span> <span class='ocrx_word' id='word_1_575' title='bbox 396 2574 424 2600; x_wconf 82' lang='grc' dir='ltr'><strong>δὲ</strong></span> <span class='ocrx_word' id='word_1_576' title='bbox 439 2574 562 2610; x_wconf 82' lang='grc' dir='ltr'>γνώμης,</span> <span class='ocrx_word' id='word_1_577' title='bbox 584 2575 628 2603; x_wconf 75' lang='grc' dir='ltr'>ἵνα</span> <span class='ocrx_word' id='word_1_578' title='bbox 645 2575 728 2612; x_wconf 81' lang='grc' dir='ltr'>μηδὲν</span> <span class='ocrx_word' id='word_1_579' title='bbox 744 2576 814 2605; x_wconf 86' lang='grc' dir='ltr'>εῐπω</span> <span class='ocrx_word' id='word_1_580' title='bbox 829 2577 930 2611; x_wconf 88' lang='grc' dir='ltr'>φαυλό-</span> 
     </span>
    </p>
   </div>
   <div class='ocr_carea' id='block_1_94' title="bbox 140 2617 928 2656">
    <p class='ocr_par' dir='ltr' id='par_1_94' title="bbox 140 2617 928 2656">
     <span class='ocr_line' id='line_1_94' title="bbox 140 2617 928 2656; baseline 0.006 -11"><span class='ocrx_word' id='word_1_581' title='bbox 140 2628 237 2654; x_wconf 78' lang='grc' dir='ltr'>τερον,</span> <span class='ocrx_word' id='word_1_582' title='bbox 261 2619 410 2647; x_wconf 74' lang='grc' dir='ltr'>ἀϐεϐαίου·</span> <span class='ocrx_word' id='word_1_583' title='bbox 442 2617 529 2656; x_wconf 78' lang='grc' dir='ltr'>κρίσει</span> <span class='ocrx_word' id='word_1_584' title='bbox 556 2622 584 2648; x_wconf 79' lang='grc' dir='ltr'><strong>δὲ</strong></span> <span class='ocrx_word' id='word_1_585' title='bbox 612 2622 746 2655; x_wconf 79' lang='grc' dir='ltr'>συνέσεως</span> <span class='ocrx_word' id='word_1_586' title='bbox 779 2623 868 2656; x_wconf 83' lang='grc' dir='ltr'>διδοὺς</span> <span class='ocrx_word' id='word_1_587' title='bbox 896 2623 928 2651; x_wconf 79' lang='grc' dir='ltr'><strong>τὸ</strong></span> 
     </span>
    </p>
   </div>
   <div class='ocr_carea' id='block_1_95' title="bbox 141 2665 927 2707">
    <p class='ocr_par' dir='ltr' id='par_1_95' title="bbox 141 2665 927 2707">
     <span class='ocr_line' id='line_1_95' title="bbox 141 2665 927 2707; baseline 0.008 -16"><span class='ocrx_word' id='word_1_588' title='bbox 141 2665 288 2701; x_wconf 74' lang='grc' dir='ltr'>πρακτέον,</span> <span class='ocrx_word' id='word_1_589' title='bbox 307 2665 400 2694; x_wconf 82' lang='grc' dir='ltr'>ῐστασο</span> <span class='ocrx_word' id='word_1_590' title='bbox 415 2667 502 2703; x_wconf 75' lang='grc' dir='ltr'>μένων</span> <span class='ocrx_word' id='word_1_591' title='bbox 519 2669 546 2695; x_wconf 82' lang='grc' dir='ltr'>ὲν</span> <span class='ocrx_word' id='word_1_592' title='bbox 563 2666 604 2702; x_wconf 73' lang='grc' dir='ltr'><strong>οἷς</strong></span> <span class='ocrx_word' id='word_1_593' title='bbox 618 2669 711 2703; x_wconf 75' lang='grc' dir='ltr'>ἔδοξας</span> <span class='ocrx_word' id='word_1_594' title='bbox 727 2669 927 2707; x_wconf 79' lang='grc' dir='ltr'>μεμαθηκέναι.</span> 
     </span>
    </p>
   </div>
   <div class='ocr_carea' id='block_1_96' title="bbox 1014 2436 1770 2468">
    <p class='ocr_par' dir='ltr' id='par_1_96' title="bbox 1014 2436 1770 2468">
     <span class='ocr_line' id='line_1_96' title="bbox 1014 2436 1770 2468; baseline -0.007 -1"><span class='ocrx_word' id='word_1_595' title='bbox 1014 2439 1153 2468; x_wconf 87' lang='lat' dir='ltr'><strong>Citissime</strong></span> <span class='ocrx_word' id='word_1_596' title='bbox 1175 2439 1279 2467; x_wconf 88' lang='lat' dir='ltr'><strong>amicos</strong></span> <span class='ocrx_word' id='word_1_597' title='bbox 1292 2437 1545 2467; x_wconf 80' lang='lat' dir='ltr'><strong>edisciszdediscis</strong></span> <span class='ocrx_word' id='word_1_598' title='bbox 1569 2440 1660 2465; x_wconf 87' lang='lat' dir='ltr'><strong>autem</strong></span> <span class='ocrx_word' id='word_1_599' title='bbox 1683 2436 1770 2463; x_wconf 86' lang='lat' dir='ltr'><strong>multo</strong></span> 
     </span>
    </p>
   </div>
   <div class='ocr_carea' id='block_1_97' title="bbox 978 2483 1770 2518">
    <p class='ocr_par' dir='ltr' id='par_1_97' title="bbox 978 2483 1770 2518">
     <span class='ocr_line' id='line_1_97' title="bbox 978 2483 1770 2518; baseline -0.004 -5"><span class='ocrx_word' id='word_1_600' title='bbox 978 2485 1075 2513; x_wconf 83' lang='lat' dir='ltr'><strong>citius:</strong></span> <span class='ocrx_word' id='word_1_601' title='bbox 1102 2485 1160 2513; x_wconf 89' lang='lat' dir='ltr'><strong>vale</strong></span> <span class='ocrx_word' id='word_1_602' title='bbox 1186 2490 1289 2518; x_wconf 82' lang='lat' dir='ltr'><strong>autem,</strong></span> <span class='ocrx_word' id='word_1_603' title='bbox 1323 2490 1351 2513; x_wconf 91' lang='lat' dir='ltr'><strong>ct</strong></span> <span class='ocrx_word' id='word_1_604' title='bbox 1378 2493 1414 2513; x_wconf 90' lang='lat' dir='ltr'><strong>ne</strong></span> <span class='ocrx_word' id='word_1_605' title='bbox 1438 2485 1493 2513; x_wconf 88' lang='lat' dir='ltr'><strong>cito</strong></span> <span class='ocrx_word' id='word_1_606' title='bbox 1512 2484 1596 2516; x_wconf 85' lang='lat' dir='ltr'><strong>disce,</strong></span> <span class='ocrx_word' id='word_1_607' title='bbox 1622 2490 1674 2511; x_wconf 89' lang='lat' dir='ltr'><strong>nec</strong></span> <span class='ocrx_word' id='word_1_608' title='bbox 1687 2483 1770 2510; x_wconf 89' lang='lat' dir='ltr'><strong>citius</strong></span> 
     </span>
    </p>
   </div>
   <div class='ocr_carea' id='block_1_98' title="bbox 977 2528 1768 2563">
    <p class='ocr_par' dir='ltr' id='par_1_98' title="bbox 977 2528 1768 2563">
     <span class='ocr_line' id='line_1_98' title="bbox 977 2528 1768 2563; baseline -0.005 -5"><span class='ocrx_word' id='word_1_609' title='bbox 977 2539 1073 2559; x_wconf 92' lang='lat' dir='ltr'><strong>corum</strong></span> <span class='ocrx_word' id='word_1_610' title='bbox 1091 2531 1272 2563; x_wconf 84' lang='lat' dir='ltr'><strong>obliviscere;</strong></span> <span class='ocrx_word' id='word_1_611' title='bbox 1288 2535 1331 2559; x_wconf 82' lang='lat' dir='ltr'><strong>est</strong></span> <span class='ocrx_word' id='word_1_612' title='bbox 1356 2531 1431 2558; x_wconf 88' lang='lat' dir='ltr'><strong>enim</strong></span> <span class='ocrx_word' id='word_1_613' title='bbox 1457 2530 1524 2558; x_wconf 89' lang='lat' dir='ltr'><strong>illud</strong></span> <span class='ocrx_word' id='word_1_614' title='bbox 1541 2528 1624 2557; x_wconf 82' lang='lat' dir='ltr'><strong>animi</strong></span> <span class='ocrx_word' id='word_1_615' title='bbox 1650 2528 1768 2561; x_wconf 88' lang='lat' dir='ltr'><strong>leviculi,</strong></span> 
     </span>
    </p>
   </div>
   <div class='ocr_carea' id='block_1_99' title="bbox 976 2574 1769 2612">
    <p class='ocr_par' dir='ltr' id='par_1_99' title="bbox 976 2574 1769 2612">
     <span class='ocr_line' id='line_1_99' title="bbox 976 2574 1769 2612; baseline -0.001 -9"><span class='ocrx_word' id='word_1_616' title='bbox 976 2577 1091 2603; x_wconf 91' lang='lat' dir='ltr'><strong>nimium</strong></span> <span class='ocrx_word' id='word_1_617' title='bbox 1101 2576 1294 2612; x_wconf 85' lang='lat' dir='ltr'><strong>properantis;</strong></span> <span class='ocrx_word' id='word_1_618' title='bbox 1312 2581 1340 2604; x_wconf 85' lang='lat' dir='ltr'><strong>ct</strong></span> <span class='ocrx_word' id='word_1_619' title='bbox 1353 2576 1462 2610; x_wconf 86' lang='lat' dir='ltr'><strong>incerti,</strong></span> <span class='ocrx_word' id='word_1_620' title='bbox 1479 2580 1510 2604; x_wconf 86' lang='lat' dir='ltr'><strong>ut</strong></span> <span class='ocrx_word' id='word_1_621' title='bbox 1526 2583 1561 2603; x_wconf 88' lang='lat' dir='ltr'><strong>ne</strong></span> <span class='ocrx_word' id='word_1_622' title='bbox 1582 2574 1647 2611; x_wconf 87' lang='lat' dir='ltr'><strong>quid</strong></span> <span class='ocrx_word' id='word_1_623' title='bbox 1660 2574 1769 2610; x_wconf 73' lang='lat' dir='ltr'><strong>gravius</strong></span> 
     </span>
    </p>
   </div>
   <div class='ocr_carea' id='block_1_100' title="bbox 977 2620 1768 2659">
    <p class='ocr_par' dir='ltr' id='par_1_100' title="bbox 977 2620 1768 2659">
     <span class='ocr_line' id='line_1_100' title="bbox 977 2620 1768 2659; baseline -0.005 -9"><span class='ocrx_word' id='word_1_624' title='bbox 977 2622 1180 2657; x_wconf 86' lang='lat' dir='ltr'><strong>dicam,judicii</strong></span> <span class='ocrx_word' id='word_1_625' title='bbox 1192 2622 1275 2656; x_wconf 88' lang='lat' dir='ltr'><strong>illud;</strong></span> <span class='ocrx_word' id='word_1_626' title='bbox 1290 2623 1478 2659; x_wconf 69' lang='lat' dir='ltr'><strong>intelligentia:</strong></span> <span class='ocrx_word' id='word_1_627' title='bbox 1492 2621 1621 2650; x_wconf 83' lang='lat' dir='ltr'><strong>tribunali</strong></span> <span class='ocrx_word' id='word_1_628' title='bbox 1636 2620 1680 2648; x_wconf 88' lang='lat' dir='ltr'><strong>ubi</strong></span> <span class='ocrx_word' id='word_1_629' title='bbox 1694 2620 1768 2655; x_wconf 85' lang='lat' dir='ltr'><strong>quod</strong></span> 
     </span>
    </p>
   </div>
   <div class='ocr_carea' id='block_1_101' title="bbox 979 2665 1769 2703">
    <p class='ocr_par' dir='ltr' id='par_1_101' title="bbox 979 2665 1769 2703">
     <span class='ocr_line' id='line_1_101' title="bbox 979 2665 1769 2703; baseline -0.003 -9"><span class='ocrx_word' id='word_1_630' title='bbox 979 2667 1114 2703; x_wconf 79' lang='lat' dir='ltr'><strong>agendum</strong></span> <span class='ocrx_word' id='word_1_631' title='bbox 1129 2667 1244 2702; x_wconf 86' lang='lat' dir='ltr'><strong>stiteris,</strong></span> <span class='ocrx_word' id='word_1_632' title='bbox 1259 2669 1381 2698; x_wconf 91' lang='lat' dir='ltr'><strong>consiste</strong></span> <span class='ocrx_word' id='word_1_633' title='bbox 1397 2668 1493 2697; x_wconf 87' lang='lat' dir='ltr'><strong>ﬁrmus</strong></span> <span class='ocrx_word' id='word_1_634' title='bbox 1507 2668 1535 2696; x_wconf 92' lang='lat' dir='ltr'><strong>in</strong></span> <span class='ocrx_word' id='word_1_635' title='bbox 1549 2668 1582 2696; x_wconf 88' lang='lat' dir='ltr'><strong>iis</strong></span> <span class='ocrx_word' id='word_1_636' title='bbox 1597 2674 1656 2703; x_wconf 65' lang='lat' dir='ltr'><strong>quae</strong></span> <span class='ocrx_word' id='word_1_637' title='bbox 1669 2665 1769 2694; x_wconf 79' lang='lat' dir='ltr'><strong>videris</strong></span> 
     </span>
    </p>
   </div>
   <div class='ocr_carea' id='block_1_102' title="bbox 979 2712 1155 2743">
    <p class='ocr_par' dir='ltr' id='par_1_102' title="bbox 979 2712 1155 2743">
     <span class='ocr_line' id='line_1_102' title="bbox 979 2712 1155 2743; baseline 0.023 -4"><span class='ocrx_word' id='word_1_638' title='bbox 979 2712 1155 2743; x_wconf 86' lang='lat' dir='ltr'><strong>addidicisse.</strong></span> 
     </span>
    </p>
   </div>
   <div class='ocr_carea' id='block_1_103' title="bbox 795 2795 1135 2846">
    <p class='ocr_par' dir='ltr' id='par_1_103' title="bbox 795 2795 1135 2846">
     <span class='ocr_line' id='line_1_103' title="bbox 795 2795 1135 2846; baseline 0.006 -23"><span class='ocrx_word' id='word_1_639' title='bbox 795 2795 909 2846; x_wconf 60' lang='lat' dir='ltr'><strong>vitam;</strong></span> <span class='ocrx_word' id='word_1_640' title='bbox 930 2795 1135 2833; x_wconf 63' lang='lat' dir='ltr'><strong>caenosas,</strong></span> 
     </span>
    </p>
   </div>
   <div class='ocr_carea' id='block_1_104' title="bbox 185 2867 368 2910">
    <p class='ocr_par' dir='ltr' id='par_1_104' title="bbox 185 2867 368 2910">
     <span class='ocr_line' id='line_1_104' title="bbox 185 2867 368 2910; baseline -0.005 -13"><span class='ocrx_word' id='word_1_641' title='bbox 185 2867 194 2891; x_wconf 68' lang='grc' dir='ltr'>ι</span> <span class='ocrx_word' id='word_1_642' title='bbox 210 2869 267 2910; x_wconf 64' lang='lat' dir='ltr'><strong>lege</strong></span> <span class='ocrx_word' id='word_1_643' title='bbox 282 2870 368 2909; x_wconf 77' lang='grc' dir='ltr'>ὑμων,</span> 
     </span>
    </p>
   </div>
  </div>
