  <div class='ocr_page' id='page_1' title='image "/cluster/home/n/w/nwhite01/storage/ocr_20150623/102/njp.32101010943874/499.png"; bbox 0 0 1928 3097; ppageno 0'>
   <div class='ocr_carea' id='block_1_1' title="bbox 427 234 648 264">
    <p class='ocr_par' dir='ltr' id='par_1_1' title="bbox 427 234 648 264">
     <span class='ocr_line' id='line_1_1' title="bbox 427 234 648 264; baseline -0.009 0"><span class='ocrx_word' id='word_1_1' title='bbox 427 236 538 264; x_wconf 78' lang='lat' dir='ltr'><strong>EPIST.</strong></span> <span class='ocrx_word' id='word_1_2' title='bbox 566 234 648 263; x_wconf 76' lang='lat' dir='ltr'><strong>XLII.</strong></span> 
     </span>
    </p>
   </div>
   <div class='ocr_carea' id='block_1_2' title="bbox 320 280 743 317">
    <p class='ocr_par' dir='ltr' id='par_1_2' title="bbox 320 280 743 317">
     <span class='ocr_line' id='line_1_2' title="bbox 320 280 743 317; baseline -0.002 -8"><span class='ocrx_word' id='word_1_3' title='bbox 320 281 447 309; x_wconf 79' lang='lat' dir='ltr'><strong>Theodoto</strong></span> <span class='ocrx_word' id='word_1_4' title='bbox 463 280 743 317; x_wconf 72' lang='lat' dir='ltr'><strong>spatharocandidato.</strong></span> 
     </span>
    </p>
   </div>
   <div class='ocr_carea' id='block_1_3' title="bbox 763 336 972 369">
    <p class='ocr_par' dir='ltr' id='par_1_3' title="bbox 763 336 972 369">
     <span class='ocr_line' id='line_1_3' title="bbox 763 336 972 369; baseline -0.01 -5"><span class='ocrx_word' id='word_1_5' title='bbox 763 338 899 364; x_wconf 77' lang='lat' dir='ltr'><strong>Montacut.</strong></span> <span class='ocrx_word' id='word_1_6' title='bbox 918 336 972 369; x_wconf 90' lang='lat' dir='ltr'><strong>(ep.</strong></span> 
     </span>
    </p>
   </div>
   <div class='ocr_carea' id='block_1_4' title="bbox 179 391 939 426">
    <p class='ocr_par' dir='ltr' id='par_1_4' title="bbox 179 391 939 426">
     <span class='ocr_line' id='line_1_4' title="bbox 179 391 939 426; baseline -0.007 -5"><span class='ocrx_word' id='word_1_7' title='bbox 179 393 304 421; x_wconf 76' lang='lat' dir='ltr'><strong>Humana</strong></span> <span class='ocrx_word' id='word_1_8' title='bbox 321 391 413 419; x_wconf 85' lang='lat' dir='ltr'><strong>omnia</strong></span> <span class='ocrx_word' id='word_1_9' title='bbox 436 391 517 420; x_wconf 83' lang='lat' dir='ltr'><strong>simul</strong></span> <span class='ocrx_word' id='word_1_10' title='bbox 537 392 665 420; x_wconf 84' lang='lat' dir='ltr'><strong>diﬂluunt</strong></span> <span class='ocrx_word' id='word_1_11' title='bbox 686 399 750 420; x_wconf 85' lang='lat' dir='ltr'><strong>cum</strong></span> <span class='ocrx_word' id='word_1_12' title='bbox 771 395 892 426; x_wconf 84' lang='lat' dir='ltr'><strong>tempore</strong></span> <span class='ocrx_word' id='word_1_13' title='bbox 910 394 939 417; x_wconf 88' lang='lat' dir='ltr'><strong>et</strong></span> 
     </span>
    </p>
   </div>
   <div class='ocr_carea' id='block_1_5' title="bbox 144 437 940 474">
    <p class='ocr_par' dir='ltr' id='par_1_5' title="bbox 144 437 940 474">
     <span class='ocr_line' id='line_1_5' title="bbox 144 437 940 474; baseline -0.004 -9"><span class='ocrx_word' id='word_1_14' title='bbox 144 442 314 466; x_wconf 79' lang='lat' dir='ltr'><strong>evanescunt</strong></span> <span class='ocrx_word' id='word_1_15' title='bbox 327 446 335 470; x_wconf 86' lang='lat'><strong>;</strong></span> <span class='ocrx_word' id='word_1_16' title='bbox 349 437 438 465; x_wconf 89' lang='lat' dir='ltr'><strong>virtus</strong></span> <span class='ocrx_word' id='word_1_17' title='bbox 452 443 554 472; x_wconf 82' lang='lat' dir='ltr'><strong>autem,</strong></span> <span class='ocrx_word' id='word_1_18' title='bbox 575 443 605 466; x_wconf 90' lang='lat' dir='ltr'><strong>ut</strong></span> <span class='ocrx_word' id='word_1_19' title='bbox 620 438 682 474; x_wconf 76' lang='lat' dir='ltr'><strong>igne</strong></span> <span class='ocrx_word' id='word_1_20' title='bbox 695 442 723 466; x_wconf 87' lang='lat' dir='ltr'><strong>et</strong></span> <span class='ocrx_word' id='word_1_21' title='bbox 738 437 822 470; x_wconf 77' lang='lat' dir='ltr'><strong>ferro,</strong></span> <span class='ocrx_word' id='word_1_22' title='bbox 839 440 867 464; x_wconf 88' lang='lat' dir='ltr'><strong>et</strong></span> <span class='ocrx_word' id='word_1_23' title='bbox 879 443 940 463; x_wconf 87' lang='lat' dir='ltr'><strong>om-</strong></span> 
     </span>
    </p>
   </div>
   <div class='ocr_carea' id='block_1_6' title="bbox 148 481 941 518">
    <p class='ocr_par' dir='ltr' id='par_1_6' title="bbox 148 481 941 518">
     <span class='ocr_line' id='line_1_6' title="bbox 148 481 941 518; baseline -0.003 -8"><span class='ocrx_word' id='word_1_24' title='bbox 148 483 232 510; x_wconf 80' lang='lat' dir='ltr'><strong>nibus</strong></span> <span class='ocrx_word' id='word_1_25' title='bbox 262 483 345 510; x_wconf 80' lang='lat' dir='ltr'><strong>rebus</strong></span> <span class='ocrx_word' id='word_1_26' title='bbox 372 482 624 518; x_wconf 82' lang='lat' dir='ltr'><strong>ineonsumptibiiis</strong></span> <span class='ocrx_word' id='word_1_27' title='bbox 639 487 692 516; x_wconf 88' lang='lat' dir='ltr'><strong>est,</strong></span> <span class='ocrx_word' id='word_1_28' title='bbox 720 483 820 518; x_wconf 87' lang='lat' dir='ltr'><strong>quibus</strong></span> <span class='ocrx_word' id='word_1_29' title='bbox 849 481 941 509; x_wconf 84' lang='lat' dir='ltr'><strong>omnia</strong></span> 
     </span>
    </p>
   </div>
   <div class='ocr_carea' id='block_1_7' title="bbox 144 527 940 563">
    <p class='ocr_par' dir='ltr' id='par_1_7' title="bbox 144 527 940 563">
     <span class='ocr_line' id='line_1_7' title="bbox 144 527 940 563; baseline -0.005 -8"><span class='ocrx_word' id='word_1_30' title='bbox 144 528 334 556; x_wconf 71' lang='lat' dir='ltr'><strong>Succumbunt</strong></span> <span class='ocrx_word' id='word_1_31' title='bbox 352 535 413 562; x_wconf 62' lang='lat' dir='ltr'><strong>quae</strong></span> <span class='ocrx_word' id='word_1_32' title='bbox 429 532 612 563; x_wconf 80' lang='lat' dir='ltr'><strong>generantur;</strong></span> <span class='ocrx_word' id='word_1_33' title='bbox 639 527 675 555; x_wconf 90' lang='lat' dir='ltr'><strong>ita</strong></span> <span class='ocrx_word' id='word_1_34' title='bbox 690 533 799 562; x_wconf 85' lang='lat' dir='ltr'><strong>quoque</strong></span> <span class='ocrx_word' id='word_1_35' title='bbox 822 530 940 560; x_wconf 81' lang='lat' dir='ltr'><strong>tempus,</strong></span> 
     </span>
    </p>
   </div>
   <div class='ocr_carea' id='block_1_8' title="bbox 144 571 941 608">
    <p class='ocr_par' dir='ltr' id='par_1_8' title="bbox 144 571 941 608">
     <span class='ocr_line' id='line_1_8' title="bbox 144 571 941 608; baseline -0.003 -9"><span class='ocrx_word' id='word_1_36' title='bbox 144 572 377 607; x_wconf 84' lang='lat' dir='ltr'><strong>patlios,mortem</strong></span> <span class='ocrx_word' id='word_1_37' title='bbox 387 573 472 608; x_wconf 87' lang='lat' dir='ltr'><strong>ipsam</strong></span> <span class='ocrx_word' id='word_1_38' title='bbox 487 576 608 607; x_wconf 85' lang='lat' dir='ltr'><strong>superat.</strong></span> <span class='ocrx_word' id='word_1_39' title='bbox 636 572 684 600; x_wconf 90' lang='lat' dir='ltr'><strong>Sin</strong></span> <span class='ocrx_word' id='word_1_40' title='bbox 714 571 851 599; x_wconf 86' lang='lat' dir='ltr'><strong>intuearis</strong></span> <span class='ocrx_word' id='word_1_41' title='bbox 875 578 941 606; x_wconf 91' lang='lat' dir='ltr'><strong>per-</strong></span> 
     </span>
    </p>
   </div>
   <div class='ocr_carea' id='block_1_9' title="bbox 144 616 940 654">
    <p class='ocr_par' dir='ltr' id='par_1_9' title="bbox 144 616 940 654">
     <span class='ocr_line' id='line_1_9' title="bbox 144 616 940 654; baseline -0.004 -8"><span class='ocrx_word' id='word_1_42' title='bbox 144 617 293 653; x_wconf 81' lang='lat' dir='ltr'><strong>spicacius,</strong></span> <span class='ocrx_word' id='word_1_43' title='bbox 309 626 324 645; x_wconf 91' lang='lat' dir='ltr'><strong>a</strong></span> <span class='ocrx_word' id='word_1_44' title='bbox 339 623 462 654; x_wconf 87' lang='lat' dir='ltr'><strong>tempore</strong></span> <span class='ocrx_word' id='word_1_45' title='bbox 477 622 506 646; x_wconf 86' lang='lat' dir='ltr'><strong>et</strong></span> <span class='ocrx_word' id='word_1_46' title='bbox 519 622 607 646; x_wconf 87' lang='lat' dir='ltr'><strong>morte</strong></span> <span class='ocrx_word' id='word_1_47' title='bbox 621 619 678 653; x_wconf 86' lang='lat' dir='ltr'><strong>ipsa</strong></span> <span class='ocrx_word' id='word_1_48' title='bbox 693 618 780 653; x_wconf 81' lang='lat' dir='ltr'><strong>magis</strong></span> <span class='ocrx_word' id='word_1_49' title='bbox 793 616 940 648; x_wconf 78' lang='lat' dir='ltr'><strong>reriviseit,</strong></span> 
     </span>
    </p>
   </div>
   <div class='ocr_carea' id='block_1_10' title="bbox 145 663 943 700">
    <p class='ocr_par' dir='ltr' id='par_1_10' title="bbox 145 663 943 700">
     <span class='ocr_line' id='line_1_10' title="bbox 145 663 943 700; baseline -0.005 -8"><span class='ocrx_word' id='word_1_50' title='bbox 145 668 173 692; x_wconf 88' lang='lat' dir='ltr'><strong>ct</strong></span> <span class='ocrx_word' id='word_1_51' title='bbox 201 664 373 700; x_wconf 77' lang='lat' dir='ltr'><strong>egerminat;</strong></span> <span class='ocrx_word' id='word_1_52' title='bbox 398 664 543 699; x_wconf 88' lang='lat' dir='ltr'><strong>proprium</strong></span> <span class='ocrx_word' id='word_1_53' title='bbox 569 664 744 700; x_wconf 83' lang='lat' dir='ltr'><strong>splendorem</strong></span> <span class='ocrx_word' id='word_1_54' title='bbox 773 663 943 699; x_wconf 74' lang='lat' dir='ltr'><strong>gloriamque</strong></span> 
     </span>
    </p>
   </div>
   <div class='ocr_carea' id='block_1_11' title="bbox 148 707 942 745">
    <p class='ocr_par' dir='ltr' id='par_1_11' title="bbox 148 707 942 745">
     <span class='ocr_line' id='line_1_11' title="bbox 148 707 942 745; baseline -0.003 -9"><span class='ocrx_word' id='word_1_55' title='bbox 148 710 234 745; x_wconf 73' lang='lat' dir='ltr'><strong>magis</strong></span> <span class='ocrx_word' id='word_1_56' title='bbox 260 709 414 737; x_wconf 80' lang='lat' dir='ltr'><strong>aomiraoili</strong></span> <span class='ocrx_word' id='word_1_57' title='bbox 445 709 526 737; x_wconf 92' lang='lat' dir='ltr'><strong>modo</strong></span> <span class='ocrx_word' id='word_1_58' title='bbox 551 714 579 737; x_wconf 87' lang='lat' dir='ltr'><strong>et</strong></span> <span class='ocrx_word' id='word_1_59' title='bbox 597 708 743 736; x_wconf 90' lang='lat' dir='ltr'><strong>illustriori</strong></span> <span class='ocrx_word' id='word_1_60' title='bbox 768 707 942 735; x_wconf 85' lang='lat' dir='ltr'><strong>immoriente</strong></span> 
     </span>
    </p>
   </div>
   <div class='ocr_carea' id='block_1_12' title="bbox 146 754 942 790">
    <p class='ocr_par' dir='ltr' id='par_1_12' title="bbox 146 754 942 790">
     <span class='ocr_line' id='line_1_12' title="bbox 146 754 942 790; baseline -0.001 -9"><span class='ocrx_word' id='word_1_61' title='bbox 146 754 246 781; x_wconf 92' lang='lat' dir='ltr'><strong>iterum</strong></span> <span class='ocrx_word' id='word_1_62' title='bbox 259 754 361 782; x_wconf 84' lang='lat' dir='ltr'><strong>invidia</strong></span> <span class='ocrx_word' id='word_1_63' title='bbox 375 755 532 782; x_wconf 85' lang='lat' dir='ltr'><strong>reassumit.</strong></span> <span class='ocrx_word' id='word_1_64' title='bbox 544 755 615 788; x_wconf 85' lang='lat' dir='ltr'><strong>Quid</strong></span> <span class='ocrx_word' id='word_1_65' title='bbox 626 759 655 782; x_wconf 93' lang='lat' dir='ltr'><strong>tu</strong></span> <span class='ocrx_word' id='word_1_66' title='bbox 671 754 753 790; x_wconf 80' lang='lat' dir='ltr'><strong>igitur</strong></span> <span class='ocrx_word' id='word_1_67' title='bbox 761 761 825 789; x_wconf 81' lang='lat' dir='ltr'><strong>erga</strong></span> <span class='ocrx_word' id='word_1_68' title='bbox 840 761 871 781; x_wconf 90' lang='lat' dir='ltr'><strong>ea</strong></span> <span class='ocrx_word' id='word_1_69' title='bbox 880 761 942 788; x_wconf 67' lang='lat' dir='ltr'><strong>quae</strong></span> 
     </span>
    </p>
   </div>
   <div class='ocr_carea' id='block_1_13' title="bbox 145 800 932 836">
    <p class='ocr_par' dir='ltr' id='par_1_13' title="bbox 145 800 932 836">
     <span class='ocr_line' id='line_1_13' title="bbox 145 800 932 836; baseline -0.001 -9"><span class='ocrx_word' id='word_1_70' title='bbox 145 800 236 827; x_wconf 87' lang='lat' dir='ltr'><strong>statim</strong></span> <span class='ocrx_word' id='word_1_71' title='bbox 252 808 392 828; x_wconf 62' lang='lat' dir='ltr'><strong>nunerum</strong></span> <span class='ocrx_word' id='word_1_72' title='bbox 409 805 500 834; x_wconf 84' lang='lat' dir='ltr'><strong>erunt,</strong></span> <span class='ocrx_word' id='word_1_73' title='bbox 516 808 548 828; x_wconf 88' lang='lat' dir='ltr'><strong>ae</strong></span> <span class='ocrx_word' id='word_1_74' title='bbox 565 801 589 828; x_wconf 88' lang='lat' dir='ltr'><strong>si</strong></span> <span class='ocrx_word' id='word_1_75' title='bbox 608 808 718 836; x_wconf 85' lang='lat' dir='ltr'><strong>semper</strong></span> <span class='ocrx_word' id='word_1_76' title='bbox 737 800 932 836; x_wconf 83' lang='lat' dir='ltr'><strong>perdurarent,</strong></span> 
     </span>
    </p>
   </div>
   <div class='ocr_carea' id='block_1_14' title="bbox 147 844 939 881">
    <p class='ocr_par' dir='ltr' id='par_1_14' title="bbox 147 844 939 881">
     <span class='ocr_line' id='line_1_14' title="bbox 147 844 939 881; baseline 0 -9"><span class='ocrx_word' id='word_1_77' title='bbox 147 845 184 873; x_wconf 80' lang='lat' dir='ltr'><strong>sis</strong></span> <span class='ocrx_word' id='word_1_78' title='bbox 198 845 339 872; x_wconf 75' lang='lat' dir='ltr'><strong>affectus?</strong></span> <span class='ocrx_word' id='word_1_79' title='bbox 358 849 461 873; x_wconf 79' lang='lat' dir='ltr'><strong>aeterna</strong></span> <span class='ocrx_word' id='word_1_80' title='bbox 477 845 587 873; x_wconf 77' lang='lat' dir='ltr'><strong>interim</strong></span> <span class='ocrx_word' id='word_1_81' title='bbox 606 853 708 881; x_wconf 87' lang='lat' dir='ltr'><strong>susque</strong></span> <span class='ocrx_word' id='word_1_82' title='bbox 731 845 820 880; x_wconf 90' lang='lat' dir='ltr'><strong>deque</strong></span> <span class='ocrx_word' id='word_1_83' title='bbox 842 844 939 878; x_wconf 86' lang='lat' dir='ltr'><strong>babes,</strong></span> 
     </span>
    </p>
   </div>
   <div class='ocr_carea' id='block_1_15' title="bbox 146 891 939 926">
    <p class='ocr_par' dir='ltr' id='par_1_15' title="bbox 146 891 939 926">
     <span class='ocr_line' id='line_1_15' title="bbox 146 891 939 926; baseline 0 -8"><span class='ocrx_word' id='word_1_84' title='bbox 146 898 203 918; x_wconf 92' lang='lat' dir='ltr'><strong>non</strong></span> <span class='ocrx_word' id='word_1_85' title='bbox 217 891 297 918; x_wconf 92' lang='lat' dir='ltr'><strong>aliter</strong></span> <span class='ocrx_word' id='word_1_86' title='bbox 309 898 391 926; x_wconf 89' lang='lat' dir='ltr'><strong>quam</strong></span> <span class='ocrx_word' id='word_1_87' title='bbox 408 891 561 919; x_wconf 78' lang='lat' dir='ltr'><strong>deﬂuxura.</strong></span> <span class='ocrx_word' id='word_1_88' title='bbox 576 891 674 919; x_wconf 82' lang='lat' dir='ltr'><strong>Nonne</strong></span> <span class='ocrx_word' id='word_1_89' title='bbox 692 899 789 918; x_wconf 86' lang='lat' dir='ltr'><strong>aurum</strong></span> <span class='ocrx_word' id='word_1_90' title='bbox 808 898 859 926; x_wconf 90' lang='lat' dir='ltr'><strong>pro</strong></span> <span class='ocrx_word' id='word_1_91' title='bbox 872 897 939 924; x_wconf 70' lang='lat' dir='ltr'><strong>aere,</strong></span> 
     </span>
    </p>
   </div>
   <div class='ocr_carea' id='block_1_16' title="bbox 145 936 940 973">
    <p class='ocr_par' dir='ltr' id='par_1_16' title="bbox 145 936 940 973">
     <span class='ocr_line' id='line_1_16' title="bbox 145 936 940 973; baseline 0 -9"><span class='ocrx_word' id='word_1_92' title='bbox 145 936 218 971; x_wconf 81' lang='lat' dir='ltr'><strong>quod</strong></span> <span class='ocrx_word' id='word_1_93' title='bbox 236 945 263 964; x_wconf 86' lang='lat' dir='ltr'><strong>in</strong></span> <span class='ocrx_word' id='word_1_94' title='bbox 279 937 354 972; x_wconf 86' lang='lat' dir='ltr'><strong>poesi</strong></span> <span class='ocrx_word' id='word_1_95' title='bbox 375 941 427 969; x_wconf 87' lang='lat' dir='ltr'><strong>est,</strong></span> <span class='ocrx_word' id='word_1_96' title='bbox 452 938 612 973; x_wconf 79' lang='lat' dir='ltr'><strong>permutas?</strong></span> <span class='ocrx_word' id='word_1_97' title='bbox 630 937 711 965; x_wconf 88' lang='lat' dir='ltr'><strong>Certe</strong></span> <span class='ocrx_word' id='word_1_98' title='bbox 735 936 940 964; x_wconf 84' lang='lat' dir='ltr'><strong>breviusculum</strong></span> 
     </span>
    </p>
   </div>
   <div class='ocr_carea' id='block_1_17' title="bbox 147 982 941 1018">
    <p class='ocr_par' dir='ltr' id='par_1_17' title="bbox 147 982 941 1018">
     <span class='ocr_line' id='line_1_17' title="bbox 147 982 941 1018; baseline 0.003 -9"><span class='ocrx_word' id='word_1_99' title='bbox 147 986 187 1009; x_wconf 87' lang='lat' dir='ltr'><strong>est</strong></span> <span class='ocrx_word' id='word_1_100' title='bbox 203 988 358 1018; x_wconf 83' lang='lat' dir='ltr'><strong>peccatum,</strong></span> <span class='ocrx_word' id='word_1_101' title='bbox 373 983 446 1018; x_wconf 91' lang='lat' dir='ltr'><strong>quod</strong></span> <span class='ocrx_word' id='word_1_102' title='bbox 480 989 579 1011; x_wconf 86' lang='lat' dir='ltr'><strong>natura</strong></span> <span class='ocrx_word' id='word_1_103' title='bbox 601 983 683 1011; x_wconf 84' lang='lat' dir='ltr'><strong>ﬂuida</strong></span> <span class='ocrx_word' id='word_1_104' title='bbox 713 987 741 1011; x_wconf 92' lang='lat' dir='ltr'><strong>et</strong></span> <span class='ocrx_word' id='word_1_105' title='bbox 755 982 941 1018; x_wconf 83' lang='lat' dir='ltr'><strong>corruptibilis</strong></span> 
     </span>
    </p>
   </div>
   <div class='ocr_carea' id='block_1_18' title="bbox 146 1028 940 1065">
    <p class='ocr_par' dir='ltr' id='par_1_18' title="bbox 146 1028 940 1065">
     <span class='ocr_line' id='line_1_18' title="bbox 146 1028 940 1065; baseline 0.001 -10"><span class='ocrx_word' id='word_1_106' title='bbox 146 1028 195 1055; x_wconf 92' lang='lat' dir='ltr'><strong>sit:</strong></span> <span class='ocrx_word' id='word_1_107' title='bbox 209 1028 256 1056; x_wconf 86' lang='lat' dir='ltr'><strong>sed</strong></span> <span class='ocrx_word' id='word_1_108' title='bbox 266 1033 387 1057; x_wconf 86' lang='lat' dir='ltr'><strong>mutatur</strong></span> <span class='ocrx_word' id='word_1_109' title='bbox 394 1030 600 1065; x_wconf 91' lang='lat' dir='ltr'><strong>incorruptibile</strong></span> <span class='ocrx_word' id='word_1_110' title='bbox 609 1038 660 1065; x_wconf 88' lang='lat' dir='ltr'><strong>pro</strong></span> <span class='ocrx_word' id='word_1_111' title='bbox 671 1028 881 1064; x_wconf 82' lang='lat' dir='ltr'><strong>corrumpendo,</strong></span> <span class='ocrx_word' id='word_1_112' title='bbox 896 1036 940 1057; x_wconf 89' lang='lat' dir='ltr'><strong>sa-</strong></span> 
     </span>
    </p>
   </div>
   <div class='ocr_carea' id='block_1_19' title="bbox 146 1073 945 1111">
    <p class='ocr_par' dir='ltr' id='par_1_19' title="bbox 146 1073 945 1111">
     <span class='ocr_line' id='line_1_19' title="bbox 146 1073 945 1111; baseline 0.004 -11"><span class='ocrx_word' id='word_1_113' title='bbox 146 1073 248 1109; x_wconf 82' lang='lat' dir='ltr'><strong>pientia</strong></span> <span class='ocrx_word' id='word_1_114' title='bbox 263 1081 312 1109; x_wconf 90' lang='lat' dir='ltr'><strong>pro</strong></span> <span class='ocrx_word' id='word_1_115' title='bbox 321 1075 437 1109; x_wconf 80' lang='lat' dir='ltr'><strong>insania,</strong></span> <span class='ocrx_word' id='word_1_116' title='bbox 448 1075 532 1111; x_wconf 75' lang='lat' dir='ltr'><strong>gloria</strong></span> <span class='ocrx_word' id='word_1_117' title='bbox 543 1083 593 1111; x_wconf 87' lang='lat' dir='ltr'><strong>pro</strong></span> <span class='ocrx_word' id='word_1_118' title='bbox 606 1075 749 1108; x_wconf 71' lang='lat' dir='ltr'><strong>dedecore,</strong></span> <span class='ocrx_word' id='word_1_119' title='bbox 761 1074 884 1111; x_wconf 73' lang='lat' dir='ltr'><strong>gebeuna</strong></span> <span class='ocrx_word' id='word_1_120' title='bbox 895 1082 945 1110; x_wconf 90' lang='lat' dir='ltr'><strong>pro</strong></span> 
     </span>
    </p>
   </div>
   <div class='ocr_carea' id='block_1_20' title="bbox 145 1119 657 1184">
    <p class='ocr_par' dir='ltr' id='par_1_20' title="bbox 145 1119 657 1184">
     <span class='ocr_line' id='line_1_20' title="bbox 145 1119 657 1184; baseline 0 -1"><span class='ocrx_word' id='word_1_121' title='bbox 145 1119 275 1147; x_wconf 53' lang='lat' dir='ltr'><strong>morum</strong></span> <span class='ocrx_word' id='word_1_122' title='bbox 290 1128 385 1156; x_wconf 50' lang='lat' dir='ltr'><strong>regum</strong></span> <span class='ocrx_word' id='word_1_123' title='bbox 432 1155 542 1184; x_wconf 72' lang='lat' dir='ltr'><strong>EPIST.</strong></span> <span class='ocrx_word' id='word_1_124' title='bbox 562 1155 657 1183; x_wconf 82' lang='lat' dir='ltr'><strong>xuii.</strong></span> 
     </span>
    </p>
   </div>
   <div class='ocr_carea' id='block_1_21' title="bbox 200 1201 891 1239">
    <p class='ocr_par' dir='ltr' id='par_1_21' title="bbox 200 1201 891 1239">
     <span class='ocr_line' id='line_1_21' title="bbox 200 1201 891 1239; baseline -0.001 -9"><span class='ocrx_word' id='word_1_125' title='bbox 200 1201 300 1230; x_wconf 79' lang='lat' dir='ltr'><strong>Joanni</strong></span> <span class='ocrx_word' id='word_1_126' title='bbox 319 1202 431 1237; x_wconf 75' lang='lat' dir='ltr'><strong>patricio</strong></span> <span class='ocrx_word' id='word_1_127' title='bbox 448 1207 474 1230; x_wconf 77' lang='lat' dir='ltr'><strong>et</strong></span> <span class='ocrx_word' id='word_1_128' title='bbox 500 1203 635 1231; x_wconf 75' lang='lat' dir='ltr'><strong>sacellano</strong></span> <span class='ocrx_word' id='word_1_129' title='bbox 656 1203 728 1239; x_wconf 82' lang='lat' dir='ltr'><strong>apud</strong></span> <span class='ocrx_word' id='word_1_130' title='bbox 749 1201 891 1235; x_wconf 73' lang='lat' dir='ltr'><strong>Anqurios.</strong></span> 
     </span>
    </p>
   </div>
   <div class='ocr_carea' id='block_1_22' title="bbox 770 1282 976 1315">
    <p class='ocr_par' dir='ltr' id='par_1_22' title="bbox 770 1282 976 1315">
     <span class='ocr_line' id='line_1_22' title="bbox 770 1282 976 1315; baseline -0.01 -5"><span class='ocrx_word' id='word_1_131' title='bbox 770 1283 905 1310; x_wconf 72' lang='lat' dir='ltr'><strong>Montacut.</strong></span> <span class='ocrx_word' id='word_1_132' title='bbox 922 1282 976 1315; x_wconf 86' lang='lat' dir='ltr'><strong>(ep.</strong></span> 
     </span>
    </p>
   </div>
   <div class='ocr_carea' id='block_1_23' title="bbox 184 1338 942 1374">
    <p class='ocr_par' dir='ltr' id='par_1_23' title="bbox 184 1338 942 1374">
     <span class='ocr_line' id='line_1_23' title="bbox 184 1338 942 1374; baseline 0 -8"><span class='ocrx_word' id='word_1_133' title='bbox 184 1338 322 1366; x_wconf 84' lang='lat' dir='ltr'><strong>Molestias</strong></span> <span class='ocrx_word' id='word_1_134' title='bbox 339 1338 451 1371; x_wconf 87' lang='lat' dir='ltr'><strong>intueri,</strong></span> <span class='ocrx_word' id='word_1_135' title='bbox 471 1342 611 1367; x_wconf 75' lang='lat' dir='ltr'><strong>voientem</strong></span> <span class='ocrx_word' id='word_1_136' title='bbox 629 1346 674 1367; x_wconf 92' lang='lat' dir='ltr'><strong>me</strong></span> <span class='ocrx_word' id='word_1_137' title='bbox 686 1338 825 1374; x_wconf 86' lang='lat' dir='ltr'><strong>oportuit;</strong></span> <span class='ocrx_word' id='word_1_138' title='bbox 843 1338 942 1366; x_wconf 86' lang='lat' dir='ltr'><strong>nolen-</strong></span> 
     </span>
    </p>
   </div>
   <div class='ocr_carea' id='block_1_24' title="bbox 150 1384 942 1420">
    <p class='ocr_par' dir='ltr' id='par_1_24' title="bbox 150 1384 942 1420">
     <span class='ocr_line' id='line_1_24' title="bbox 150 1384 942 1420; baseline -0.001 -7"><span class='ocrx_word' id='word_1_139' title='bbox 150 1390 205 1413; x_wconf 88' lang='lat' dir='ltr'><strong>tem</strong></span> <span class='ocrx_word' id='word_1_140' title='bbox 221 1389 312 1412; x_wconf 89' lang='lat' dir='ltr'><strong>autem</strong></span> <span class='ocrx_word' id='word_1_141' title='bbox 331 1389 360 1412; x_wconf 88' lang='lat' dir='ltr'><strong>tu</strong></span> <span class='ocrx_word' id='word_1_142' title='bbox 375 1384 509 1412; x_wconf 90' lang='lat' dir='ltr'><strong>docuisti:</strong></span> <span class='ocrx_word' id='word_1_143' title='bbox 526 1388 554 1413; x_wconf 85' lang='lat' dir='ltr'><strong>et</strong></span> <span class='ocrx_word' id='word_1_144' title='bbox 561 1385 625 1420; x_wconf 92' lang='lat' dir='ltr'><strong>quid</strong></span> <span class='ocrx_word' id='word_1_145' title='bbox 639 1385 688 1413; x_wconf 84' lang='lat' dir='ltr'><strong>tibi</strong></span> <span class='ocrx_word' id='word_1_146' title='bbox 702 1385 793 1412; x_wconf 87' lang='lat' dir='ltr'><strong>adhuc</strong></span> <span class='ocrx_word' id='word_1_147' title='bbox 806 1385 942 1420; x_wconf 89' lang='lat' dir='ltr'><strong>reliquum</strong></span> 
     </span>
    </p>
   </div>
   <div class='ocr_carea' id='block_1_25' title="bbox 150 1430 944 1466">
    <p class='ocr_par' dir='ltr' id='par_1_25' title="bbox 150 1430 944 1466">
     <span class='ocr_line' id='line_1_25' title="bbox 150 1430 944 1466; baseline -0.003 -7"><span class='ocrx_word' id='word_1_148' title='bbox 150 1435 203 1464; x_wconf 87' lang='lat' dir='ltr'><strong>est,</strong></span> <span class='ocrx_word' id='word_1_149' title='bbox 226 1439 307 1466; x_wconf 87' lang='lat' dir='ltr'><strong>quam</strong></span> <span class='ocrx_word' id='word_1_150' title='bbox 325 1435 354 1458; x_wconf 88' lang='lat' dir='ltr'><strong>ut</strong></span> <span class='ocrx_word' id='word_1_151' title='bbox 370 1430 421 1458; x_wconf 78' lang='lat' dir='ltr'><strong>sub</strong></span> <span class='ocrx_word' id='word_1_152' title='bbox 437 1430 562 1458; x_wconf 91' lang='lat' dir='ltr'><strong>omnium</strong></span> <span class='ocrx_word' id='word_1_153' title='bbox 575 1431 663 1459; x_wconf 86' lang='lat' dir='ltr'><strong>oculis</strong></span> <span class='ocrx_word' id='word_1_154' title='bbox 672 1435 699 1458; x_wconf 90' lang='lat' dir='ltr'><strong>et</strong></span> <span class='ocrx_word' id='word_1_155' title='bbox 712 1431 868 1458; x_wconf 83' lang='lat' dir='ltr'><strong>testimonio</strong></span> <span class='ocrx_word' id='word_1_156' title='bbox 878 1438 944 1458; x_wconf 87' lang='lat' dir='ltr'><strong>con-</strong></span> 
     </span>
    </p>
   </div>
   <div class='ocr_carea' id='block_1_26' title="bbox 150 1476 946 1510">
    <p class='ocr_par' dir='ltr' id='par_1_26' title="bbox 150 1476 946 1510">
     <span class='ocr_line' id='line_1_26' title="bbox 150 1476 946 1510; baseline -0.001 -5"><span class='ocrx_word' id='word_1_157' title='bbox 150 1478 243 1506; x_wconf 75' lang='lat' dir='ltr'><strong>victus</strong></span> <span class='ocrx_word' id='word_1_158' title='bbox 262 1476 391 1510; x_wconf 86' lang='lat' dir='ltr'><strong>tenearis,</strong></span> <span class='ocrx_word' id='word_1_159' title='bbox 408 1476 491 1503; x_wconf 87' lang='lat' dir='ltr'><strong>multa</strong></span> <span class='ocrx_word' id='word_1_160' title='bbox 508 1476 599 1504; x_wconf 83' lang='lat' dir='ltr'><strong>adhuc</strong></span> <span class='ocrx_word' id='word_1_161' title='bbox 615 1476 725 1504; x_wconf 89' lang='lat' dir='ltr'><strong>duriora</strong></span> <span class='ocrx_word' id='word_1_162' title='bbox 740 1477 767 1504; x_wconf 94' lang='lat' dir='ltr'><strong>in</strong></span> <span class='ocrx_word' id='word_1_163' title='bbox 784 1484 828 1504; x_wconf 90' lang='lat' dir='ltr'><strong>me</strong></span> <span class='ocrx_word' id='word_1_164' title='bbox 841 1476 946 1504; x_wconf 79' lang='lat' dir='ltr'><strong>machi-</strong></span> 
     </span>
    </p>
   </div>
   <div class='ocr_carea' id='block_1_27' title="bbox 152 1522 978 1565">
    <p class='ocr_par' dir='ltr' id='par_1_27' title="bbox 152 1522 978 1565">
     <span class='ocr_line' id='line_1_27' title="bbox 152 1522 978 1565; baseline 0 -16"><span class='ocrx_word' id='word_1_165' title='bbox 152 1523 223 1556; x_wconf 81' lang='lat' dir='ltr'><strong>nari,</strong></span> <span class='ocrx_word' id='word_1_166' title='bbox 238 1523 301 1558; x_wconf 86' lang='lat' dir='ltr'><strong>quia</strong></span> <span class='ocrx_word' id='word_1_167' title='bbox 317 1530 366 1558; x_wconf 87' lang='lat' dir='ltr'><strong>per</strong></span> <span class='ocrx_word' id='word_1_168' title='bbox 390 1522 579 1558; x_wconf 86' lang='lat' dir='ltr'><strong>quotidianum</strong></span> <span class='ocrx_word' id='word_1_169' title='bbox 607 1522 778 1556; x_wconf 78' lang='lat' dir='ltr'><strong>exercitium,</strong></span> <span class='ocrx_word' id='word_1_170' title='bbox 803 1530 836 1551; x_wconf 86' lang='lat' dir='ltr'><strong>ea</strong></span> <span class='ocrx_word' id='word_1_171' title='bbox 851 1523 942 1551; x_wconf 88' lang='lat' dir='ltr'><strong>omnia</strong></span> <span class='ocrx_word' id='word_1_172' title='bbox 955 1534 978 1565; x_wconf 67' lang='grc' dir='ltr'><strong>ρ</strong></span> 
     </span>
    </p>
   </div>
   <div class='ocr_carea' id='block_1_28' title="bbox 153 1569 772 1598">
    <p class='ocr_par' dir='ltr' id='par_1_28' title="bbox 153 1569 772 1598">
     <span class='ocr_line' id='line_1_28' title="bbox 153 1569 772 1598; baseline 0.002 -2"><span class='ocrx_word' id='word_1_173' title='bbox 153 1576 216 1597; x_wconf 85' lang='lat' dir='ltr'><strong>cum</strong></span> <span class='ocrx_word' id='word_1_174' title='bbox 232 1569 340 1597; x_wconf 89' lang='lat' dir='ltr'><strong>minore</strong></span> <span class='ocrx_word' id='word_1_175' title='bbox 355 1569 450 1597; x_wconf 87' lang='lat' dir='ltr'><strong>dolore</strong></span> <span class='ocrx_word' id='word_1_176' title='bbox 461 1570 554 1598; x_wconf 84' lang='lat' dir='ltr'><strong>subire</strong></span> <span class='ocrx_word' id='word_1_177' title='bbox 569 1570 684 1597; x_wconf 84' lang='lat' dir='ltr'><strong>edoctus</strong></span> <span class='ocrx_word' id='word_1_178' title='bbox 700 1577 772 1597; x_wconf 87' lang='lat' dir='ltr'><strong>sum.</strong></span> 
     </span>
    </p>
   </div>
   <div class='ocr_carea' id='block_1_29' title="bbox 440 1614 657 1642">
    <p class='ocr_par' dir='ltr' id='par_1_29' title="bbox 440 1614 657 1642">
     <span class='ocr_line' id='line_1_29' title="bbox 440 1614 657 1642; baseline 0 0"><span class='ocrx_word' id='word_1_179' title='bbox 440 1614 539 1642; x_wconf 81' lang='lat' dir='ltr'><strong>EPIST</strong></span> <span class='ocrx_word' id='word_1_180' title='bbox 563 1615 657 1642; x_wconf 84' lang='lat' dir='ltr'><strong>XLIV.</strong></span> 
     </span>
    </p>
   </div>
   <div class='ocr_carea' id='block_1_30' title="bbox 373 1659 716 1695">
    <p class='ocr_par' dir='ltr' id='par_1_30' title="bbox 373 1659 716 1695">
     <span class='ocr_line' id='line_1_30' title="bbox 373 1659 716 1695; baseline 0.003 -9"><span class='ocrx_word' id='word_1_181' title='bbox 373 1659 484 1687; x_wconf 78' lang='lat' dir='ltr'><strong>Tarusio</strong></span> <span class='ocrx_word' id='word_1_182' title='bbox 501 1660 613 1695; x_wconf 77' lang='lat' dir='ltr'><strong>patricio</strong></span> <span class='ocrx_word' id='word_1_183' title='bbox 626 1660 716 1695; x_wconf 80' lang='lat' dir='ltr'><strong>fratri.</strong></span> 
     </span>
    </p>
   </div>
   <div class='ocr_carea' id='block_1_31' title="bbox 709 179 1190 212">
    <p class='ocr_par' dir='ltr' id='par_1_31' title="bbox 709 179 1190 212">
     <span class='ocr_line' id='line_1_31' title="bbox 709 179 1190 212; baseline -0.002 -1"><span class='ocrx_word' id='word_1_184' title='bbox 709 179 842 211; x_wconf 82' lang='grc' dir='ltr'><strong>ΡΗΟΤῘΙ</strong></span> <span class='ocrx_word' id='word_1_185' title='bbox 863 179 1122 212; x_wconf 70' lang='lat' dir='ltr'><strong>PATRIARCHA!</strong></span> <span class='ocrx_word' id='word_1_186' title='bbox 1136 179 1190 210; x_wconf 78' lang='grc' dir='ltr'><strong>ΟΡ.</strong></span> 
     </span>
    </p>
   </div>
   <div class='ocr_carea' id='block_1_32' title="bbox 946 235 974 267">
    <p class='ocr_par' dir='ltr' id='par_1_32' title="bbox 946 235 974 267">
     <span class='ocr_line' id='line_1_32' title="bbox 946 235 974 267; baseline 0 0"><span class='ocrx_word' id='word_1_187' title='bbox 946 235 974 267; x_wconf 78' lang='grc' dir='ltr'>Α</span> 
     </span>
    </p>
   </div>
   <div class='ocr_carea' id='block_1_33' title="bbox 1727 176 1783 209">
    <p class='ocr_par' dir='ltr' id='par_1_33' title="bbox 1727 176 1783 209">
     <span class='ocr_line' id='line_1_33' title="bbox 1727 176 1783 209; baseline 0.018 -1"><span class='ocrx_word' id='word_1_188' title='bbox 1727 176 1783 209; x_wconf 69' lang='lat'><strong>956</strong></span> 
     </span>
    </p>
   </div>
   <div class='ocr_carea' id='block_1_34' title="bbox 1280 232 1476 261">
    <p class='ocr_par' dir='ltr' id='par_1_34' title="bbox 1280 232 1476 261">
     <span class='ocr_line' id='line_1_34' title="bbox 1280 232 1476 261; baseline 0 -1"><span class='ocrx_word' id='word_1_189' title='bbox 1280 233 1394 261; x_wconf 80' lang='grc' dir='ltr'><strong>ΕΠΙΣΤ.</strong></span> <span class='ocrx_word' id='word_1_190' title='bbox 1409 232 1476 260; x_wconf 83' lang='lat' dir='ltr'><strong>MB&#39;.</strong></span> 
     </span>
    </p>
   </div>
   <div class='ocr_carea' id='block_1_35' title="bbox 1152 277 1621 313">
    <p class='ocr_par' dir='ltr' id='par_1_35' title="bbox 1152 277 1621 313">
     <span class='ocr_line' id='line_1_35' title="bbox 1152 277 1621 313; baseline 0 -7"><span class='ocrx_word' id='word_1_191' title='bbox 1152 278 1284 313; x_wconf 81' lang='grc' dir='ltr'><strong>Θεοδότῳ</strong></span> <span class='ocrx_word' id='word_1_192' title='bbox 1307 277 1621 313; x_wconf 74' lang='grc' dir='ltr'><strong>σπαθαροκανὸιᾶιίτῳ.</strong></span> 
     </span>
    </p>
   </div>
   <div class='ocr_carea' id='block_1_36' title="bbox 988 335 1172 369">
    <p class='ocr_par' dir='ltr' id='par_1_36' title="bbox 988 335 1172 369">
     <span class='ocr_line' id='line_1_36' title="bbox 988 335 1172 369; baseline 0.005 -8"><span class='ocrx_word' id='word_1_193' title='bbox 988 335 1044 367; x_wconf 72' lang='lat' dir='ltr'><strong>tat,</strong></span> <span class='ocrx_word' id='word_1_194' title='bbox 1061 343 1087 368; x_wconf 87' lang='lat' dir='ltr'><strong>p.</strong></span> <span class='ocrx_word' id='word_1_195' title='bbox 1107 336 1172 369; x_wconf 78' lang='lat' dir='ltr'><strong>ist).</strong></span> 
     </span>
    </p>
   </div>
   <div class='ocr_carea' id='block_1_37' title="bbox 1025 387 1784 425">
    <p class='ocr_par' dir='ltr' id='par_1_37' title="bbox 1025 387 1784 425">
     <span class='ocr_line' id='line_1_37' title="bbox 1025 387 1784 425; baseline 0 -10"><span class='ocrx_word' id='word_1_196' title='bbox 1025 388 1149 415; x_wconf 78' lang='grc' dir='ltr'><strong>Ἀπαντα</strong></span> <span class='ocrx_word' id='word_1_197' title='bbox 1166 395 1215 424; x_wconf 85' lang='grc' dir='ltr'><strong>μεν</strong></span> <span class='ocrx_word' id='word_1_198' title='bbox 1226 389 1262 416; x_wconf 81' lang='grc' dir='ltr'><strong>τὰ</strong></span> <span class='ocrx_word' id='word_1_199' title='bbox 1274 388 1434 425; x_wconf 84' lang='grc' dir='ltr'><strong>ἀνθρώπινα</strong></span> <span class='ocrx_word' id='word_1_200' title='bbox 1447 388 1636 424; x_wconf 79' lang='grc' dir='ltr'><strong>συγκαταῤῥεί</strong></span> <span class='ocrx_word' id='word_1_201' title='bbox 1646 387 1685 423; x_wconf 81' lang='grc' dir='ltr'><strong>τῷ</strong></span> <span class='ocrx_word' id='word_1_202' title='bbox 1695 388 1784 424; x_wconf 78' lang='grc' dir='ltr'><strong>χρόνῳ</strong></span> 
     </span>
    </p>
   </div>
   <div class='ocr_carea' id='block_1_38' title="bbox 990 434 1782 470">
    <p class='ocr_par' dir='ltr' id='par_1_38' title="bbox 990 434 1782 470">
     <span class='ocr_line' id='line_1_38' title="bbox 990 434 1782 470; baseline -0.003 -8"><span class='ocrx_word' id='word_1_203' title='bbox 990 436 1038 462; x_wconf 71' lang='grc' dir='ltr'><strong>καὶ</strong></span> <span class='ocrx_word' id='word_1_204' title='bbox 1052 435 1225 469; x_wconf 77' lang='grc' dir='ltr'><strong>ἀφανίζεται·</strong></span> <span class='ocrx_word' id='word_1_205' title='bbox 1241 435 1326 470; x_wconf 78' lang='grc' dir='ltr'><strong>ἀρετὴ</strong></span> <span class='ocrx_word' id='word_1_206' title='bbox 1344 434 1383 467; x_wconf 83' lang='grc' dir='ltr'><strong>δὲ,</strong></span> <span class='ocrx_word' id='word_1_207' title='bbox 1400 434 1496 470; x_wconf 86' lang='grc' dir='ltr'><strong>ὥσπερ</strong></span> <span class='ocrx_word' id='word_1_208' title='bbox 1516 435 1583 470; x_wconf 77' lang='grc' dir='ltr'><strong>πυρὶ</strong></span> <span class='ocrx_word' id='word_1_209' title='bbox 1601 435 1648 462; x_wconf 76' lang='grc' dir='ltr'><strong>καὶ</strong></span> <span class='ocrx_word' id='word_1_210' title='bbox 1671 434 1782 470; x_wconf 84' lang='grc' dir='ltr'><strong>σιδήρῳ,</strong></span> 
     </span>
    </p>
   </div>
   <div class='ocr_carea' id='block_1_39' title="bbox 991 479 1784 515">
    <p class='ocr_par' dir='ltr' id='par_1_39' title="bbox 991 479 1784 515">
     <span class='ocr_line' id='line_1_39' title="bbox 991 479 1784 515; baseline 0.001 -8"><span class='ocrx_word' id='word_1_211' title='bbox 991 481 1038 508; x_wconf 77' lang='grc' dir='ltr'><strong>καὶ</strong></span> <span class='ocrx_word' id='word_1_212' title='bbox 1054 482 1137 508; x_wconf 73' lang='grc' dir='ltr'><strong>πᾶσιν</strong></span> <span class='ocrx_word' id='word_1_213' title='bbox 1149 480 1191 513; x_wconf 82' lang='grc' dir='ltr'><strong>οἷς</strong></span> <span class='ocrx_word' id='word_1_214' title='bbox 1202 481 1352 508; x_wconf 82' lang='grc' dir='ltr'><strong>ὐπείκειτά</strong></span> <span class='ocrx_word' id='word_1_215' title='bbox 1362 481 1391 507; x_wconf 80' lang='grc' dir='ltr'><strong>ὲν</strong></span> <span class='ocrx_word' id='word_1_216' title='bbox 1404 480 1511 515; x_wconf 82' lang='grc' dir='ltr'><strong>γενέσει</strong></span> <span class='ocrx_word' id='word_1_217' title='bbox 1522 480 1624 513; x_wconf 77' lang='grc' dir='ltr'><strong>πάντα,</strong></span> <span class='ocrx_word' id='word_1_218' title='bbox 1635 479 1784 512; x_wconf 79' lang='grc' dir='ltr'><strong>ἀνάλωτοςο</strong></span> 
     </span>
    </p>
   </div>
   <div class='ocr_carea' id='block_1_40' title="bbox 992 524 1786 562">
    <p class='ocr_par' dir='ltr' id='par_1_40' title="bbox 992 524 1786 562">
     <span class='ocr_line' id='line_1_40' title="bbox 992 524 1786 562; baseline -0.001 -9"><span class='ocrx_word' id='word_1_219' title='bbox 992 526 1063 553; x_wconf 82' lang='grc' dir='ltr'><strong>οὕτω</strong></span> <span class='ocrx_word' id='word_1_220' title='bbox 1079 527 1126 553; x_wconf 70' lang='grc' dir='ltr'><strong>καὶ</strong></span> <span class='ocrx_word' id='word_1_221' title='bbox 1137 527 1236 562; x_wconf 83' lang='grc' dir='ltr'><strong>χρόνου</strong></span> <span class='ocrx_word' id='word_1_222' title='bbox 1250 526 1297 554; x_wconf 67' lang='grc' dir='ltr'><strong>κα)⁸</strong></span> <span class='ocrx_word' id='word_1_223' title='bbox 1308 526 1403 554; x_wconf 86' lang='grc' dir='ltr'><strong>παθῶν</strong></span> <span class='ocrx_word' id='word_1_224' title='bbox 1419 526 1466 554; x_wconf 76' lang='grc' dir='ltr'><strong>καὶ</strong></span> <span class='ocrx_word' id='word_1_225' title='bbox 1480 524 1563 553; x_wconf 78' lang='grc' dir='ltr'><strong>αὐτοῦ</strong></span> <span class='ocrx_word' id='word_1_226' title='bbox 1577 525 1693 553; x_wconf 80' lang='grc' dir='ltr'><strong>θανάτου</strong></span> <span class='ocrx_word' id='word_1_227' title='bbox 1708 534 1786 561; x_wconf 87' lang='grc' dir='ltr'><strong>περι-</strong></span> 
     </span>
    </p>
   </div>
   <div class='ocr_carea' id='block_1_41' title="bbox 991 567 1786 608">
    <p class='ocr_par' dir='ltr' id='par_1_41' title="bbox 991 567 1786 608">
     <span class='ocr_line' id='line_1_41' title="bbox 991 567 1786 608; baseline -0.003 -9"><span class='ocrx_word' id='word_1_228' title='bbox 991 573 1108 607; x_wconf 79' lang='grc' dir='ltr'><strong>γίνεται.</strong></span> <span class='ocrx_word' id='word_1_229' title='bbox 1129 573 1161 599; x_wconf 84' lang='grc' dir='ltr'><strong>Εί</strong></span> <span class='ocrx_word' id='word_1_230' title='bbox 1178 572 1202 599; x_wconf 85' lang='grc' dir='ltr'><strong>δ’</strong></span> <span class='ocrx_word' id='word_1_231' title='bbox 1214 567 1410 607; x_wconf 60' lang='grc' dir='ltr'><strong>ἀκριῦέὸδιερον</strong></span> <span class='ocrx_word' id='word_1_232' title='bbox 1428 572 1505 605; x_wconf 73' lang='grc' dir='ltr'><strong>ἴδοις,</strong></span> <span class='ocrx_word' id='word_1_233' title='bbox 1516 571 1556 608; x_wconf 83' lang='grc' dir='ltr'><strong>τῷ</strong></span> <span class='ocrx_word' id='word_1_234' title='bbox 1571 572 1670 608; x_wconf 83' lang='grc' dir='ltr'><strong>χρόνῳ,</strong></span> <span class='ocrx_word' id='word_1_235' title='bbox 1684 571 1733 598; x_wconf 79' lang='grc' dir='ltr'><strong>καὶ</strong></span> <span class='ocrx_word' id='word_1_236' title='bbox 1745 571 1786 606; x_wconf 79' lang='grc' dir='ltr'><strong>τῷ</strong></span> 
     </span>
    </p>
   </div>
   <div class='ocr_carea' id='block_1_42' title="bbox 992 617 1785 654">
    <p class='ocr_par' dir='ltr' id='par_1_42' title="bbox 992 617 1785 654">
     <span class='ocr_line' id='line_1_42' title="bbox 992 617 1785 654; baseline -0.001 -9"><span class='ocrx_word' id='word_1_237' title='bbox 992 617 1101 653; x_wconf 78' lang='grc' dir='ltr'><strong>Θανάτῳ</strong></span> <span class='ocrx_word' id='word_1_238' title='bbox 1128 617 1229 654; x_wconf 80' lang='grc' dir='ltr'><strong>μᾶλλον</strong></span> <span class='ocrx_word' id='word_1_239' title='bbox 1251 618 1338 654; x_wconf 77' lang='grc' dir='ltr'><strong>ἀναζῇ</strong></span> <span class='ocrx_word' id='word_1_240' title='bbox 1363 618 1412 644; x_wconf 75' lang='grc' dir='ltr'><strong>καὶ</strong></span> <span class='ocrx_word' id='word_1_241' title='bbox 1429 617 1538 649; x_wconf 83' lang='grc' dir='ltr'><strong>θάλλει,</strong></span> <span class='ocrx_word' id='word_1_242' title='bbox 1561 618 1609 644; x_wconf 79' lang='grc' dir='ltr'><strong>καὶ</strong></span> <span class='ocrx_word' id='word_1_243' title='bbox 1632 617 1664 644; x_wconf 81' lang='grc' dir='ltr'><strong>τδ</strong></span> <span class='ocrx_word' id='word_1_244' title='bbox 1685 618 1785 644; x_wconf 86' lang='grc' dir='ltr'><strong>οίκεῖον</strong></span> 
     </span>
    </p>
   </div>
   <div class='ocr_carea' id='block_1_43' title="bbox 991 663 1786 700">
    <p class='ocr_par' dir='ltr' id='par_1_43' title="bbox 991 663 1786 700">
     <span class='ocr_line' id='line_1_43' title="bbox 991 663 1786 700; baseline -0.003 -9"><span class='ocrx_word' id='word_1_245' title='bbox 991 664 1080 697; x_wconf 79' lang='grc' dir='ltr'><strong>κλέος,</strong></span> <span class='ocrx_word' id='word_1_246' title='bbox 1096 664 1144 691; x_wconf 60' lang='grc' dir='ltr'><strong>καί¹</strong></span> <span class='ocrx_word' id='word_1_247' title='bbox 1159 663 1209 700; x_wconf 82' lang='grc' dir='ltr'><strong>τὴν</strong></span> <span class='ocrx_word' id='word_1_248' title='bbox 1225 664 1395 700; x_wconf 84' lang='grc' dir='ltr'><strong>εὐπρέπειαν</strong></span> <span class='ocrx_word' id='word_1_249' title='bbox 1405 684 1414 697; x_wconf 82' lang='grc'><em>,</em></span> <span class='ocrx_word' id='word_1_250' title='bbox 1428 663 1679 695; x_wconf 78' lang='grc' dir='ltr'><strong>ὲναποσὸεσθέντος</strong></span> <span class='ocrx_word' id='word_1_251' title='bbox 1693 663 1786 695; x_wconf 79' lang='grc' dir='ltr'><strong>αὐτοῖς</strong></span> 
     </span>
    </p>
   </div>
   <div class='ocr_carea' id='block_1_44' title="bbox 992 708 1787 746">
    <p class='ocr_par' dir='ltr' id='par_1_44' title="bbox 992 708 1787 746">
     <span class='ocr_line' id='line_1_44' title="bbox 992 708 1787 746; baseline -0.003 -9"><span class='ocrx_word' id='word_1_252' title='bbox 992 710 1038 737; x_wconf 78' lang='grc' dir='ltr'><strong>τοῦ</strong></span> <span class='ocrx_word' id='word_1_253' title='bbox 1054 709 1163 744; x_wconf 80' lang='grc' dir='ltr'><strong>φθόνου,</strong></span> <span class='ocrx_word' id='word_1_254' title='bbox 1179 709 1372 746; x_wconf 70' lang='grc' dir='ltr'><strong>λαμπρότερόν</strong></span> <span class='ocrx_word' id='word_1_255' title='bbox 1385 719 1415 737; x_wconf 87' lang='grc' dir='ltr'><strong>τε</strong></span> <span class='ocrx_word' id='word_1_256' title='bbox 1426 710 1473 737; x_wconf 75' lang='grc' dir='ltr'><strong>καὶ</strong></span> <span class='ocrx_word' id='word_1_257' title='bbox 1486 708 1712 745; x_wconf 85' lang='grc' dir='ltr'><strong>θαυμασιώτερον</strong></span> <span class='ocrx_word' id='word_1_258' title='bbox 1724 709 1787 735; x_wconf 86' lang='grc' dir='ltr'><strong>ἀνα-</strong></span> 
     </span>
    </p>
   </div>
   <div class='ocr_carea' id='block_1_45' title="bbox 991 754 1786 793">
    <p class='ocr_par' dir='ltr' id='par_1_45' title="bbox 991 754 1786 793">
     <span class='ocr_line' id='line_1_45' title="bbox 991 754 1786 793; baseline -0.003 -9"><span class='ocrx_word' id='word_1_259' title='bbox 991 756 1111 792; x_wconf 83' lang='grc' dir='ltr'><strong>δέχεται.</strong></span> <span class='ocrx_word' id='word_1_260' title='bbox 1123 757 1156 784; x_wconf 92' lang='grc' dir='ltr'><strong>Τί</strong></span> <span class='ocrx_word' id='word_1_261' title='bbox 1166 754 1213 785; x_wconf 80' lang='grc' dir='ltr'><strong>οὖν</strong></span> <span class='ocrx_word' id='word_1_262' title='bbox 1227 757 1260 784; x_wconf 81' lang='grc' dir='ltr'><strong>σὺ</strong></span> <span class='ocrx_word' id='word_1_263' title='bbox 1277 757 1333 785; x_wconf 84' lang='grc' dir='ltr'>τῶν</span> <span class='ocrx_word' id='word_1_264' title='bbox 1347 757 1398 793; x_wconf 81' lang='grc' dir='ltr'><strong>μὲν</strong></span> <span class='ocrx_word' id='word_1_265' title='bbox 1410 758 1470 793; x_wconf 81' lang='grc' dir='ltr'><strong>μετ’</strong></span> <span class='ocrx_word' id='word_1_266' title='bbox 1483 756 1574 791; x_wconf 76' lang='grc' dir='ltr'><strong>ὀλίγον</strong></span> <span class='ocrx_word' id='word_1_267' title='bbox 1585 755 1677 784; x_wconf 74' lang='grc' dir='ltr'><strong>οὐκέτι</strong></span> <span class='ocrx_word' id='word_1_268' title='bbox 1689 755 1786 789; x_wconf 75' lang='grc' dir='ltr'><strong>ὅντων,</strong></span> 
     </span>
    </p>
   </div>
   <div class='ocr_carea' id='block_1_46' title="bbox 991 801 1788 839">
    <p class='ocr_par' dir='ltr' id='par_1_46' title="bbox 991 801 1788 839">
     <span class='ocr_line' id='line_1_46' title="bbox 991 801 1788 839; baseline -0.003 -10"><span class='ocrx_word' id='word_1_269' title='bbox 991 802 1030 834; x_wconf 83' lang='grc' dir='ltr'><strong>ὼς</strong></span> <span class='ocrx_word' id='word_1_270' title='bbox 1056 803 1102 830; x_wconf 73' lang='grc' dir='ltr'><strong>ἀεὶ</strong></span> <span class='ocrx_word' id='word_1_271' title='bbox 1127 803 1281 838; x_wconf 83' lang='grc' dir='ltr'><strong>μενόντων,</strong></span> <span class='ocrx_word' id='word_1_272' title='bbox 1321 803 1467 839; x_wconf 79' lang='grc' dir='ltr'><strong>ἀντιποιῇ;</strong></span> <span class='ocrx_word' id='word_1_273' title='bbox 1500 803 1643 838; x_wconf 84' lang='grc' dir='ltr'><strong>ὀλιγωρεῖς</strong></span> <span class='ocrx_word' id='word_1_274' title='bbox 1674 802 1703 829; x_wconf 81' lang='grc' dir='ltr'><strong>δὲ</strong></span> <span class='ocrx_word' id='word_1_275' title='bbox 1730 801 1788 829; x_wconf 79' lang='grc' dir='ltr'><strong>τῶν</strong></span> 
     </span>
    </p>
   </div>
   <div class='ocr_carea' id='block_1_47' title="bbox 991 847 1788 885">
    <p class='ocr_par' dir='ltr' id='par_1_47' title="bbox 991 847 1788 885">
     <span class='ocr_line' id='line_1_47' title="bbox 991 847 1788 885; baseline -0.003 -10"><span class='ocrx_word' id='word_1_276' title='bbox 991 848 1084 876; x_wconf 83' lang='grc' dir='ltr'>ἀϊδίων</span> <span class='ocrx_word' id='word_1_277' title='bbox 1095 869 1102 882; x_wconf 85' lang='grc'>,</span> <span class='ocrx_word' id='word_1_278' title='bbox 1118 849 1157 881; x_wconf 83' lang='grc' dir='ltr'><strong>ὡς</strong></span> <span class='ocrx_word' id='word_1_279' title='bbox 1173 849 1307 885; x_wconf 79' lang='grc' dir='ltr'><strong>ρεόντων;</strong></span> <span class='ocrx_word' id='word_1_280' title='bbox 1321 849 1352 876; x_wconf 83' lang='grc' dir='ltr'><strong>οὐ</strong></span> <span class='ocrx_word' id='word_1_281' title='bbox 1376 849 1470 885; x_wconf 85' lang='grc' dir='ltr'><strong>χρυσῷ</strong></span> <span class='ocrx_word' id='word_1_282' title='bbox 1490 848 1607 884; x_wconf 76' lang='grc' dir='ltr'><strong>χαλκὸν,</strong></span> <span class='ocrx_word' id='word_1_283' title='bbox 1629 847 1660 874; x_wconf 78' lang='grc' dir='ltr'><strong>τὸ</strong></span> <span class='ocrx_word' id='word_1_284' title='bbox 1676 855 1788 882; x_wconf 83' lang='grc' dir='ltr'><strong>ποιητι-</strong></span> 
     </span>
    </p>
   </div>
   <div class='ocr_carea' id='block_1_48' title="bbox 992 894 1787 931">
    <p class='ocr_par' dir='ltr' id='par_1_48' title="bbox 992 894 1787 931">
     <span class='ocr_line' id='line_1_48' title="bbox 992 894 1787 931; baseline -0.001 -10"><span class='ocrx_word' id='word_1_285' title='bbox 992 894 1052 928; x_wconf 80' lang='grc' dir='ltr'><strong>κὸν,</strong></span> <span class='ocrx_word' id='word_1_286' title='bbox 1070 894 1212 930; x_wconf 73' lang='grc' dir='ltr'><strong>ἁμείϐωνς</strong></span> <span class='ocrx_word' id='word_1_287' title='bbox 1226 896 1317 931; x_wconf 81' lang='grc' dir='ltr'><strong>Βραχὺ</strong></span> <span class='ocrx_word' id='word_1_288' title='bbox 1331 895 1386 930; x_wconf 80' lang='grc' dir='ltr'><strong>γὰρ</strong></span> <span class='ocrx_word' id='word_1_289' title='bbox 1394 895 1423 922; x_wconf 71' lang='grc' dir='ltr'><strong>τὸ</strong></span> <span class='ocrx_word' id='word_1_290' title='bbox 1435 895 1599 930; x_wconf 77' lang='grc' dir='ltr'><strong>ἁμάρτημα,</strong></span> <span class='ocrx_word' id='word_1_291' title='bbox 1615 895 1656 921; x_wconf 83' lang='grc' dir='ltr'><strong>ὃτι</strong></span> <span class='ocrx_word' id='word_1_292' title='bbox 1664 894 1787 930; x_wconf 83' lang='grc' dir='ltr'><strong>φθαρτῆς</strong></span> 
     </span>
    </p>
   </div>
   <div class='ocr_carea' id='block_1_49' title="bbox 992 940 1787 977">
    <p class='ocr_par' dir='ltr' id='par_1_49' title="bbox 992 940 1787 977">
     <span class='ocr_line' id='line_1_49' title="bbox 992 940 1787 977; baseline -0.001 -10"><span class='ocrx_word' id='word_1_293' title='bbox 992 941 1122 977; x_wconf 79' lang='grc' dir='ltr'><strong>ἑκάτερον</strong></span> <span class='ocrx_word' id='word_1_294' title='bbox 1136 941 1184 968; x_wconf 73' lang='grc' dir='ltr'><strong>καὶ</strong></span> <span class='ocrx_word' id='word_1_295' title='bbox 1198 941 1315 977; x_wconf 79' lang='grc' dir='ltr'><strong>ῥεούσης</strong></span> <span class='ocrx_word' id='word_1_296' title='bbox 1326 941 1404 976; x_wconf 79' lang='grc' dir='ltr'><strong>ὕλης,</strong></span> <span class='ocrx_word' id='word_1_297' title='bbox 1418 941 1487 969; x_wconf 77' lang='grc' dir='ltr'><strong>ἀλλὰ</strong></span> <span class='ocrx_word' id='word_1_298' title='bbox 1505 941 1610 976; x_wconf 84' lang='grc' dir='ltr'><strong>φθορὰν</strong></span> <span class='ocrx_word' id='word_1_299' title='bbox 1622 940 1787 976; x_wconf 78' lang='grc' dir='ltr'><strong>ἀφθαρσίας,</strong></span> 
     </span>
    </p>
   </div>
   <div class='ocr_carea' id='block_1_50' title="bbox 992 985 1791 1022">
    <p class='ocr_par' dir='ltr' id='par_1_50' title="bbox 992 985 1791 1022">
     <span class='ocr_line' id='line_1_50' title="bbox 992 985 1791 1022; baseline -0.001 -9"><span class='ocrx_word' id='word_1_300' title='bbox 992 985 1040 1013; x_wconf 74' lang='grc' dir='ltr'><strong>καὶ</strong></span> <span class='ocrx_word' id='word_1_301' title='bbox 1053 986 1215 1022; x_wconf 68' lang='grc' dir='ltr'><strong>φρονήτιέως¹</strong></span> <span class='ocrx_word' id='word_1_302' title='bbox 1226 987 1331 1021; x_wconf 78' lang='grc' dir='ltr'><strong>ἄνοιαν,</strong></span> <span class='ocrx_word' id='word_1_303' title='bbox 1347 987 1394 1014; x_wconf 80' lang='grc' dir='ltr'><strong>καὶ</strong></span> <span class='ocrx_word' id='word_1_304' title='bbox 1403 987 1484 1022; x_wconf 77' lang='grc' dir='ltr'><strong>δόξης</strong></span> <span class='ocrx_word' id='word_1_305' title='bbox 1495 986 1640 1022; x_wconf 73' lang='grc' dir='ltr'><strong>αἰσχύνην,</strong></span> <span class='ocrx_word' id='word_1_306' title='bbox 1653 985 1701 1013; x_wconf 72' lang='grc' dir='ltr'><strong>καὶ</strong></span> <span class='ocrx_word' id='word_1_307' title='bbox 1716 986 1791 1020; x_wconf 80' lang='grc' dir='ltr'><strong>γέεν-</strong></span> 
     </span>
    </p>
   </div>
   <div class='ocr_carea' id='block_1_51' title="bbox 994 1033 1619 1069">
    <p class='ocr_par' dir='ltr' id='par_1_51' title="bbox 994 1033 1619 1069">
     <span class='ocr_line' id='line_1_51' title="bbox 994 1033 1619 1069; baseline 0.002 -10"><span class='ocrx_word' id='word_1_308' title='bbox 994 1041 1043 1060; x_wconf 87' lang='grc' dir='ltr'><strong>ναν</strong></span> <span class='ocrx_word' id='word_1_309' title='bbox 1058 1033 1183 1069; x_wconf 84' lang='grc' dir='ltr'><strong>οὐρανῶν</strong></span> <span class='ocrx_word' id='word_1_310' title='bbox 1201 1034 1341 1069; x_wconf 80' lang='grc' dir='ltr'><strong>βασιλείας</strong></span> <span class='ocrx_word' id='word_1_311' title='bbox 1356 1033 1619 1069; x_wconf 80' lang='grc' dir='ltr'><strong>ἀνταλλασσόμενος.</strong></span> 
     </span>
    </p>
   </div>
   <div class='ocr_carea' id='block_1_52' title="bbox 1297 1156 1491 1185">
    <p class='ocr_par' dir='ltr' id='par_1_52' title="bbox 1297 1156 1491 1185">
     <span class='ocr_line' id='line_1_52' title="bbox 1297 1156 1491 1185; baseline 0 -2"><span class='ocrx_word' id='word_1_312' title='bbox 1297 1156 1409 1185; x_wconf 86' lang='grc' dir='ltr'><strong>ΕΠΙΣΤ.</strong></span> <span class='ocrx_word' id='word_1_313' title='bbox 1425 1156 1491 1184; x_wconf 78' lang='grc' dir='ltr'><strong>ΜΓ.</strong></span> 
     </span>
    </p>
   </div>
   <div class='ocr_carea' id='block_1_53' title="bbox 1006 1201 1791 1267">
    <p class='ocr_par' dir='ltr' id='par_1_53' title="bbox 1006 1201 1791 1267">
     <span class='ocr_line' id='line_1_53' title="bbox 1006 1201 1791 1267; baseline 0.004 -37"><span class='ocrx_word' id='word_1_314' title='bbox 1006 1201 1130 1238; x_wconf 72' lang='grc' dir='ltr'><strong>Ἰωάννῃ</strong></span> <span class='ocrx_word' id='word_1_315' title='bbox 1149 1203 1291 1238; x_wconf 79' lang='grc' dir='ltr'><strong>πατρικίῳ</strong></span> <span class='ocrx_word' id='word_1_316' title='bbox 1308 1204 1356 1231; x_wconf 74' lang='grc' dir='ltr'><strong>καί</strong></span> <span class='ocrx_word' id='word_1_317' title='bbox 1371 1205 1562 1267; x_wconf 50' lang='lat' dir='ltr'><strong>pani/topici)</strong></span> <span class='ocrx_word' id='word_1_318' title='bbox 1585 1205 1650 1232; x_wconf 79' lang='grc' dir='ltr'><strong>κατ’</strong></span> <span class='ocrx_word' id='word_1_319' title='bbox 1669 1205 1791 1240; x_wconf 71' lang='grc' dir='ltr'><strong>Ἄγγου-</strong></span> 
     </span>
     <span class='ocr_line' id='line_1_54' title="bbox 1349 1248 1445 1267; baseline 0 0"><span class='ocrx_word' id='word_1_320' title='bbox 1349 1248 1369 1267; x_wconf 85' lang='grc' dir='ltr'><strong>ο</strong></span> <span class='ocrx_word' id='word_1_321' title='bbox 1381 1248 1445 1267; x_wconf 74' lang='grc' dir='ltr'><strong>ουρ.</strong></span> 
     </span>
    </p>
   </div>
   <div class='ocr_carea' id='block_1_54' title="bbox 995 1248 1445 1317">
    <p class='ocr_par' dir='ltr' id='par_1_54' title="bbox 995 1248 1445 1317">
     <span class='ocr_line' id='line_1_55' title="bbox 1348 1248 1445 1275; baseline 0.01 -8"><span class='ocrx_word' id='word_1_322' title='bbox 1348 1248 1445 1275; x_wconf 84' lang='grc' dir='ltr'><strong>ριους.</strong></span> 
     </span>
     <span class='ocr_line' id='line_1_56' title="bbox 995 1282 1179 1317; baseline 0.016 -9"><span class='ocrx_word' id='word_1_323' title='bbox 995 1282 1050 1315; x_wconf 73' lang='grc' dir='ltr'><strong>ιδο,</strong></span> <span class='ocrx_word' id='word_1_324' title='bbox 1066 1291 1091 1316; x_wconf 91' lang='lat' dir='ltr'><strong>p.</strong></span> <span class='ocrx_word' id='word_1_325' title='bbox 1111 1284 1179 1317; x_wconf 73' lang='grc' dir='ltr'><strong>ιιι).</strong></span> 
     </span>
    </p>
   </div>
   <div class='ocr_carea' id='block_1_55' title="bbox 1031 1337 1792 1375">
    <p class='ocr_par' dir='ltr' id='par_1_55' title="bbox 1031 1337 1792 1375">
     <span class='ocr_line' id='line_1_57' title="bbox 1031 1337 1792 1375; baseline 0.001 -11"><span class='ocrx_word' id='word_1_326' title='bbox 1031 1337 1104 1374; x_wconf 78' lang='grc' dir='ltr'><strong>Πρὸς</strong></span> <span class='ocrx_word' id='word_1_327' title='bbox 1122 1337 1211 1371; x_wconf 83' lang='grc' dir='ltr'><strong>λύπας</strong></span> <span class='ocrx_word' id='word_1_328' title='bbox 1237 1339 1315 1375; x_wconf 78' lang='grc' dir='ltr'><strong>όρᾷν,</strong></span> <span class='ocrx_word' id='word_1_329' title='bbox 1349 1338 1438 1367; x_wconf 86' lang='grc' dir='ltr'><strong>καίτοι</strong></span> <span class='ocrx_word' id='word_1_330' title='bbox 1461 1338 1575 1371; x_wconf 82' lang='grc' dir='ltr'><strong>ἑκόντας</strong></span> <span class='ocrx_word' id='word_1_331' title='bbox 1598 1338 1693 1374; x_wconf 75' lang='grc' dir='ltr'><strong>ἐχρῆν,</strong></span> <span class='ocrx_word' id='word_1_332' title='bbox 1715 1338 1792 1373; x_wconf 76' lang='grc' dir='ltr'><strong>ὅμως</strong></span> 
     </span>
    </p>
   </div>
   <div class='ocr_carea' id='block_1_56' title="bbox 996 1383 1791 1420">
    <p class='ocr_par' dir='ltr' id='par_1_56' title="bbox 996 1383 1791 1420">
     <span class='ocr_line' id='line_1_58' title="bbox 996 1383 1791 1420; baseline 0.001 -11"><span class='ocrx_word' id='word_1_333' title='bbox 996 1383 1043 1410; x_wconf 73' lang='grc' dir='ltr'><strong>καὶ</strong></span> <span class='ocrx_word' id='word_1_334' title='bbox 1056 1383 1173 1416; x_wconf 78' lang='grc' dir='ltr'><strong>ἄκοντας</strong></span> <span class='ocrx_word' id='word_1_335' title='bbox 1188 1383 1337 1418; x_wconf 76' lang='grc' dir='ltr'><strong>ὲδιδάξατε.</strong></span> <span class='ocrx_word' id='word_1_336' title='bbox 1357 1384 1391 1411; x_wconf 90' lang='grc' dir='ltr'><strong>Τί</strong></span> <span class='ocrx_word' id='word_1_337' title='bbox 1404 1383 1436 1420; x_wconf 87' lang='grc' dir='ltr'><strong>δὴ</strong></span> <span class='ocrx_word' id='word_1_338' title='bbox 1452 1383 1499 1419; x_wconf 67' lang='grc' dir='ltr'><strong>νίξν</strong></span> <span class='ocrx_word' id='word_1_339' title='bbox 1521 1385 1586 1420; x_wconf 81' lang='grc' dir='ltr'><strong>ὑμῖν</strong></span> <span class='ocrx_word' id='word_1_340' title='bbox 1603 1383 1681 1411; x_wconf 73' lang='grc' dir='ltr'><strong>ἔσται</strong></span> <span class='ocrx_word' id='word_1_341' title='bbox 1697 1383 1791 1417; x_wconf 77' lang='grc' dir='ltr'><strong>πλέον,</strong></span> 
     </span>
    </p>
   </div>
   <div class='ocr_carea' id='block_1_57' title="bbox 996 1429 1793 1466">
    <p class='ocr_par' dir='ltr' id='par_1_57' title="bbox 996 1429 1793 1466">
     <span class='ocr_line' id='line_1_59' title="bbox 996 1429 1793 1466; baseline 0.001 -11"><span class='ocrx_word' id='word_1_342' title='bbox 996 1429 1066 1464; x_wconf 86' lang='grc' dir='ltr'><strong>πλὴν</strong></span> <span class='ocrx_word' id='word_1_343' title='bbox 1088 1429 1137 1455; x_wconf 82' lang='grc' dir='ltr'><strong>τοῦ</strong></span> <span class='ocrx_word' id='word_1_344' title='bbox 1154 1430 1256 1462; x_wconf 78' lang='grc' dir='ltr'><strong>κακοὺς</strong></span> <span class='ocrx_word' id='word_1_345' title='bbox 1273 1429 1417 1466; x_wconf 76' lang='grc' dir='ltr'><strong>κρίνεσθαι</strong></span> <span class='ocrx_word' id='word_1_346' title='bbox 1432 1430 1485 1457; x_wconf 76' lang='grc' dir='ltr'><strong>ὑπὸ</strong></span> <span class='ocrx_word' id='word_1_347' title='bbox 1512 1430 1633 1465; x_wconf 80' lang='grc' dir='ltr'><strong>μάρτυσι</strong></span> <span class='ocrx_word' id='word_1_348' title='bbox 1650 1431 1706 1460; x_wconf 82' lang='grc' dir='ltr'><strong>τοῖς</strong></span> <span class='ocrx_word' id='word_1_349' title='bbox 1720 1430 1793 1457; x_wconf 80' lang='grc' dir='ltr'><strong>πάν-</strong></span> 
     </span>
    </p>
   </div>
   <div class='ocr_carea' id='block_1_58' title="bbox 996 1475 1792 1511">
    <p class='ocr_par' dir='ltr' id='par_1_58' title="bbox 996 1475 1792 1511">
     <span class='ocr_line' id='line_1_60' title="bbox 996 1475 1792 1511; baseline 0 -9"><span class='ocrx_word' id='word_1_350' title='bbox 996 1485 1051 1503; x_wconf 78' lang='grc' dir='ltr'><strong>των</strong></span> <span class='ocrx_word' id='word_1_351' title='bbox 1077 1476 1246 1511; x_wconf 82' lang='grc' dir='ltr'><strong>ὀφθαλμοῖς,</strong></span> <span class='ocrx_word' id='word_1_352' title='bbox 1267 1476 1379 1503; x_wconf 80' lang='grc' dir='ltr'><strong>πλείονα</strong></span> <span class='ocrx_word' id='word_1_353' title='bbox 1405 1475 1546 1503; x_wconf 72' lang='grc' dir='ltr'><strong>ἐπινοοῦσι</strong></span> <span class='ocrx_word' id='word_1_354' title='bbox 1568 1475 1604 1503; x_wconf 83' lang='grc' dir='ltr'><strong>τὰ</strong></span> <span class='ocrx_word' id='word_1_355' title='bbox 1630 1475 1692 1503; x_wconf 84' lang='grc' dir='ltr'><strong>καθ’</strong></span> <span class='ocrx_word' id='word_1_356' title='bbox 1713 1475 1792 1511; x_wconf 58' lang='grc' dir='ltr'><strong>ἡμῶν</strong></span> 
     </span>
    </p>
   </div>
   <div class='ocr_carea' id='block_1_59' title="bbox 997 1520 1796 1558">
    <p class='ocr_par' dir='ltr' id='par_1_59' title="bbox 997 1520 1796 1558">
     <span class='ocr_line' id='line_1_61' title="bbox 997 1520 1796 1558; baseline -0.003 -9"><span class='ocrx_word' id='word_1_357' title='bbox 997 1522 1117 1558; x_wconf 78' lang='grc' dir='ltr'><strong>λυπηρὰ,</strong></span> <span class='ocrx_word' id='word_1_358' title='bbox 1140 1522 1185 1549; x_wconf 78' lang='grc' dir='ltr'><strong>ὅτε</strong></span> <span class='ocrx_word' id='word_1_359' title='bbox 1206 1521 1249 1549; x_wconf 85' lang='grc' dir='ltr'><strong>διὰ</strong></span> <span class='ocrx_word' id='word_1_360' title='bbox 1271 1522 1322 1557; x_wconf 81' lang='grc' dir='ltr'><strong>τῆς</strong></span> <span class='ocrx_word' id='word_1_361' title='bbox 1347 1521 1536 1557; x_wconf 75' lang='grc' dir='ltr'><strong>καθημερινῆς</strong></span> <span class='ocrx_word' id='word_1_362' title='bbox 1560 1521 1715 1557; x_wconf 80' lang='grc' dir='ltr'><strong>γυμνασίας</strong></span> <span class='ocrx_word' id='word_1_363' title='bbox 1744 1520 1796 1548; x_wconf 75' lang='grc' dir='ltr'><strong>καὶ</strong></span> 
     </span>
    </p>
   </div>
   <div class='ocr_carea' id='block_1_60' title="bbox 993 1567 1596 1604">
    <p class='ocr_par' dir='ltr' id='par_1_60' title="bbox 993 1567 1596 1604">
     <span class='ocr_line' id='line_1_62' title="bbox 993 1567 1596 1604; baseline 0 -9"><span class='ocrx_word' id='word_1_364' title='bbox 993 1568 1170 1604; x_wconf 81' lang='grc' dir='ltr'><strong>ὰλυπώτερον</strong></span> <span class='ocrx_word' id='word_1_365' title='bbox 1185 1568 1255 1595; x_wconf 82' lang='grc' dir='ltr'><strong>αὐτὰ</strong></span> <span class='ocrx_word' id='word_1_366' title='bbox 1269 1568 1363 1604; x_wconf 78' lang='grc' dir='ltr'><strong>φέρειν</strong></span> <span class='ocrx_word' id='word_1_367' title='bbox 1374 1567 1596 1604; x_wconf 84' lang='grc' dir='ltr'><strong>ὲπαιδεύθημεν;</strong></span> 
     </span>
    </p>
   </div>
   <div class='ocr_carea' id='block_1_61' title="bbox 1293 1613 1486 1641">
    <p class='ocr_par' dir='ltr' id='par_1_61' title="bbox 1293 1613 1486 1641">
     <span class='ocr_line' id='line_1_63' title="bbox 1293 1613 1486 1641; baseline -0.005 -1"><span class='ocrx_word' id='word_1_368' title='bbox 1293 1613 1404 1641; x_wconf 78' lang='grc' dir='ltr'><strong>ΕΠΙΣΤ.</strong></span> <span class='ocrx_word' id='word_1_369' title='bbox 1421 1614 1486 1641; x_wconf 90' lang='grc' dir='ltr'><strong>ΜΔ¹.</strong></span> 
     </span>
    </p>
   </div>
   <div class='ocr_carea' id='block_1_62' title="bbox 1164 1658 1600 1696">
    <p class='ocr_par' dir='ltr' id='par_1_62' title="bbox 1164 1658 1600 1696">
     <span class='ocr_line' id='line_1_64' title="bbox 1164 1658 1600 1696; baseline -0.002 -7"><span class='ocrx_word' id='word_1_370' title='bbox 1164 1661 1299 1696; x_wconf 72' lang='lat' dir='ltr'><strong>Tapuo’lq)</strong></span> <span class='ocrx_word' id='word_1_371' title='bbox 1313 1660 1456 1694; x_wconf 78' lang='grc' dir='ltr'><strong>πατρικίῳ</strong></span> <span class='ocrx_word' id='word_1_372' title='bbox 1472 1658 1600 1695; x_wconf 72' lang='grc' dir='ltr'><strong>ἀδελφῷ.</strong></span> 
     </span>
    </p>
   </div>
   <div class='ocr_carea' id='block_1_63' title="bbox 771 1718 1177 1754">
    <p class='ocr_par' dir='ltr' id='par_1_63' title="bbox 771 1718 1177 1754">
     <span class='ocr_line' id='line_1_65' title="bbox 771 1718 1177 1754; baseline -0.002 -10"><span class='ocrx_word' id='word_1_373' title='bbox 771 1718 904 1746; x_wconf 62' lang='lat' dir='ltr'><strong>Montacut,</strong></span> <span class='ocrx_word' id='word_1_374' title='bbox 923 1721 975 1754; x_wconf 89' lang='lat' dir='ltr'><strong>(ep.</strong></span> <span class='ocrx_word' id='word_1_375' title='bbox 992 1721 1049 1752; x_wconf 75' lang='lat'><strong>151,</strong></span> <span class='ocrx_word' id='word_1_376' title='bbox 1066 1727 1098 1752; x_wconf 26' lang='lat' dir='ltr'><strong>p.‘</strong></span> <span class='ocrx_word' id='word_1_377' title='bbox 1110 1718 1177 1750; x_wconf 83' lang='grc'><strong>171).</strong></span> 
     </span>
    </p>
   </div>
   <div class='ocr_carea' id='block_1_64' title="bbox 189 1771 947 1810">
    <p class='ocr_par' dir='ltr' id='par_1_64' title="bbox 189 1771 947 1810">
     <span class='ocr_line' id='line_1_66' title="bbox 189 1771 947 1810; baseline 0.008 -12"><span class='ocrx_word' id='word_1_378' title='bbox 189 1771 341 1799; x_wconf 82' lang='lat' dir='ltr'><strong>Defunctus</strong></span> <span class='ocrx_word' id='word_1_379' title='bbox 362 1776 404 1800; x_wconf 87' lang='lat' dir='ltr'><strong>est</strong></span> <span class='ocrx_word' id='word_1_380' title='bbox 428 1772 507 1800; x_wconf 89' lang='lat' dir='ltr'><strong>nobis</strong></span> <span class='ocrx_word' id='word_1_381' title='bbox 531 1773 683 1801; x_wconf 87' lang='lat' dir='ltr'><strong>secundum</strong></span> <span class='ocrx_word' id='word_1_382' title='bbox 708 1781 808 1810; x_wconf 91' lang='lat' dir='ltr'><strong>corpus</strong></span> <span class='ocrx_word' id='word_1_383' title='bbox 828 1775 947 1810; x_wconf 89' lang='lat' dir='ltr'><strong>amicus,</strong></span> 
     </span>
    </p>
   </div>
   <div class='ocr_carea' id='block_1_65' title="bbox 154 1816 949 1854">
    <p class='ocr_par' dir='ltr' id='par_1_65' title="bbox 154 1816 949 1854">
     <span class='ocr_line' id='line_1_67' title="bbox 154 1816 949 1854; baseline 0.006 -11"><span class='ocrx_word' id='word_1_384' title='bbox 154 1817 201 1844; x_wconf 86' lang='lat' dir='ltr'><strong>sed</strong></span> <span class='ocrx_word' id='word_1_385' title='bbox 217 1824 267 1844; x_wconf 90' lang='lat' dir='ltr'><strong>nec</strong></span> <span class='ocrx_word' id='word_1_386' title='bbox 282 1816 341 1852; x_wconf 88' lang='lat' dir='ltr'><strong>ipse</strong></span> <span class='ocrx_word' id='word_1_387' title='bbox 356 1820 385 1844; x_wconf 86' lang='lat' dir='ltr'><strong>tu</strong></span> <span class='ocrx_word' id='word_1_388' title='bbox 400 1816 506 1845; x_wconf 82' lang='lat' dir='ltr'><strong>inﬁcias</strong></span> <span class='ocrx_word' id='word_1_389' title='bbox 529 1817 611 1845; x_wconf 89' lang='lat' dir='ltr'><strong>iveris</strong></span> <span class='ocrx_word' id='word_1_390' title='bbox 628 1818 693 1852; x_wconf 84' lang='lat' dir='ltr'><strong>quin</strong></span> <span class='ocrx_word' id='word_1_391' title='bbox 710 1819 822 1854; x_wconf 89' lang='lat' dir='ltr'><strong>reliquit</strong></span> <span class='ocrx_word' id='word_1_392' title='bbox 841 1821 949 1848; x_wconf 90' lang='lat' dir='ltr'><strong>colum-</strong></span> 
     </span>
    </p>
   </div>
   <div class='ocr_carea' id='block_1_66' title="bbox 153 1862 949 1899">
    <p class='ocr_par' dir='ltr' id='par_1_66' title="bbox 153 1862 949 1899">
     <span class='ocr_line' id='line_1_68' title="bbox 153 1862 949 1899; baseline 0.008 -11"><span class='ocrx_word' id='word_1_393' title='bbox 153 1869 217 1888; x_wconf 87' lang='lat' dir='ltr'><strong>nam</strong></span> <span class='ocrx_word' id='word_1_394' title='bbox 233 1862 366 1890; x_wconf 66' lang='lat' dir='ltr'><strong>universaz</strong></span> <span class='ocrx_word' id='word_1_395' title='bbox 378 1870 434 1891; x_wconf 70' lang='lat' dir='ltr'><strong>sua:</strong></span> <span class='ocrx_word' id='word_1_396' title='bbox 450 1863 510 1891; x_wconf 62' lang='lat' dir='ltr'><strong>vita</strong></span> <span class='ocrx_word' id='word_1_397' title='bbox 524 1864 653 1891; x_wconf 78' lang='lat' dir='ltr'><strong>virtutem</strong></span> <span class='ocrx_word' id='word_1_398' title='bbox 672 1873 679 1891; x_wconf 95' lang='lat'>:</span> <span class='ocrx_word' id='word_1_399' title='bbox 693 1865 821 1899; x_wconf 83' lang='lat' dir='ltr'><strong>quocirca</strong></span> <span class='ocrx_word' id='word_1_400' title='bbox 839 1866 949 1894; x_wconf 85' lang='lat' dir='ltr'><strong>beatum</strong></span> 
     </span>
    </p>
   </div>
   <div class='ocr_carea' id='block_1_67' title="bbox 156 1908 952 1947">
    <p class='ocr_par' dir='ltr' id='par_1_67' title="bbox 156 1908 952 1947">
     <span class='ocr_line' id='line_1_69' title="bbox 156 1908 952 1947; baseline 0.009 -13"><span class='ocrx_word' id='word_1_401' title='bbox 156 1908 368 1942; x_wconf 72' lang='lat' dir='ltr'><strong>prmdieabimus</strong></span> <span class='ocrx_word' id='word_1_402' title='bbox 381 1917 456 1944; x_wconf 88' lang='lat' dir='ltr'><strong>eum,</strong></span> <span class='ocrx_word' id='word_1_403' title='bbox 468 1914 496 1938; x_wconf 91' lang='lat' dir='ltr'><strong>et</strong></span> <span class='ocrx_word' id='word_1_404' title='bbox 514 1914 580 1938; x_wconf 92' lang='lat' dir='ltr'><strong>tunc</strong></span> <span class='ocrx_word' id='word_1_405' title='bbox 597 1918 749 1946; x_wconf 86' lang='lat' dir='ltr'><strong>quemnam</strong></span> <span class='ocrx_word' id='word_1_406' title='bbox 761 1919 812 1947; x_wconf 90' lang='lat' dir='ltr'><strong>pro</strong></span> <span class='ocrx_word' id='word_1_407' title='bbox 826 1912 872 1940; x_wconf 92' lang='lat' dir='ltr'><strong>illo</strong></span> <span class='ocrx_word' id='word_1_408' title='bbox 897 1913 952 1941; x_wconf 82' lang='lat' dir='ltr'><strong>les-</strong></span> 
     </span>
    </p>
   </div>
   <div class='ocr_carea' id='block_1_68' title="bbox 154 1954 433 1983">
    <p class='ocr_par' dir='ltr' id='par_1_68' title="bbox 154 1954 433 1983">
     <span class='ocr_line' id='line_1_70' title="bbox 154 1954 433 1983; baseline 0.014 -4"><span class='ocrx_word' id='word_1_409' title='bbox 154 1960 215 1980; x_wconf 85' lang='lat' dir='ltr'><strong>sum</strong></span> <span class='ocrx_word' id='word_1_410' title='bbox 229 1954 433 1983; x_wconf 84' lang='lat' dir='ltr'><strong>meditabimur.</strong></span> 
     </span>
    </p>
   </div>
   <div class='ocr_carea' id='block_1_69' title="bbox 454 2000 663 2028">
    <p class='ocr_par' dir='ltr' id='par_1_69' title="bbox 454 2000 663 2028">
     <span class='ocr_line' id='line_1_71' title="bbox 454 2000 663 2028; baseline 0.005 -1"><span class='ocrx_word' id='word_1_411' title='bbox 454 2000 562 2028; x_wconf 84' lang='lat' dir='ltr'><strong>EPIST.</strong></span> <span class='ocrx_word' id='word_1_412' title='bbox 582 2000 663 2028; x_wconf 73' lang='lat' dir='ltr'><strong>XLV.</strong></span> 
     </span>
    </p>
   </div>
   <div class='ocr_carea' id='block_1_70' title="bbox 432 2047 689 2083">
    <p class='ocr_par' dir='ltr' id='par_1_70' title="bbox 432 2047 689 2083">
     <span class='ocr_line' id='line_1_72' title="bbox 432 2047 689 2083; baseline 0.008 -9"><span class='ocrx_word' id='word_1_413' title='bbox 432 2047 549 2075; x_wconf 78' lang='lat' dir='ltr'><strong>Manuelt&#39;</strong></span> <span class='ocrx_word' id='word_1_414' title='bbox 565 2048 689 2083; x_wconf 78' lang='lat' dir='ltr'><strong>patricio.</strong></span> 
     </span>
    </p>
   </div>
   <div class='ocr_carea' id='block_1_71' title="bbox 776 2106 984 2140">
    <p class='ocr_par' dir='ltr' id='par_1_71' title="bbox 776 2106 984 2140">
     <span class='ocr_line' id='line_1_73' title="bbox 776 2106 984 2140; baseline 0.01 -9"><span class='ocrx_word' id='word_1_415' title='bbox 776 2106 911 2133; x_wconf 79' lang='lat' dir='ltr'><strong>Montacut.</strong></span> <span class='ocrx_word' id='word_1_416' title='bbox 930 2107 984 2140; x_wconf 80' lang='lat' dir='ltr'><strong>(op.</strong></span> 
     </span>
    </p>
   </div>
   <div class='ocr_carea' id='block_1_72' title="bbox 192 2157 992 2198">
    <p class='ocr_par' dir='ltr' id='par_1_72' title="bbox 192 2157 992 2198">
     <span class='ocr_line' id='line_1_74' title="bbox 192 2157 992 2198; baseline 0.008 -12"><span class='ocrx_word' id='word_1_417' title='bbox 192 2157 326 2186; x_wconf 85' lang='lat' dir='ltr'><strong>Fortassis</strong></span> <span class='ocrx_word' id='word_1_418' title='bbox 365 2157 399 2185; x_wconf 87' lang='lat' dir='ltr'><strong>ob</strong></span> <span class='ocrx_word' id='word_1_419' title='bbox 445 2165 477 2185; x_wconf 88' lang='lat' dir='ltr'><strong>ea</strong></span> <span class='ocrx_word' id='word_1_420' title='bbox 505 2158 685 2187; x_wconf 76' lang='lat' dir='ltr'><strong>conﬁdentior</strong></span> <span class='ocrx_word' id='word_1_421' title='bbox 717 2161 827 2189; x_wconf 79' lang='lat' dir='ltr'><strong>cxsistis</strong></span> <span class='ocrx_word' id='word_1_422' title='bbox 844 2182 852 2195; x_wconf 85' lang='lat'><strong>,</strong></span> <span class='ocrx_word' id='word_1_423' title='bbox 890 2170 950 2198; x_wconf 70' lang='lat' dir='ltr'><strong>quat</strong></span> <span class='ocrx_word' id='word_1_424' title='bbox 970 2165 992 2192; x_wconf 86' lang='lat' dir='ltr'><strong>D</strong></span> 
     </span>
    </p>
   </div>
   <div class='ocr_carea' id='block_1_73' title="bbox 155 2203 954 2242">
    <p class='ocr_par' dir='ltr' id='par_1_73' title="bbox 155 2203 954 2242">
     <span class='ocr_line' id='line_1_75' title="bbox 155 2203 954 2242; baseline 0.005 -11"><span class='ocrx_word' id='word_1_425' title='bbox 155 2211 171 2231; x_wconf 83' lang='lat' dir='ltr'><strong>a</strong></span> <span class='ocrx_word' id='word_1_426' title='bbox 199 2211 243 2230; x_wconf 87' lang='lat' dir='ltr'><strong>me</strong></span> <span class='ocrx_word' id='word_1_427' title='bbox 261 2222 270 2236; x_wconf 90' lang='lat'><strong>,</strong></span> <span class='ocrx_word' id='word_1_428' title='bbox 297 2211 359 2230; x_wconf 91' lang='lat' dir='ltr'><strong>cum</strong></span> <span class='ocrx_word' id='word_1_429' title='bbox 387 2203 530 2238; x_wconf 87' lang='lat' dir='ltr'><strong>splendide</strong></span> <span class='ocrx_word' id='word_1_430' title='bbox 563 2204 590 2232; x_wconf 94' lang='lat' dir='ltr'><strong>in</strong></span> <span class='ocrx_word' id='word_1_431' title='bbox 621 2209 667 2233; x_wconf 91' lang='lat' dir='ltr'><strong>tuo</strong></span> <span class='ocrx_word' id='word_1_432' title='bbox 706 2205 814 2234; x_wconf 85' lang='lat' dir='ltr'><strong>theatro</strong></span> <span class='ocrx_word' id='word_1_433' title='bbox 843 2207 954 2242; x_wconf 87' lang='lat' dir='ltr'><strong>conspi-</strong></span> 
     </span>
    </p>
   </div>
   <div class='ocr_carea' id='block_1_74' title="bbox 156 2249 944 2288">
    <p class='ocr_par' dir='ltr' id='par_1_74' title="bbox 156 2249 944 2288">
     <span class='ocr_line' id='line_1_76' title="bbox 156 2249 944 2288; baseline 0.005 -11"><span class='ocrx_word' id='word_1_434' title='bbox 156 2256 251 2281; x_wconf 81' lang='lat' dir='ltr'><strong>curer.</strong></span> <span class='ocrx_word' id='word_1_435' title='bbox 282 2249 444 2276; x_wconf 85' lang='lat' dir='ltr'><strong>dicebantur</strong></span> <span class='ocrx_word' id='word_1_436' title='bbox 459 2259 465 2277; x_wconf 93' lang='lat'><strong>:</strong></span> <span class='ocrx_word' id='word_1_437' title='bbox 488 2250 600 2278; x_wconf 82' lang='lat' dir='ltr'><strong>Domine</strong></span> <span class='ocrx_word' id='word_1_438' title='bbox 615 2271 622 2284; x_wconf 85' lang='lat'><strong>,</strong></span> <span class='ocrx_word' id='word_1_439' title='bbox 642 2251 773 2279; x_wconf 89' lang='lat' dir='ltr'><strong>nimirum</strong></span> <span class='ocrx_word' id='word_1_440' title='bbox 789 2260 821 2280; x_wconf 78' lang='lat' dir='ltr'><strong>ne</strong></span> <span class='ocrx_word' id='word_1_441' title='bbox 833 2253 944 2288; x_wconf 72' lang='lat' dir='ltr'><strong>imputes</strong></span> 
     </span>
    </p>
   </div>
   <div class='ocr_carea' id='block_1_75' title="bbox 156 2295 956 2333">
    <p class='ocr_par' dir='ltr' id='par_1_75' title="bbox 156 2295 956 2333">
     <span class='ocr_line' id='line_1_77' title="bbox 156 2295 956 2333; baseline 0.008 -12"><span class='ocrx_word' id='word_1_442' title='bbox 156 2295 192 2322; x_wconf 78' lang='lat' dir='ltr'><strong>eis</strong></span> <span class='ocrx_word' id='word_1_443' title='bbox 214 2298 261 2322; x_wconf 79' lang='lat' dir='ltr'><strong>hoc</strong></span> <span class='ocrx_word' id='word_1_444' title='bbox 284 2300 430 2329; x_wconf 75' lang='lat' dir='ltr'><strong>peccatum,</strong></span> <span class='ocrx_word' id='word_1_445' title='bbox 446 2296 561 2323; x_wconf 74' lang='lat' dir='ltr'><strong>nesciunt</strong></span> <span class='ocrx_word' id='word_1_446' title='bbox 576 2296 645 2324; x_wconf 77' lang='lat' dir='ltr'><strong>enim</strong></span> <span class='ocrx_word' id='word_1_447' title='bbox 665 2298 728 2332; x_wconf 78' lang='lat' dir='ltr'><strong>quid</strong></span> <span class='ocrx_word' id='word_1_448' title='bbox 741 2298 841 2333; x_wconf 77' lang='lat' dir='ltr'><strong>faciunt</strong></span> <span class='ocrx_word' id='word_1_449' title='bbox 857 2300 891 2326; x_wconf 87' lang='grc'><strong>¹¹.</strong></span> <span class='ocrx_word' id='word_1_450' title='bbox 907 2299 956 2327; x_wconf 87' lang='lat' dir='ltr'><strong>At-</strong></span> 
     </span>
    </p>
   </div>
   <div class='ocr_carea' id='block_1_76' title="bbox 156 2341 956 2380">
    <p class='ocr_par' dir='ltr' id='par_1_76' title="bbox 156 2341 956 2380">
     <span class='ocr_line' id='line_1_78' title="bbox 156 2341 956 2380; baseline 0.005 -12"><span class='ocrx_word' id='word_1_451' title='bbox 156 2348 210 2376; x_wconf 87' lang='lat' dir='ltr'><strong>que</strong></span> <span class='ocrx_word' id='word_1_452' title='bbox 235 2341 303 2369; x_wconf 84' lang='lat' dir='ltr'><strong>adeo</strong></span> <span class='ocrx_word' id='word_1_453' title='bbox 326 2341 407 2369; x_wconf 84' lang='lat' dir='ltr'><strong>ﬂatus</strong></span> <span class='ocrx_word' id='word_1_454' title='bbox 430 2348 492 2369; x_wconf 88' lang='lat' dir='ltr'><strong>tuos</strong></span> <span class='ocrx_word' id='word_1_455' title='bbox 526 2348 622 2370; x_wconf 83' lang='lat' dir='ltr'><strong>contra</strong></span> <span class='ocrx_word' id='word_1_456' title='bbox 637 2351 681 2371; x_wconf 88' lang='lat' dir='ltr'><strong>me</strong></span> <span class='ocrx_word' id='word_1_457' title='bbox 705 2351 760 2371; x_wconf 93' lang='lat' dir='ltr'><strong>non</strong></span> <span class='ocrx_word' id='word_1_458' title='bbox 780 2351 881 2372; x_wconf 69' lang='lat' dir='ltr'><strong>cessas.</strong></span> <span class='ocrx_word' id='word_1_459' title='bbox 899 2344 956 2380; x_wconf 76' lang='lat' dir='ltr'><strong>Ego</strong></span> 
     </span>
    </p>
   </div>
   <div class='ocr_carea' id='block_1_77' title="bbox 158 2389 955 2426">
    <p class='ocr_par' dir='ltr' id='par_1_77' title="bbox 158 2389 955 2426">
     <span class='ocr_line' id='line_1_79' title="bbox 158 2389 955 2426; baseline 0.005 -12"><span class='ocrx_word' id='word_1_460' title='bbox 158 2391 262 2420; x_wconf 88' lang='lat' dir='ltr'><strong>autem,</strong></span> <span class='ocrx_word' id='word_1_461' title='bbox 281 2392 363 2422; x_wconf 89' lang='lat' dir='ltr'><strong>prout</strong></span> <span class='ocrx_word' id='word_1_462' title='bbox 390 2392 456 2415; x_wconf 89' lang='lat' dir='ltr'><strong>tunc</strong></span> <span class='ocrx_word' id='word_1_463' title='bbox 483 2389 615 2424; x_wconf 89' lang='lat' dir='ltr'><strong>temporis</strong></span> <span class='ocrx_word' id='word_1_464' title='bbox 631 2389 739 2417; x_wconf 89' lang='lat' dir='ltr'><strong>beatam</strong></span> <span class='ocrx_word' id='word_1_465' title='bbox 755 2389 828 2417; x_wconf 89' lang='lat' dir='ltr'><strong>illam</strong></span> <span class='ocrx_word' id='word_1_466' title='bbox 846 2397 955 2426; x_wconf 87' lang='lat' dir='ltr'><strong>precem</strong></span> 
     </span>
    </p>
   </div>
   <div class='ocr_carea' id='block_1_78' title="bbox 156 2433 951 2471">
    <p class='ocr_par' dir='ltr' id='par_1_78' title="bbox 156 2433 951 2471">
     <span class='ocr_line' id='line_1_80' title="bbox 156 2433 951 2471; baseline 0.004 -11"><span class='ocrx_word' id='word_1_467' title='bbox 156 2433 279 2469; x_wconf 81' lang='lat' dir='ltr'><strong>proferre</strong></span> <span class='ocrx_word' id='word_1_468' title='bbox 304 2434 401 2469; x_wconf 71' lang='lat' dir='ltr'><strong>dignus</strong></span> <span class='ocrx_word' id='word_1_469' title='bbox 422 2434 530 2462; x_wconf 79' lang='lat' dir='ltr'><strong>habitus</strong></span> <span class='ocrx_word' id='word_1_470' title='bbox 550 2435 599 2468; x_wconf 81' lang='lat' dir='ltr'><strong>fui,</strong></span> <span class='ocrx_word' id='word_1_471' title='bbox 632 2435 668 2462; x_wconf 82' lang='lat' dir='ltr'><strong>ita</strong></span> <span class='ocrx_word' id='word_1_472' title='bbox 691 2440 718 2462; x_wconf 87' lang='lat' dir='ltr'><strong>et</strong></span> <span class='ocrx_word' id='word_1_473' title='bbox 744 2435 867 2471; x_wconf 82' lang='lat' dir='ltr'><strong>adusque</strong></span> <span class='ocrx_word' id='word_1_474' title='bbox 878 2435 951 2463; x_wconf 90' lang='lat' dir='ltr'><strong>idem</strong></span> 
     </span>
    </p>
   </div>
   <div class='ocr_carea' id='block_1_79' title="bbox 158 2480 957 2515">
    <p class='ocr_par' dir='ltr' id='par_1_79' title="bbox 158 2480 957 2515">
     <span class='ocr_line' id='line_1_81' title="bbox 158 2480 957 2515; baseline 0.003 -8"><span class='ocrx_word' id='word_1_475' title='bbox 158 2485 253 2507; x_wconf 85' lang='lat' dir='ltr'><strong>votum</strong></span> <span class='ocrx_word' id='word_1_476' title='bbox 282 2480 378 2507; x_wconf 89' lang='lat' dir='ltr'><strong>emitto</strong></span> <span class='ocrx_word' id='word_1_477' title='bbox 390 2480 450 2508; x_wconf 87' lang='lat' dir='ltr'><strong>sine</strong></span> <span class='ocrx_word' id='word_1_478' title='bbox 463 2480 676 2508; x_wconf 83' lang='lat' dir='ltr'><strong>intermissione.</strong></span> <span class='ocrx_word' id='word_1_479' title='bbox 709 2480 785 2508; x_wconf 92' lang='lat' dir='ltr'><strong>Scias</strong></span> <span class='ocrx_word' id='word_1_480' title='bbox 810 2485 913 2515; x_wconf 86' lang='lat' dir='ltr'><strong>autem,</strong></span> <span class='ocrx_word' id='word_1_481' title='bbox 939 2488 957 2508; x_wconf 87' lang='grc' dir='ltr'><strong>ο</strong></span> 
     </span>
    </p>
   </div>
   <div class='ocr_carea' id='block_1_80' title="bbox 158 2526 956 2562">
    <p class='ocr_par' dir='ltr' id='par_1_80' title="bbox 158 2526 956 2562">
     <span class='ocr_line' id='line_1_82' title="bbox 158 2526 956 2562; baseline 0.003 -9"><span class='ocrx_word' id='word_1_482' title='bbox 158 2526 243 2558; x_wconf 53' lang='lat' dir='ltr'><strong>bone,‘</strong></span> <span class='ocrx_word' id='word_1_483' title='bbox 251 2526 323 2561; x_wconf 89' lang='lat' dir='ltr'><strong>quod</strong></span> <span class='ocrx_word' id='word_1_484' title='bbox 342 2526 582 2561; x_wconf 87' lang='lat' dir='ltr'><strong>quemadmodum,</strong></span> <span class='ocrx_word' id='word_1_485' title='bbox 597 2531 628 2554; x_wconf 93' lang='lat' dir='ltr'><strong>ut</strong></span> <span class='ocrx_word' id='word_1_486' title='bbox 662 2533 712 2562; x_wconf 81' lang='lat' dir='ltr'><strong>ego</strong></span> <span class='ocrx_word' id='word_1_487' title='bbox 727 2527 852 2555; x_wconf 86' lang='lat' dir='ltr'><strong>mihimet</strong></span> <span class='ocrx_word' id='word_1_488' title='bbox 869 2527 956 2562; x_wconf 82' lang='lat' dir='ltr'><strong>legem</strong></span> 
     </span>
    </p>
   </div>
   <div class='ocr_carea' id='block_1_81' title="bbox 158 2572 956 2607">
    <p class='ocr_par' dir='ltr' id='par_1_81' title="bbox 158 2572 956 2607">
     <span class='ocr_line' id='line_1_83' title="bbox 158 2572 956 2607; baseline 0.003 -9"><span class='ocrx_word' id='word_1_489' title='bbox 158 2572 322 2607; x_wconf 57' lang='lat' dir='ltr'><strong>praescripsi,</strong></span> <span class='ocrx_word' id='word_1_490' title='bbox 347 2572 447 2600; x_wconf 85' lang='lat' dir='ltr'><strong>talibus</strong></span> <span class='ocrx_word' id='word_1_491' title='bbox 462 2580 638 2600; x_wconf 86' lang='lat' dir='ltr'><strong>remunerare</strong></span> <span class='ocrx_word' id='word_1_492' title='bbox 651 2573 854 2601; x_wconf 86' lang='lat' dir='ltr'><strong>conviciatores</strong></span> <span class='ocrx_word' id='word_1_493' title='bbox 867 2580 956 2606; x_wconf 90' lang='lat' dir='ltr'><strong>meos;</strong></span> 
     </span>
    </p>
   </div>
   <div class='ocr_carea' id='block_1_82' title="bbox 160 2617 958 2653">
    <p class='ocr_par' dir='ltr' id='par_1_82' title="bbox 160 2617 958 2653">
     <span class='ocr_line' id='line_1_84' title="bbox 160 2617 958 2653; baseline 0.001 -8"><span class='ocrx_word' id='word_1_494' title='bbox 160 2617 196 2645; x_wconf 86' lang='lat' dir='ltr'><strong>ita</strong></span> <span class='ocrx_word' id='word_1_495' title='bbox 219 2621 246 2644; x_wconf 90' lang='lat' dir='ltr'><strong>ct</strong></span> <span class='ocrx_word' id='word_1_496' title='bbox 267 2621 295 2644; x_wconf 88' lang='lat' dir='ltr'><strong>tu</strong></span> <span class='ocrx_word' id='word_1_497' title='bbox 321 2624 433 2652; x_wconf 90' lang='lat' dir='ltr'><strong>quoque</strong></span> <span class='ocrx_word' id='word_1_498' title='bbox 451 2617 566 2651; x_wconf 87' lang='lat' dir='ltr'><strong>teneris,</strong></span> <span class='ocrx_word' id='word_1_499' title='bbox 587 2624 650 2644; x_wconf 91' lang='lat' dir='ltr'><strong>cum</strong></span> <span class='ocrx_word' id='word_1_500' title='bbox 669 2617 753 2646; x_wconf 89' lang='lat' dir='ltr'><strong>homo</strong></span> <span class='ocrx_word' id='word_1_501' title='bbox 769 2617 807 2645; x_wconf 87' lang='lat' dir='ltr'><strong>sis</strong></span> <span class='ocrx_word' id='word_1_502' title='bbox 819 2617 958 2653; x_wconf 87' lang='lat' dir='ltr'><strong>(nedicam</strong></span> 
     </span>
    </p>
   </div>
   <div class='ocr_carea' id='block_1_83' title="bbox 160 2662 959 2698">
    <p class='ocr_par' dir='ltr' id='par_1_83' title="bbox 160 2662 959 2698">
     <span class='ocr_line' id='line_1_85' title="bbox 160 2662 959 2698; baseline -0.001 -7"><span class='ocrx_word' id='word_1_503' title='bbox 160 2662 355 2698; x_wconf 83' lang='lat' dir='ltr'><strong>Christianus),</strong></span> <span class='ocrx_word' id='word_1_504' title='bbox 370 2663 433 2690; x_wconf 89' lang='lat' dir='ltr'><strong>licet</strong></span> <span class='ocrx_word' id='word_1_505' title='bbox 446 2671 518 2697; x_wconf 87' lang='lat' dir='ltr'><strong>sero,</strong></span> <span class='ocrx_word' id='word_1_506' title='bbox 533 2663 642 2692; x_wconf 83' lang='lat' dir='ltr'><strong>tandem</strong></span> <span class='ocrx_word' id='word_1_507' title='bbox 660 2668 749 2691; x_wconf 84' lang='lat' dir='ltr'><strong>tamen</strong></span> <span class='ocrx_word' id='word_1_508' title='bbox 768 2672 783 2691; x_wconf 87' lang='lat' dir='ltr'><strong>a</strong></span> <span class='ocrx_word' id='word_1_509' title='bbox 797 2663 959 2691; x_wconf 85' lang='lat' dir='ltr'><strong>crudelitate</strong></span> 
     </span>
    </p>
   </div>
   <div class='ocr_carea' id='block_1_84' title="bbox 167 2709 960 2746">
    <p class='ocr_par' dir='ltr' id='par_1_84' title="bbox 167 2709 960 2746">
     <span class='ocr_line' id='line_1_86' title="bbox 167 2709 960 2746; baseline 0 -9"><span class='ocrx_word' id='word_1_510' title='bbox 167 2710 318 2743; x_wconf 87' lang='lat' dir='ltr'><strong>recedere;</strong></span> <span class='ocrx_word' id='word_1_511' title='bbox 337 2709 380 2737; x_wconf 88' lang='lat' dir='ltr'><strong>sin</strong></span> <span class='ocrx_word' id='word_1_512' title='bbox 406 2710 497 2738; x_wconf 88' lang='lat' dir='ltr'><strong>minus</strong></span> <span class='ocrx_word' id='word_1_513' title='bbox 513 2710 621 2745; x_wconf 79' lang='lat' dir='ltr'><strong>feceris,</strong></span> <span class='ocrx_word' id='word_1_514' title='bbox 648 2718 684 2738; x_wconf 91' lang='lat' dir='ltr'><strong>ne</strong></span> <span class='ocrx_word' id='word_1_515' title='bbox 705 2711 745 2738; x_wconf 86' lang='lat' dir='ltr'><strong>sic</strong></span> <span class='ocrx_word' id='word_1_516' title='bbox 772 2710 882 2746; x_wconf 85' lang='lat' dir='ltr'><strong>quidem</strong></span> <span class='ocrx_word' id='word_1_517' title='bbox 909 2717 960 2745; x_wconf 74' lang='lat' dir='ltr'><strong>ego</strong></span> 
     </span>
    </p>
   </div>
   <div class='ocr_carea' id='block_1_85' title="bbox 162 2755 959 2792">
    <p class='ocr_par' dir='ltr' id='par_1_85' title="bbox 162 2755 959 2792">
     <span class='ocr_line' id='line_1_87' title="bbox 162 2755 959 2792; baseline 0.001 -9"><span class='ocrx_word' id='word_1_518' title='bbox 162 2763 242 2784; x_wconf 83' lang='lat' dir='ltr'><strong>orare</strong></span> <span class='ocrx_word' id='word_1_519' title='bbox 268 2755 402 2790; x_wconf 84' lang='lat' dir='ltr'><strong>desinam,</strong></span> <span class='ocrx_word' id='word_1_520' title='bbox 429 2756 543 2791; x_wconf 80' lang='lat' dir='ltr'><strong>scilicet,</strong></span> <span class='ocrx_word' id='word_1_521' title='bbox 559 2764 596 2785; x_wconf 91' lang='lat' dir='ltr'><strong>ne</strong></span> <span class='ocrx_word' id='word_1_522' title='bbox 614 2757 718 2785; x_wconf 73' lang='lat' dir='ltr'><strong>omlesti</strong></span> <span class='ocrx_word' id='word_1_523' title='bbox 750 2757 896 2792; x_wconf 85' lang='lat' dir='ltr'><strong>adoptione</strong></span> <span class='ocrx_word' id='word_1_524' title='bbox 912 2765 959 2785; x_wconf 78' lang='lat' dir='ltr'><strong>cx-</strong></span> 
     </span>
    </p>
   </div>
   <div class='ocr_carea' id='block_1_86' title="bbox 163 2802 984 2838">
    <p class='ocr_par' dir='ltr' id='par_1_86' title="bbox 163 2802 984 2838">
     <span class='ocr_line' id='line_1_88' title="bbox 163 2802 984 2838; baseline 0.002 -9"><span class='ocrx_word' id='word_1_525' title='bbox 163 2802 251 2831; x_wconf 76' lang='lat' dir='ltr'><strong>cidam</strong></span> <span class='ocrx_word' id='word_1_526' title='bbox 280 2802 355 2837; x_wconf 85' lang='lat' dir='ltr'><strong>(inde</strong></span> <span class='ocrx_word' id='word_1_527' title='bbox 391 2808 419 2831; x_wconf 87' lang='lat' dir='ltr'><strong>ct</strong></span> <span class='ocrx_word' id='word_1_528' title='bbox 453 2811 526 2832; x_wconf 84' lang='lat' dir='ltr'><strong>nunc</strong></span> <span class='ocrx_word' id='word_1_529' title='bbox 553 2803 587 2832; x_wconf 85' lang='lat' dir='ltr'><strong>ad</strong></span> <span class='ocrx_word' id='word_1_530' title='bbox 607 2807 634 2832; x_wconf 85' lang='lat' dir='ltr'><strong>te</strong></span> <span class='ocrx_word' id='word_1_531' title='bbox 664 2802 864 2833; x_wconf 84' lang='lat' dir='ltr'><strong>admonendum</strong></span> <span class='ocrx_word' id='word_1_532' title='bbox 895 2811 959 2838; x_wconf 83' lang='lat' dir='ltr'><strong>pro—</strong></span> <span class='ocrx_word' id='word_1_533' title='bbox 982 2827 984 2830; x_wconf 79' lang='grc'>.</span> 
     </span>
    </p>
   </div>
   <div class='ocr_carea' id='block_1_87' title="bbox 204 2895 420 2932">
    <p class='ocr_par' dir='ltr' id='par_1_87' title="bbox 204 2895 420 2932">
     <span class='ocr_line' id='line_1_89' title="bbox 204 2895 420 2932; baseline 0.014 -9"><span class='ocrx_word' id='word_1_534' title='bbox 204 2895 226 2911; x_wconf 75' lang='grc'><strong>⁸³</strong></span> <span class='ocrx_word' id='word_1_535' title='bbox 240 2895 318 2924; x_wconf 80' lang='lat' dir='ltr'><strong>Rom.</strong></span> <span class='ocrx_word' id='word_1_536' title='bbox 337 2906 363 2932; x_wconf 74' lang='grc' dir='ltr'><strong>ν,</strong></span> <span class='ocrx_word' id='word_1_537' title='bbox 380 2898 420 2926; x_wconf 82' lang='grc'><strong>15.</strong></span> 
     </span>
    </p>
   </div>
   <div class='ocr_carea' id='block_1_88' title="bbox 1009 1767 1796 1812">
    <p class='ocr_par' dir='ltr' id='par_1_88' title="bbox 1009 1767 1796 1812">
     <span class='ocr_line' id='line_1_90' title="bbox 1009 1767 1796 1812; baseline -0.011 -8"><span class='ocrx_word' id='word_1_538' title='bbox 1009 1803 1016 1812; x_wconf 73' lang='lat'><strong>,</strong></span> <span class='ocrx_word' id='word_1_539' title='bbox 1032 1776 1169 1810; x_wconf 84' lang='grc' dir='ltr'><strong>Τέθνηκεν</strong></span> <span class='ocrx_word' id='word_1_540' title='bbox 1183 1774 1199 1801; x_wconf 79' lang='grc' dir='ltr'><strong>ὀ</strong></span> <span class='ocrx_word' id='word_1_541' title='bbox 1214 1773 1290 1809; x_wconf 84' lang='grc' dir='ltr'><strong>φίλος</strong></span> <span class='ocrx_word' id='word_1_542' title='bbox 1305 1772 1345 1808; x_wconf 82' lang='grc' dir='ltr'><strong>τῷ</strong></span> <span class='ocrx_word' id='word_1_543' title='bbox 1371 1771 1494 1808; x_wconf 75' lang='grc' dir='ltr'><strong>σώματιο</strong></span> <span class='ocrx_word' id='word_1_544' title='bbox 1514 1770 1573 1798; x_wconf 81' lang='grc' dir='ltr'><strong>ἀλλ’</strong></span> <span class='ocrx_word' id='word_1_545' title='bbox 1593 1769 1648 1797; x_wconf 82' lang='grc' dir='ltr'><strong>οὐδ’</strong></span> <span class='ocrx_word' id='word_1_546' title='bbox 1662 1768 1696 1796; x_wconf 81' lang='grc' dir='ltr'>ἃν</span> <span class='ocrx_word' id='word_1_547' title='bbox 1713 1767 1796 1801; x_wconf 74' lang='grc' dir='ltr'><strong>αὐτὸς</strong></span> 
     </span>
    </p>
   </div>
   <div class='ocr_carea' id='block_1_89' title="bbox 1000 1815 1798 1858">
    <p class='ocr_par' dir='ltr' id='par_1_89' title="bbox 1000 1815 1798 1858">
     <span class='ocr_line' id='line_1_91' title="bbox 1000 1815 1798 1858; baseline -0.011 -8"><span class='ocrx_word' id='word_1_548' title='bbox 1000 1822 1160 1858; x_wconf 81' lang='grc' dir='ltr'><strong>άρνηθείης,</strong></span> <span class='ocrx_word' id='word_1_549' title='bbox 1176 1820 1214 1852; x_wconf 88' lang='grc' dir='ltr'><strong>ὼς</strong></span> <span class='ocrx_word' id='word_1_550' title='bbox 1237 1819 1298 1854; x_wconf 68' lang='grc' dir='ltr'><strong>οὐχὶ</strong></span> <span class='ocrx_word' id='word_1_551' title='bbox 1312 1819 1448 1847; x_wconf 83' lang='grc' dir='ltr'><strong>ἀθάνατον</strong></span> <span class='ocrx_word' id='word_1_552' title='bbox 1467 1817 1559 1852; x_wconf 77' lang='grc' dir='ltr'><strong>ἀφῆκε</strong></span> <span class='ocrx_word' id='word_1_553' title='bbox 1573 1816 1676 1852; x_wconf 83' lang='grc' dir='ltr'><strong>στήλην</strong></span> <span class='ocrx_word' id='word_1_554' title='bbox 1686 1835 1694 1848; x_wconf 85' lang='grc'>,</span> <span class='ocrx_word' id='word_1_555' title='bbox 1712 1815 1798 1842; x_wconf 79' lang='grc' dir='ltr'><strong>παντὶ</strong></span> 
     </span>
    </p>
   </div>
   <div class='ocr_carea' id='block_1_90' title="bbox 1002 1859 1799 1903">
    <p class='ocr_par' dir='ltr' id='par_1_90' title="bbox 1002 1859 1799 1903">
     <span class='ocr_line' id='line_1_92' title="bbox 1002 1859 1799 1903; baseline -0.009 -9"><span class='ocrx_word' id='word_1_556' title='bbox 1002 1868 1041 1903; x_wconf 85' lang='grc' dir='ltr'><strong>τῷ</strong></span> <span class='ocrx_word' id='word_1_557' title='bbox 1057 1867 1118 1902; x_wconf 84' lang='grc' dir='ltr'><strong>βίῳ,</strong></span> <span class='ocrx_word' id='word_1_558' title='bbox 1135 1866 1183 1901; x_wconf 81' lang='grc' dir='ltr'><strong>τὴν</strong></span> <span class='ocrx_word' id='word_1_559' title='bbox 1199 1864 1285 1892; x_wconf 80' lang='grc' dir='ltr'><strong>αὑτοῦ</strong></span> <span class='ocrx_word' id='word_1_560' title='bbox 1300 1864 1413 1900; x_wconf 81' lang='grc' dir='ltr'><strong>ἀρετήν.</strong></span> <span class='ocrx_word' id='word_1_561' title='bbox 1425 1861 1500 1899; x_wconf 64' lang='grc' dir='ltr'><strong>*Δρα</strong></span> <span class='ocrx_word' id='word_1_562' title='bbox 1512 1859 1559 1889; x_wconf 81' lang='grc' dir='ltr'><strong>οὖν</strong></span> <span class='ocrx_word' id='word_1_563' title='bbox 1570 1861 1799 1896; x_wconf 70' lang='grc' dir='ltr'><strong>εὐδαιμονίσομεν</strong></span> 
     </span>
    </p>
   </div>
   <div class='ocr_carea' id='block_1_91' title="bbox 1000 1907 1672 1945">
    <p class='ocr_par' dir='ltr' id='par_1_91' title="bbox 1000 1907 1672 1945">
     <span class='ocr_line' id='line_1_93' title="bbox 1000 1907 1672 1945; baseline -0.01 -5"><span class='ocrx_word' id='word_1_564' title='bbox 1000 1914 1072 1945; x_wconf 89' lang='grc' dir='ltr'><strong>ὂλως</strong></span> <span class='ocrx_word' id='word_1_565' title='bbox 1088 1911 1162 1944; x_wconf 82' lang='grc' dir='ltr'><strong>τινὰ,</strong></span> <span class='ocrx_word' id='word_1_566' title='bbox 1178 1911 1211 1938; x_wconf 84' lang='grc' dir='ltr'><strong>ἂν</strong></span> <span class='ocrx_word' id='word_1_567' title='bbox 1222 1910 1321 1937; x_wconf 85' lang='grc' dir='ltr'><strong>τοῦτον</strong></span> <span class='ocrx_word' id='word_1_568' title='bbox 1336 1909 1444 1944; x_wconf 81' lang='grc' dir='ltr'>θρηνεῖν</span> <span class='ocrx_word' id='word_1_569' title='bbox 1460 1907 1672 1944; x_wconf 53' lang='grc' dir='ltr'><strong>μελετήσωμενλ</strong></span> 
     </span>
    </p>
   </div>
   <div class='ocr_carea' id='block_1_92' title="bbox 1301 1999 1493 2028">
    <p class='ocr_par' dir='ltr' id='par_1_92' title="bbox 1301 1999 1493 2028">
     <span class='ocr_line' id='line_1_94' title="bbox 1301 1999 1493 2028; baseline 0 -1"><span class='ocrx_word' id='word_1_570' title='bbox 1301 1999 1413 2028; x_wconf 81' lang='grc' dir='ltr'>ΕΠΙΣΤ,</span> <span class='ocrx_word' id='word_1_571' title='bbox 1425 2000 1493 2027; x_wconf 86' lang='grc' dir='ltr'><strong>ΜΕ¹.</strong></span> 
     </span>
    </p>
   </div>
   <div class='ocr_carea' id='block_1_93' title="bbox 1229 2045 1557 2081">
    <p class='ocr_par' dir='ltr' id='par_1_93' title="bbox 1229 2045 1557 2081">
     <span class='ocr_line' id='line_1_95' title="bbox 1229 2045 1557 2081; baseline -0.003 -6"><span class='ocrx_word' id='word_1_572' title='bbox 1229 2045 1377 2081; x_wconf 71' lang='grc' dir='ltr'><strong>Μανουὴλ</strong></span> <span class='ocrx_word' id='word_1_573' title='bbox 1401 2045 1557 2080; x_wconf 76' lang='grc' dir='ltr'><strong>πατρικίῳ.</strong></span> 
     </span>
    </p>
   </div>
   <div class='ocr_carea' id='block_1_94' title="bbox 1001 2106 1174 2140">
    <p class='ocr_par' dir='ltr' id='par_1_94' title="bbox 1001 2106 1174 2140">
     <span class='ocr_line' id='line_1_96' title="bbox 1001 2106 1174 2140; baseline -0.017 -6"><span class='ocrx_word' id='word_1_574' title='bbox 1001 2109 1057 2140; x_wconf 75' lang='lat' dir='ltr'><strong>H6,</strong></span> <span class='ocrx_word' id='word_1_575' title='bbox 1074 2115 1099 2140; x_wconf 89' lang='lat' dir='ltr'><strong>p.</strong></span> <span class='ocrx_word' id='word_1_576' title='bbox 1117 2106 1174 2137; x_wconf 58' lang='grc' dir='ltr'><strong>ξοδ)</strong></span> 
     </span>
    </p>
   </div>
   <div class='ocr_carea' id='block_1_95' title="bbox 1042 2157 1809 2197">
    <p class='ocr_par' dir='ltr' id='par_1_95' title="bbox 1042 2157 1809 2197">
     <span class='ocr_line' id='line_1_97' title="bbox 1042 2157 1809 2197; baseline -0.004 -9"><span class='ocrx_word' id='word_1_577' title='bbox 1042 2162 1124 2193; x_wconf 85' lang='grc' dir='ltr'><strong>Ἴσως</strong></span> <span class='ocrx_word' id='word_1_578' title='bbox 1139 2161 1262 2197; x_wconf 74' lang='grc' dir='ltr'><strong>θαρῤεἴς,</strong></span> <span class='ocrx_word' id='word_1_579' title='bbox 1281 2157 1322 2191; x_wconf 73' lang='grc' dir='ltr'><strong>οἷς</strong></span> <span class='ocrx_word' id='word_1_580' title='bbox 1336 2160 1428 2196; x_wconf 81' lang='grc' dir='ltr'><strong>ἡμεῖς,</strong></span> <span class='ocrx_word' id='word_1_581' title='bbox 1448 2158 1496 2185; x_wconf 75' lang='grc' dir='ltr'><strong>ἐπὶ</strong></span> <span class='ocrx_word' id='word_1_582' title='bbox 1508 2157 1556 2185; x_wconf 81' lang='grc' dir='ltr'><strong>τοῦ</strong></span> <span class='ocrx_word' id='word_1_583' title='bbox 1575 2157 1703 2193; x_wconf 80' lang='grc' dir='ltr'><strong>λαμπροῦ</strong></span> <span class='ocrx_word' id='word_1_584' title='bbox 1719 2158 1809 2192; x_wconf 79' lang='grc' dir='ltr'><strong>ὑμῶν</strong></span> 
     </span>
    </p>
   </div>
   <div class='ocr_carea' id='block_1_96' title="bbox 1007 2204 1810 2244">
    <p class='ocr_par' dir='ltr' id='par_1_96' title="bbox 1007 2204 1810 2244">
     <span class='ocr_line' id='line_1_98' title="bbox 1007 2204 1810 2244; baseline -0.005 -8"><span class='ocrx_word' id='word_1_585' title='bbox 1007 2209 1122 2244; x_wconf 78' lang='grc' dir='ltr'><strong>θεάτρου</strong></span> <span class='ocrx_word' id='word_1_586' title='bbox 1136 2205 1415 2243; x_wconf 77' lang='grc' dir='ltr'><strong>προπηλακιζόμενοι,</strong></span> <span class='ocrx_word' id='word_1_587' title='bbox 1427 2204 1633 2240; x_wconf 60' lang='grc' dir='ltr'><strong>ἐφθεγξάμεθα*</strong></span> <span class='ocrx_word' id='word_1_588' title='bbox 1643 2205 1743 2238; x_wconf 81' lang='grc' dir='ltr'><strong>Κύριε,</strong></span> <span class='ocrx_word' id='word_1_589' title='bbox 1755 2205 1810 2239; x_wconf 75' lang='grc' dir='ltr'><strong>μὴ</strong></span> 
     </span>
    </p>
   </div>
   <div class='ocr_carea' id='block_1_97' title="bbox 1006 2250 1813 2288">
    <p class='ocr_par' dir='ltr' id='par_1_97' title="bbox 1006 2250 1813 2288">
     <span class='ocr_line' id='line_1_99' title="bbox 1006 2250 1813 2288; baseline -0.007 -6"><span class='ocrx_word' id='word_1_590' title='bbox 1006 2254 1128 2288; x_wconf 81' lang='grc' dir='ltr'><strong>στήσῃς</strong></span> <span class='ocrx_word' id='word_1_591' title='bbox 1151 2252 1254 2286; x_wconf 83' lang='grc' dir='ltr'><strong>αὐτοῖς</strong></span> <span class='ocrx_word' id='word_1_592' title='bbox 1277 2252 1336 2286; x_wconf 78' lang='grc' dir='ltr'><strong>τὴν</strong></span> <span class='ocrx_word' id='word_1_593' title='bbox 1354 2251 1500 2286; x_wconf 81' lang='grc' dir='ltr'><strong>ἁμαρτίαν</strong></span> <span class='ocrx_word' id='word_1_594' title='bbox 1526 2250 1657 2284; x_wconf 78' lang='grc' dir='ltr'><strong>ταύτην·</strong></span> <span class='ocrx_word' id='word_1_595' title='bbox 1685 2251 1722 2277; x_wconf 87' lang='grc' dir='ltr'><strong>οὺ</strong></span> <span class='ocrx_word' id='word_1_596' title='bbox 1744 2251 1813 2286; x_wconf 79' lang='grc' dir='ltr'><strong>τὰρ</strong></span> 
     </span>
    </p>
   </div>
   <div class='ocr_carea' id='block_1_98' title="bbox 1007 2295 1814 2331">
    <p class='ocr_par' dir='ltr' id='par_1_98' title="bbox 1007 2295 1814 2331">
     <span class='ocr_line' id='line_1_100' title="bbox 1007 2295 1814 2331; baseline -0.006 -5"><span class='ocrx_word' id='word_1_597' title='bbox 1007 2299 1106 2327; x_wconf 79' lang='grc' dir='ltr'><strong>οῖδασι</strong></span> <span class='ocrx_word' id='word_1_598' title='bbox 1118 2299 1147 2325; x_wconf 82' lang='grc' dir='ltr'><strong>τί</strong></span> <span class='ocrx_word' id='word_1_599' title='bbox 1159 2297 1291 2325; x_wconf 61' lang='lat' dir='ltr'><strong>notat-101‘</strong></span> <span class='ocrx_word' id='word_1_600' title='bbox 1307 2296 1355 2324; x_wconf 72' lang='lat' dir='ltr'><strong>xui.</strong></span> <span class='ocrx_word' id='word_1_601' title='bbox 1367 2296 1411 2323; x_wconf 80' lang='grc' dir='ltr'><strong>διὰ</strong></span> <span class='ocrx_word' id='word_1_602' title='bbox 1426 2296 1506 2323; x_wconf 82' lang='grc' dir='ltr'><strong>τοῦτο</strong></span> <span class='ocrx_word' id='word_1_603' title='bbox 1521 2296 1611 2322; x_wconf 75' lang='grc' dir='ltr'>πνέων</span> <span class='ocrx_word' id='word_1_604' title='bbox 1626 2295 1689 2322; x_wconf 83' lang='grc' dir='ltr'><strong>καθ’</strong></span> <span class='ocrx_word' id='word_1_605' title='bbox 1705 2296 1814 2331; x_wconf 77' lang='grc' dir='ltr'><strong>ἡμῶν,</strong></span> 
     </span>
    </p>
   </div>
   <div class='ocr_carea' id='block_1_99' title="bbox 1006 2341 1819 2379">
    <p class='ocr_par' dir='ltr' id='par_1_99' title="bbox 1006 2341 1819 2379">
     <span class='ocr_line' id='line_1_101' title="bbox 1006 2341 1819 2379; baseline -0.004 -7"><span class='ocrx_word' id='word_1_606' title='bbox 1006 2345 1037 2372; x_wconf 80' lang='grc' dir='ltr'><strong>οὐ</strong></span> <span class='ocrx_word' id='word_1_607' title='bbox 1052 2345 1157 2379; x_wconf 85' lang='grc' dir='ltr'><strong>λήγεις.</strong></span> <span class='ocrx_word' id='word_1_608' title='bbox 1180 2342 1250 2370; x_wconf 79' lang='grc' dir='ltr'><strong>Ἀλλ’</strong></span> <span class='ocrx_word' id='word_1_609' title='bbox 1266 2343 1349 2378; x_wconf 82' lang='grc' dir='ltr'><strong>ἡμεῖς</strong></span> <span class='ocrx_word' id='word_1_610' title='bbox 1367 2341 1428 2377; x_wconf 79' lang='grc' dir='ltr'><strong>μὲν,</strong></span> <span class='ocrx_word' id='word_1_611' title='bbox 1446 2341 1541 2376; x_wconf 79' lang='grc' dir='ltr'><strong>ὥσπερ</strong></span> <span class='ocrx_word' id='word_1_612' title='bbox 1560 2341 1623 2368; x_wconf 88' lang='grc' dir='ltr'><strong>τότε</strong></span> <span class='ocrx_word' id='word_1_613' title='bbox 1639 2342 1690 2376; x_wconf 83' lang='grc' dir='ltr'><strong>τὴν</strong></span> <span class='ocrx_word' id='word_1_614' title='bbox 1713 2350 1819 2376; x_wconf 75' lang='grc' dir='ltr'><strong>μακα-</strong></span> 
     </span>
    </p>
   </div>
   <div class='ocr_carea' id='block_1_100' title="bbox 1008 2386 1821 2427">
    <p class='ocr_par' dir='ltr' id='par_1_100' title="bbox 1008 2386 1821 2427">
     <span class='ocr_line' id='line_1_102' title="bbox 1008 2386 1821 2427; baseline -0.004 -10"><span class='ocrx_word' id='word_1_615' title='bbox 1008 2391 1069 2427; x_wconf 83' lang='grc' dir='ltr'><strong>ρίαν</strong></span> <span class='ocrx_word' id='word_1_616' title='bbox 1087 2390 1195 2426; x_wconf 80' lang='grc' dir='ltr'><strong>ὲκείνην</strong></span> <span class='ocrx_word' id='word_1_617' title='bbox 1215 2388 1297 2424; x_wconf 82' lang='grc' dir='ltr'><strong>εὐχὴν</strong></span> <span class='ocrx_word' id='word_1_618' title='bbox 1320 2387 1479 2424; x_wconf 79' lang='grc' dir='ltr'><strong>ἠξιώθημεν</strong></span> <span class='ocrx_word' id='word_1_619' title='bbox 1499 2386 1629 2419; x_wconf 72' lang='grc' dir='ltr'><strong>εὔξασθαι</strong></span> <span class='ocrx_word' id='word_1_620' title='bbox 1640 2406 1648 2419; x_wconf 84' lang='grc'><strong><em>,</em></strong></span> <span class='ocrx_word' id='word_1_621' title='bbox 1663 2386 1738 2413; x_wconf 75' lang='grc' dir='ltr'><strong>οὕτω</strong></span> <span class='ocrx_word' id='word_1_622' title='bbox 1756 2389 1821 2416; x_wconf 74' lang='grc' dir='ltr'><strong>καὶ</strong></span> 
     </span>
    </p>
   </div>
   <div class='ocr_carea' id='block_1_101' title="bbox 1009 2429 1820 2472">
    <p class='ocr_par' dir='ltr' id='par_1_101' title="bbox 1009 2429 1820 2472">
     <span class='ocr_line' id='line_1_103' title="bbox 1009 2429 1820 2472; baseline -0.006 -9"><span class='ocrx_word' id='word_1_623' title='bbox 1009 2436 1091 2472; x_wconf 84' lang='grc' dir='ltr'><strong>μέχρι</strong></span> <span class='ocrx_word' id='word_1_624' title='bbox 1112 2436 1165 2463; x_wconf 87' lang='grc' dir='ltr'><strong>νῦν.</strong></span> <span class='ocrx_word' id='word_1_625' title='bbox 1182 2434 1363 2466; x_wconf 79' lang='grc' dir='ltr'><strong>ἀδιαλείπτως</strong></span> <span class='ocrx_word' id='word_1_626' title='bbox 1378 2432 1525 2470; x_wconf 81' lang='grc' dir='ltr'><strong>εὐχόμεθα.</strong></span> <span class='ocrx_word' id='word_1_627' title='bbox 1547 2433 1618 2460; x_wconf 85' lang='grc' dir='ltr'><strong>Ἰσθι</strong></span> <span class='ocrx_word' id='word_1_628' title='bbox 1632 2432 1671 2464; x_wconf 81' lang='grc' dir='ltr'><strong>δὲ,</strong></span> <span class='ocrx_word' id='word_1_629' title='bbox 1689 2429 1711 2459; x_wconf 77' lang='grc' dir='ltr'>ὦ</span> <span class='ocrx_word' id='word_1_630' title='bbox 1738 2433 1820 2468; x_wconf 68' lang='grc' dir='ltr'><strong>βελ-</strong></span> 
     </span>
    </p>
   </div>
   <div class='ocr_carea' id='block_1_102' title="bbox 1007 2479 1822 2517">
    <p class='ocr_par' dir='ltr' id='par_1_102' title="bbox 1007 2479 1822 2517">
     <span class='ocr_line' id='line_1_104' title="bbox 1007 2479 1822 2517; baseline -0.001 -8"><span class='ocrx_word' id='word_1_631' title='bbox 1007 2491 1093 2515; x_wconf 85' lang='grc' dir='ltr'><strong>τιστε,</strong></span> <span class='ocrx_word' id='word_1_632' title='bbox 1110 2482 1151 2510; x_wconf 77' lang='grc' dir='ltr'><strong>ὅτι</strong></span> <span class='ocrx_word' id='word_1_633' title='bbox 1166 2481 1292 2517; x_wconf 83' lang='grc' dir='ltr'><strong>καθάπερ</strong></span> <span class='ocrx_word' id='word_1_634' title='bbox 1309 2481 1375 2516; x_wconf 84' lang='grc' dir='ltr'><strong>ἡμῖν</strong></span> <span class='ocrx_word' id='word_1_635' title='bbox 1386 2502 1394 2514; x_wconf 83' lang='grc'><strong><em>,</em></strong></span> <span class='ocrx_word' id='word_1_636' title='bbox 1410 2480 1541 2512; x_wconf 84' lang='grc' dir='ltr'><strong>τοιούτοις</strong></span> <span class='ocrx_word' id='word_1_637' title='bbox 1556 2479 1721 2515; x_wconf 77' lang='grc' dir='ltr'><strong>ἀμείϐεσθαι</strong></span> <span class='ocrx_word' id='word_1_638' title='bbox 1738 2481 1822 2514; x_wconf 73' lang='grc' dir='ltr'><strong>τοὺς</strong></span> 
     </span>
    </p>
   </div>
   <div class='ocr_carea' id='block_1_103' title="bbox 1009 2526 1825 2565">
    <p class='ocr_par' dir='ltr' id='par_1_103' title="bbox 1009 2526 1825 2565">
     <span class='ocr_line' id='line_1_105' title="bbox 1009 2526 1825 2565; baseline -0.005 -9"><span class='ocrx_word' id='word_1_639' title='bbox 1009 2529 1141 2565; x_wconf 79' lang='grc' dir='ltr'><strong>ὑϐριστὰς</strong></span> <span class='ocrx_word' id='word_1_640' title='bbox 1155 2527 1373 2563; x_wconf 86' lang='grc' dir='ltr'><strong>νενομοθέτηται·</strong></span> <span class='ocrx_word' id='word_1_641' title='bbox 1394 2526 1467 2554; x_wconf 78' lang='grc' dir='ltr'><strong>οὕτω</strong></span> <span class='ocrx_word' id='word_1_642' title='bbox 1488 2527 1534 2553; x_wconf 79' lang='grc' dir='ltr'><strong>καὶ</strong></span> <span class='ocrx_word' id='word_1_643' title='bbox 1550 2527 1626 2561; x_wconf 79' lang='grc' dir='ltr'><strong>ὑμῖν,</strong></span> <span class='ocrx_word' id='word_1_644' title='bbox 1646 2526 1825 2562; x_wconf 80' lang='grc' dir='ltr'><strong>ἀποστῆναι</strong></span> 
     </span>
    </p>
   </div>
   <div class='ocr_carea' id='block_1_104' title="bbox 1008 2571 1826 2612">
    <p class='ocr_par' dir='ltr' id='par_1_104' title="bbox 1008 2571 1826 2612">
     <span class='ocr_line' id='line_1_106' title="bbox 1008 2571 1826 2612; baseline -0.006 -10"><span class='ocrx_word' id='word_1_645' title='bbox 1008 2576 1058 2612; x_wconf 80' lang='grc' dir='ltr'><strong>τῆς</strong></span> <span class='ocrx_word' id='word_1_646' title='bbox 1072 2574 1229 2611; x_wconf 85' lang='grc' dir='ltr'><strong>μιαιφονίας</strong></span> <span class='ocrx_word' id='word_1_647' title='bbox 1243 2573 1304 2609; x_wconf 79' lang='grc' dir='ltr'><strong>(κᾶν</strong></span> <span class='ocrx_word' id='word_1_648' title='bbox 1315 2573 1364 2604; x_wconf 69' lang='grc' dir='ltr'><strong>ὀψέ</strong></span> <span class='ocrx_word' id='word_1_649' title='bbox 1376 2581 1441 2600; x_wconf 84' lang='grc' dir='ltr'><strong>ποτε</strong></span> <span class='ocrx_word' id='word_1_650' title='bbox 1456 2572 1502 2600; x_wconf 84' lang='grc' dir='ltr'><strong>τοῦ</strong></span> <span class='ocrx_word' id='word_1_651' title='bbox 1517 2571 1826 2608; x_wconf 78' lang='grc' dir='ltr'><strong>καιροῦ),ἀνθρώποις</strong></span> 
     </span>
    </p>
   </div>
   <div class='ocr_carea' id='block_1_105' title="bbox 1008 2615 1826 2655">
    <p class='ocr_par' dir='ltr' id='par_1_105' title="bbox 1008 2615 1826 2655">
     <span class='ocr_line' id='line_1_107' title="bbox 1008 2615 1826 2655; baseline -0.002 -8"><span class='ocrx_word' id='word_1_652' title='bbox 1008 2618 1084 2647; x_wconf 75' lang='grc' dir='ltr'><strong>οὖσιν</strong></span> <span class='ocrx_word' id='word_1_653' title='bbox 1099 2620 1159 2655; x_wconf 75' lang='grc' dir='ltr'><strong>(ἵνα</strong></span> <span class='ocrx_word' id='word_1_654' title='bbox 1174 2619 1211 2654; x_wconf 83' lang='grc' dir='ltr'><strong>μὴ</strong></span> <span class='ocrx_word' id='word_1_655' title='bbox 1226 2618 1299 2653; x_wconf 82' lang='grc' dir='ltr'><strong>λέγω</strong></span> <span class='ocrx_word' id='word_1_656' title='bbox 1311 2618 1486 2654; x_wconf 71' lang='grc' dir='ltr'><strong>Χριπιανοῖς</strong></span> <span class='ocrx_word' id='word_1_657' title='bbox 1494 2621 1516 2652; x_wconf 83' lang='lat'><strong>),</strong></span> <span class='ocrx_word' id='word_1_658' title='bbox 1532 2615 1762 2653; x_wconf 79' lang='grc' dir='ltr'><strong>κεχρεώστηται.</strong></span> <span class='ocrx_word' id='word_1_659' title='bbox 1786 2619 1826 2647; x_wconf 77' lang='lat' dir='ltr'><strong>El</strong></span> 
     </span>
    </p>
   </div>
   <div class='ocr_carea' id='block_1_106' title="bbox 1009 2662 1828 2703">
    <p class='ocr_par' dir='ltr' id='par_1_106' title="bbox 1009 2662 1828 2703">
     <span class='ocr_line' id='line_1_108' title="bbox 1009 2662 1828 2703; baseline -0.005 -11"><span class='ocrx_word' id='word_1_660' title='bbox 1009 2665 1038 2692; x_wconf 81' lang='grc' dir='ltr'><strong>δὲ</strong></span> <span class='ocrx_word' id='word_1_661' title='bbox 1054 2665 1109 2701; x_wconf 83' lang='grc' dir='ltr'><strong>μὴ,</strong></span> <span class='ocrx_word' id='word_1_662' title='bbox 1125 2665 1205 2701; x_wconf 81' lang='grc' dir='ltr'><strong>ἡμεῖς</strong></span> <span class='ocrx_word' id='word_1_663' title='bbox 1230 2663 1278 2699; x_wconf 78' lang='grc' dir='ltr'><strong>μὲν</strong></span> <span class='ocrx_word' id='word_1_664' title='bbox 1292 2663 1357 2691; x_wconf 33' lang='grc' dir='ltr'><strong>οὐδὲν</strong></span> <span class='ocrx_word' id='word_1_665' title='bbox 1374 2662 1462 2697; x_wconf 81' lang='grc' dir='ltr'><strong>οὕτω,</strong></span> <span class='ocrx_word' id='word_1_666' title='bbox 1486 2663 1535 2698; x_wconf 85' lang='grc' dir='ltr'><strong>τῆς</strong></span> <span class='ocrx_word' id='word_1_667' title='bbox 1553 2662 1693 2698; x_wconf 81' lang='grc' dir='ltr'><strong>ἡμετέρας</strong></span> <span class='ocrx_word' id='word_1_668' title='bbox 1716 2663 1828 2703; x_wconf 67' lang='grc' dir='ltr'><strong>εὐχῆς</strong></span> 
     </span>
    </p>
   </div>
   <div class='ocr_carea' id='block_1_107' title="bbox 1011 2707 1829 2746">
    <p class='ocr_par' dir='ltr' id='par_1_107' title="bbox 1011 2707 1829 2746">
     <span class='ocr_line' id='line_1_109' title="bbox 1011 2707 1829 2746; baseline -0.004 -8"><span class='ocrx_word' id='word_1_669' title='bbox 1011 2711 1200 2746; x_wconf 79' lang='grc' dir='ltr'><strong>ἀποσταίημεν</strong></span> <span class='ocrx_word' id='word_1_670' title='bbox 1210 2730 1218 2743; x_wconf 87' lang='grc'>,</span> <span class='ocrx_word' id='word_1_671' title='bbox 1234 2709 1277 2736; x_wconf 78' lang='grc' dir='ltr'><strong>ἵνα</strong></span> <span class='ocrx_word' id='word_1_672' title='bbox 1293 2709 1331 2745; x_wconf 82' lang='grc' dir='ltr'><strong>μὴ</strong></span> <span class='ocrx_word' id='word_1_673' title='bbox 1343 2709 1392 2745; x_wconf 85' lang='grc' dir='ltr'><strong>τῆς</strong></span> <span class='ocrx_word' id='word_1_674' title='bbox 1406 2708 1509 2737; x_wconf 79' lang='grc' dir='ltr'><strong>ἄνωθεν</strong></span> <span class='ocrx_word' id='word_1_675' title='bbox 1521 2707 1657 2739; x_wconf 77' lang='grc' dir='ltr'><strong>υἱοθεσίας</strong></span> <span class='ocrx_word' id='word_1_676' title='bbox 1673 2708 1829 2737; x_wconf 77' lang='grc' dir='ltr'><strong>ἐκπέσω-</strong></span> 
     </span>
    </p>
   </div>
   <div class='ocr_carea' id='block_1_108' title="bbox 1013 2753 1832 2793">
    <p class='ocr_par' dir='ltr' id='par_1_108' title="bbox 1013 2753 1832 2793">
     <span class='ocr_line' id='line_1_110' title="bbox 1013 2753 1832 2793; baseline -0.007 -9"><span class='ocrx_word' id='word_1_677' title='bbox 1013 2765 1064 2793; x_wconf 85' lang='grc' dir='ltr'><strong>μεν</strong></span> <span class='ocrx_word' id='word_1_678' title='bbox 1079 2756 1177 2792; x_wconf 86' lang='grc' dir='ltr'><strong>(τοῦτο</strong></span> <span class='ocrx_word' id='word_1_679' title='bbox 1193 2756 1247 2791; x_wconf 83' lang='grc' dir='ltr'><strong>γὰρ</strong></span> <span class='ocrx_word' id='word_1_680' title='bbox 1263 2755 1331 2783; x_wconf 80' lang='grc' dir='ltr'><strong>αὐτὸ</strong></span> <span class='ocrx_word' id='word_1_681' title='bbox 1345 2755 1392 2782; x_wconf 71' lang='grc' dir='ltr'><strong>καὶ</strong></span> <span class='ocrx_word' id='word_1_682' title='bbox 1407 2754 1455 2782; x_wconf 85' lang='grc' dir='ltr'><strong>νῦν</strong></span> <span class='ocrx_word' id='word_1_683' title='bbox 1469 2754 1542 2790; x_wconf 78' lang='grc' dir='ltr'><strong>ἡμᾶς</strong></span> <span class='ocrx_word' id='word_1_684' title='bbox 1558 2753 1627 2789; x_wconf 75' lang='grc' dir='ltr'><strong>πρὸς</strong></span> <span class='ocrx_word' id='word_1_685' title='bbox 1641 2753 1691 2788; x_wconf 84' lang='grc' dir='ltr'><strong>τὴν</strong></span> <span class='ocrx_word' id='word_1_686' title='bbox 1703 2753 1720 2779; x_wconf 82' lang='grc' dir='ltr'>ὑ</span> <span class='ocrx_word' id='word_1_687' title='bbox 1725 2756 1832 2789; x_wconf 80' lang='grc' dir='ltr'><strong>μετέ-</strong></span> 
     </span>
    </p>
   </div>
   <div class='ocr_carea' id='block_1_109' title="bbox 1013 2798 1837 2839">
    <p class='ocr_par' dir='ltr' id='par_1_109' title="bbox 1013 2798 1837 2839">
     <span class='ocr_line' id='line_1_111' title="bbox 1013 2798 1837 2839; baseline -0.002 -8"><span class='ocrx_word' id='word_1_688' title='bbox 1013 2811 1063 2839; x_wconf 81' lang='grc' dir='ltr'><strong>ραν</strong></span> <span class='ocrx_word' id='word_1_689' title='bbox 1079 2802 1238 2839; x_wconf 70' lang='grc' dir='ltr'><strong>παραίνεσιν</strong></span> <span class='ocrx_word' id='word_1_690' title='bbox 1253 2801 1459 2837; x_wconf 78' lang='grc' dir='ltr'><strong>διανέστησενὶ.</strong></span> <span class='ocrx_word' id='word_1_691' title='bbox 1481 2799 1574 2835; x_wconf 79' lang='grc' dir='ltr'><strong>Ὑμῶν</strong></span> <span class='ocrx_word' id='word_1_692' title='bbox 1589 2799 1617 2826; x_wconf 79' lang='grc' dir='ltr'><strong>δέ</strong></span> <span class='ocrx_word' id='word_1_693' title='bbox 1634 2799 1693 2826; x_wconf 71' lang='grc' dir='ltr'><strong>ἐστι</strong></span> <span class='ocrx_word' id='word_1_694' title='bbox 1706 2798 1837 2829; x_wconf 77' lang='grc' dir='ltr'><strong>λοιπὺνι</strong></span> 
     </span>
    </p>
   </div>
  </div>
