1928 3097
143 151 195 185 951

142 209 209 245 ὸρᾷν
225 208 272 245 (οὗ
288 207 342 244 γὰρ
359 208 394 235 ἃν
416 207 631 244 ἀλλοτριώτερόν
646 215 673 234 τι
687 207 739 242 τῆς
762 208 832 243 ἐμῆς
849 207 932 243 εὐχῆς
947 215 971 244 Α

143 256 249 290 εἴποιμι
259 255 269 290 )
280 255 354 287 ὅπως
364 255 412 282 καὶ
423 255 489 290 ὑμῖν
502 254 536 281 τὰ
546 253 651 281 ἐκεῖθεν
666 253 736 289 πρὸς
749 253 780 280 τὸ
795 254 937 290 συμφέρον

146 301 387 337 μεθοδευθήσεται.

436 356 548 385 ΕΠΙΣΤ.
565 357 642 390 Μςν.

151 402 271 439 Ἰωάννῃ
298 404 553 466 πρωτοσπαοιῖιῗ)
583 402 634 430 καὶ
663 401 848 436 δρουγγαριφ
880 401 935 429 τοῦ

466 445 488 465 π
509 448 526 466 ο
539 447 607 466 μου.

466 447 607 474 πλοιμου.

765 499 902 524 Montacut.
922 498 974 529 (cp.

179 548 360 589 Οὑτοσοῖηον
375 548 504 584 χαλεπὸν,
520 550 544 576 sl
559 550 658 584 τυφλὸν
671 551 706 578 ¹¹ὁ
721 550 850 584 Πλοῦτος,
866 550 937 577 κατὰ

142 597 188 623 τὸν
198 595 288 628 καλῶς
300 595 381 622 αὑτὸν
393 597 638 632 κωμικευσάμενον
656 597 866 633 Ἀριστοφάνην
879 596 937 624 ἀλλ’

142 643 231 669 ἐκεῖνο
254 642 449 677 παγχάλεπον,
467 642 493 668 ει
515 642 560 669 καὶ
580 642 650 678 αὑτὴ
675 643 794 678 κάθηται
810 643 898 678 τυφλὴ
919 642 937 677 ἡ

142 687 221 724 Δῖκη,
238 687 275 723 μὴ
291 687 391 722 ἔχουσα
410 687 444 714 δι’
460 684 491 714 οἵ)
505 688 561 718 τοῖς
576 687 765 722 ἀδικουμένοις
778 688 919 722 ἐπιϐλέψει
929 695 936 703 °

141 733 211 761 ἀλλὰ
223 733 270 760 νῦν
282 733 326 760 διὰ
337 733 386 767 τῆς
399 733 448 768 σῆς
457 733 555 768 ἀρχῆς,
567 733 607 764 εις
619 732 649 759 τδ
659 734 726 769 ὸρᾷν
737 732 932 766 ἐπανελθοῦσα,

140 779 255 812 δειξάτω
273 778 319 805 τδν
336 778 454 805 Πλοῦτον
465 798 473 810 ,
494 778 531 813 μὴ
553 777 653 812 τυφλὸν
677 778 758 813 μόνον
769 799 777 811 ,
793 778 861 804 ἀλλὰ
884 777 933 804 καὶ

139 826 257 860 ἄφωνον·
267 825 400 861 ὑπερηχεῖ
407 824 475 859 τῷδε
491 829 506 843 ιι
518 831 554 851 τα
567 824 669 857 δίκαια,
682 825 734 851 κᾶν
747 824 862 859 πένητος
876 823 931 858 εἴη,

139 872 206 904 τῶν,
225 871 319 908 χρυσῷ
333 871 433 903 παντὸς
451 870 556 898 δικαίου
577 871 670 906 φωνὴν
678 869 847 897 -ὲθισθέντων
875 870 929 897 ἀπ-

138 916 262 943 ελαύνειν
283 915 329 944 τοῦ
346 913 445 952 ἑτεμνοῦ
461 915 564 950 ταύτης
581 919 593 930 °
614 914 662 942 καὶ
677 914 860 942 πεοιϐλέπτου
882 914 931 941 ϐή-

139 970 236 997 ματος.

433 1068 546 1095 ΕΠΙΣΤ.
562 1068 628 1096 MZ’.

386 1113 519 1148 Ταρασίῳ
545 1111 675 1147 ἀδελφῷ.

762 1168 895 1193 Monlacut.
914 1167 966 1200 (ep.

170 1223 205 1250 Τί
218 1223 258 1250 δεῖ
279 1221 361 1249 πλέον
386 1221 514 1257 γράφειν,
537 1220 609 1257 ὑπὲρ
634 1215 664 1247 οὗ
687 1221 802 1257 γράφως
822 1221 856 1248 ἂν
874 1220 932 1257 ἴδῃς

136 1269 184 1296 τὸν
193 1268 289 1304 ἄνδρα,
301 1269 349 1295 καὶ
361 1267 410 1303 τὴν
425 1268 454 1294 ὲν
470 1266 545 1302 αὐτῷ
555 1267 668 1302 ἀρετὴν,
684 1267 734 1293 οὐκ
748 1265 805 1293 οἶδα
816 1266 931 1300 πότερόν

136 1323 178 1342 σοι
191 1314 260 1346 δόξω
281 1313 377 1349 ἐκείνῳ
396 1313 564 1348 χαριεῖσθαι,
579 1312 620 1339 ὅτι
635 1313 669 1348 τῇ
689 1313 723 1348 σῇ
738 1312 832 1339 τοῦτον
861 1320 925 1340 συν-

137 1361 258 1397 ιστῶμεν
270 1360 412 1395 δεξιότητι·
425 1360 442 1394 ἢ
457 1359 548 1394 σαυτῷ
562 1359 716 1394 μᾶλλον,ὃτι
728 1367 758 1385 σε
768 1358 928 1394 τηλικούτου

136 1406 232 1442 ἀνδρὸς
247 1407 294 1434 καὶ
306 1407 440 1440 τοσαύτης
453 1405 530 1439 ἀξίου
544 1404 762 1441 φιλανθρωπίας,
778 1403 927 1440 εὐεργέτην

135 1452 252 1488 ὀφθῆναι
266 1451 524 1488 παρεσκευάσαμεν.

434 1596 546 1623 ΕΠΙΣΤ.
566 1597 637 1624 MH'.

351 1642 499 1676 Βασιλείῳ
518 1643 688 1678 κυαίστωρι.
934 1639 955 1668 C

760 1705 893 1730 Montacul.
913 1704 965 1736 (cp.

167 1750 232 1779 Οἶδά
246 1762 311 1780 ποτε
332 1754 362 1781 τὺ
382 1755 486 1782 δίκαιον
499 1777 507 1790 ,
523 1758 572 1784 καὶ
590 1758 637 1785 τὸν
657 1759 767 1794 χρυσὸν,
782 1759 812 1785 ὲν
835 1760 868 1794 τῇ
886 1760 919 1794 σῇ

130 1798 419 1835 διαμφισϐητήσαντας
432 1803 515 1838 ψυχῖγ
531 1804 589 1830 ἀλλ’
602 1804 652 1830 οὐκ
667 1802 735 1838 οῖδα,
752 1805 807 1831 εττε
823 1813 921 1832 καται-

130 1844 280 1879 δεσάμενος
294 1846 366 1881 ἡμᾶς
378 1848 392 1873 ὁ
412 1848 522 1882 χρυσὸς,
541 1849 597 1876 εἴτε
617 1849 665 1876 σοῦ
703 1850 752 1885 τὴν
770 1851 874 1886 ἀρχὴν,
892 1852 921 1877 ὲν

131 1891 241 1926 ἀρχαῖς,
266 1892 305 1928 τῷ
327 1893 544 1930 ἀδωροδοκήτῳΡ
558 1895 704 1930 τιμῶντος.
726 1896 844 1928 Πολλοὺς
866 1897 920 1932 γὰρ

129 1937 186 1974 ὁρῶ
201 1937 302 1973 ταύτην
312 1939 362 1975 τὴν
373 1939 496 1974 μέθοδον,
510 1940 649 1976 θηράματι
662 1942 766 1976 κερδῶν
777 1943 919 1976 μειζόνων,

99 1994 103 1998 ”
130 1984 365 2020 μετερχομένους-
387 1986 462 2021 ὅμως
486 1987 500 2012 ὁ
524 1987 624 2022 χρυσὸς
650 1988 781 2024 ἀπῆλθεν,
807 1989 876 2024 ἔχων
890 1989 921 2016 τὸ

128 2028 249 2056 ἐλαττονο
269 2029 317 2056 καὶ
332 2029 362 2056 τὸ
381 2030 485 2058 δίκαιον
501 2031 631 2068 λαμπρὰν
647 2033 795 2069 ἀνεδήσατο
813 2033 862 2069 τὴν
879 2034 919 2061 νι-

128 2082 191 2110 κην.
211 2074 268 2102 Νῦν
283 2076 311 2102 δὲ
328 2076 416 2103 πάντα
432 2077 462 2104 σέ
479 2086 545 2112 φασι
559 2078 652 2114 χρυσῷ
666 2079 796 2115 πράττειν
809 2087 816 2094 '
828 2079 876 2106 καὶ
889 2079 919 2106 οὐ

129 2119 270 2155 πείθομαι.
289 2122 395 2156 Χρυαός
411 2131 468 2156 σοι,
486 2124 579 2158 φασὶν,
599 2125 627 2150 αἱ
646 2126 746 2160 χεῖρες,
763 2126 778 2161 ἡ
797 2125 918 2160 γλῶσσα,

127 2165 159 2192 τὺ
175 2165 288 2193 δίκαιον.
318 2168 387 2194 Ἀλλ’
404 2169 498 2205 ὥσπερ
526 2170 556 2196 οὐ
577 2170 727 2206 πείθομαι,
747 2171 833 2203 οὕτως
850 2169 920 2198 εἶναι

128 2211 176 2237 καὶ
187 2210 273 2247 ψευδῆ
284 2211 333 2247 τὴν
343 2213 379 2248 φή
385 2222 438 2248 μην
452 2214 578 2249 εὔχομαι.
595 2216 680 2248 Δείξει
690 2216 712 2243 δ’
723 2217 737 2242 6
749 2217 799 2252 τὴν
811 2218 920 2250 ὲπιστοτ

128 2256 178 2290 λὴν
195 2256 316 2293 κομίζων
341 2258 435 2294 πένης,
452 2259 468 2295 ἢ
483 2259 568 2295 ψευδῆ
584 2261 697 2297 ταύτην,
714 2261 731 2297 ἢ
745 2263 813 2299 ὅπερ
829 2263 919 2298 ἀπηυ-

130 2302 232 2338 ξὰμην,
249 2303 435 2340 ὑπάρχουσαν.
937 2310 961 2339 Ι)

423 2413 534 2440 ΕΠΙΣΤ.
559 2414 627 2441 ΜΘ.

366 2458 547 2492 Ἀλεξάνδρῳ
569 2459 684 2494 κόαητι.

756 2516 889 2541 Moulacut.
909 2516 960 2549 (ep.

164 2567 195 2593 ΕΙ
207 2566 256 2602 τὴν
279 2566 455 2603 Ἀλεξάνδρου
469 2568 516 2594 τοῦ
538 2568 671 2603 βασιλέως
692 2569 805 2605 γνώμην
822 2570 917 2606 ἐστερ-

127 2622 186 2649 γες,
201 2612 251 2640 οὐκ
266 2612 299 2639 ἂν
321 2614 361 2645 εἰς
381 2614 430 2649 τὴν
451 2614 497 2641 τοῦ
521 2614 699 2650 Ἀλεξάνδρου
721 2615 769 2642 τοῦ
794 2616 918 2651 χαλκέως

126 2660 207 2695 ὕϐριν
225 2659 381 2693 ἐξέπιπτες.
411 2661 440 2687 ’0
469 2661 519 2696 μὲν
536 2661 606 2697 γὰρ,
626 2659 686 2688 οὗδὲ
709 2662 780 2689 κατὰ
796 2662 850 2689 τῶν
867 2663 919 2689 ὑπ-

125 2706 227 2743 ηκόων,
241 2705 279 2738 ὡς
291 2705 380 2741 ἔτυχε,
391 2707 440 2739 τὰς
459 2707 584 2740 suam;
598 2708 787 2744 προσεδέχετο·
802 2709 916 2744 θάτερον

732 152 1000 184 EPlSTOLARUM
1017 153 1135 185 LIBER
1153 153 1214 184 ΙΙΙ.

1734 152 1787 185 958

983 209 1076 244 cessi).
1101 209 1191 237 Tuum
1218 213 1260 236 at
1295 207 1388 235 videre
1410 208 1469 244 (ne
1487 207 1595 243 longius
1611 207 1646 235 ab
1663 209 1786 237 oratione

984 255 1109 283 aberrem
1125 255 1198 290 mea)
1225 259 1256 283 ut
1283 254 1382 283 exinde
1398 259 1455 283 tute
1491 255 1538 283 tibi
1556 255 1649 282 omnia
1662 263 1785 283 commo-

984 301 1098 330 dissime
1108 301 1230 329 ordines.

1249 355 1359 384 EPIST.
1372 355 1465 383 XLVI.

1048 402 1149 430 Joanm'
1179 403 1403 438 prolospathario,
1419 406 1443 429 et
1457 402 1587 438 dungario
1602 401 1704 437 ploimi.

992 496 1049 527 150,
1066 503 1091 528 p.
1109 496 1177 528 ξοδ).

1030 547 1107 575 Haud
1131 547 1169 575 ita
1202 554 1247 575 res
1281 547 1350 575 dura
1377 551 1429 579 est,
1458 545 1481 574 si
1507 554 1595 574 caecus
1617 547 1651 574 sit
1661 546 1755 576 Plutus
1771 569 1780 582 ,

992 597 1023 621 ut
1053 593 1174 621 comicus
1196 601 1261 621 eum
1286 592 1364 628 ﬁngit
1391 593 1459 620 scite
1480 593 1701 628 Aristophanes:
1733 595 1781 622 sed

989 639 1055 666 illud
1079 639 1160 674 plane
1185 638 1388 666 intolerandum
1402 638 1531 672 arbitror,
1558 639 1580 666 si
1604 639 1781 667 astatiiliJu-

990 685 1063 712 stitia
1079 693 1163 717 cmca,
1188 693 1240 713 nec
1263 685 1358 713 oculos
1374 685 1485 719 habeat,
1509 685 1609 720 quibus
1625 685 1724 720 injuria
1738 685 1780 713 af-

989 730 1076 758 fectos
1097 731 1245 759 intueatur.
1266 731 1301 758 At
1315 739 1388 759 nunc
1420 739 1469 766 per
1486 738 1512 759 te
1528 731 1684 767 magistratu
1709 740 1780 767 pra:-

985 775 1084 809 ditum,
1104 784 1167 804 cum
1182 776 1310 804 restituta
1339 776 1375 803 sit
1389 776 1476 805 oculis
1494 776 1560 809 suis,
1578 776 1705 804 ostendat
1732 777 1778 805 illa

985 820 1093 848 Plutum
1108 829 1163 849 non
1189 822 1271 849 modo
1291 829 1406 854 caecum,
1436 822 1485 849 sed
1500 827 1529 849 et
1545 827 1652 850 mutum
1672 832 1679 850 :
1696 823 1779 850 etiam

983 867 1115 902 majorem
1132 875 1230 895 sonum
1255 868 1352 895 reddat
1375 866 1489 895 Iustitia
1511 868 1540 895 in
1582 875 1662 896 causa
1677 876 1780 903 paupe-

985 912 1034 945 ris,
1069 920 1149 948 quam
1176 913 1204 940 in
1219 913 1328 941 illorum
1345 913 1391 948 qui
1417 917 1528 948 propter
1550 921 1648 940 aurum
1674 914 1779 942 assole-

985 957 1052 984 bant
1087 958 1253 986 omnimodae
1276 958 1391 993 justitia:
1416 966 1514 985 sonum
1532 958 1656 994 ablegare
1678 959 1712 986 ab
1727 959 1779 987 hoc

988 1003 1146 1031 venerando
1159 1009 1187 1032 et
1199 1004 1374 1040 suspiciende
1390 1003 1529 1032 tribunali.

1286 1059 1398 1088 EPIST.
1422 1059 1529 1087 XLVII.

1298 1106 1407 1134 Tarasio
1426 1106 1516 1142 fratri.

985 1164 1039 1190 153.
1059 1170 1082 1194 p.
1098 1163 1167 1196 ξοδ).

1020 1218 1092 1251 Quid
1115 1225 1186 1253 opus
1201 1220 1244 1244 est
1269 1220 1298 1244 ut
1327 1216 1412 1244 verba
1435 1216 1533 1244 addam
1550 1217 1677 1251 ulterius,
1694 1218 1777 1246 reide

983 1272 1036 1300 qua
1048 1256 1158 1294 scribo?
1183 1263 1206 1291 si
1224 1262 1363 1291 hominem
1378 1263 1482 1296 vidisti,
1503 1267 1530 1290 et
1547 1263 1673 1292 virtutem
1689 1265 1778 1292 homi-

981 1309 1026 1338 nis
1040 1309 1193 1342 attendisti,
1208 1308 1300 1336 nescio
1311 1315 1346 1336 an
1375 1308 1424 1336 tibi
1450 1308 1527 1336 visus
1541 1308 1639 1337 fuerim
1666 1309 1695 1337 in
1716 1310 1777 1345 ejus

980 1356 1092 1392 gratiam
1106 1355 1257 1391 scripsisse,
1272 1363 1335 1382 cum
1351 1358 1398 1382 tuo
1417 1359 1491 1383 recto
1503 1355 1608 1391 judicio
1621 1363 1685 1384 eum
1701 1364 1777 1384 com-

979 1402 1167 1431 inendaverim
1184 1411 1191 1436 ;
1216 1406 1245 1429 et
1268 1409 1323 1429 non
1333 1401 1426 1436 potius
1447 1401 1496 1429 tibi
1509 1401 1677 1437 gratificatus
1691 1401 1776 1429 fuisse

977 1450 1059 1485 quod,
1078 1453 1108 1476 ut
1121 1449 1182 1484 ejus
1201 1448 1406 1476 benefactorem
1424 1452 1449 1475 te
1465 1452 1591 1483 praestes,
1606 1447 1774 1481 induxerim,

978 1495 1023 1530 qui
1040 1495 1100 1522 talis
1123 1499 1269 1529 tantusque
1295 1498 1348 1528 est,
1366 1498 1395 1521 ct
1406 1497 1452 1521 tua
1473 1498 1547 1522 tanta
1565 1494 1662 1530 dignus
1677 1494 1774 1521 huma-

980 1541 1076 1578 nitate.

1278 1595 1388 1624 EPIST.
1405 1596 1523 1624 XLVIII.

1272 1643 1376 1671 Basilio
1398 1644 1533 1678 quwstori.

984 1703 1039 1734 ist,
1057 1711 1082 1735 ρ.
1099 1703 1167 1734 209).

1008 1757 1131 1792 Intelligo
1157 1757 1291 1792 justitiam
1300 1760 1327 1783 et
1342 1763 1441 1783 aurum
1463 1755 1535 1790 apud
1552 1755 1676 1783 animum
1695 1760 1772 1784 tuum

971 1802 1152 1835 contendere;
1169 1802 1216 1828 sed
1228 1802 1322 1836 ignoro
1338 1809 1403 1828 num
1416 1808 1458 1827 me
1471 1800 1499 1827 in
1512 1805 1616 1828 tantum
1626 1802 1772 1830 reveritun'.

972 1857 1085 1881 aurum,
1109 1848 1312 1882 autimperium
1346 1847 1439 1882 potius
1471 1851 1560 1878 tuum,
1579 1847 1626 1883 qui
1641 1848 1675 1875 ab
1694 1848 1773 1877 initio

973 1896 1147 1931 magistratus
1164 1894 1213 1926 tui,
1235 1894 1324 1921 locum
1344 1898 1419 1921 tuum
1437 1894 1616 1921 honoraveris
1635 1902 1684 1930 per
1695 1900 1768 1924 tuam

970 1950 985 1970 a
1015 1941 1174 1970 muneribus
1188 1939 1354 1974 accipiendis
1373 1939 1555 1967 aversionem.
1578 1940 1676 1968 Multos
1696 1941 1772 1970 enim

969 1987 1032 2015 novi
1066 1987 1136 2014 hanc
1176 1986 1248 2013 viam
1283 1985 1429 2018 institisse,
1458 1985 1524 2012 dum
1550 1985 1624 2014 lucra
1666 1987 1771 2022 majora

969 2037 1120 2065 venantur;
1144 2039 1238 2059 verum
1254 2030 1321 2058 abiit
1341 2030 1405 2057 hinc
1437 2037 1534 2057 aurum
1556 2038 1619 2058 cum
1643 2031 1772 2067 pra-judi-

980 2077 1033 2110 cio,
1055 2076 1168 2111 etquod
1189 2077 1292 2111 justum
1306 2080 1348 2103 est
1369 2075 1541 2111 splendidam
1558 2077 1707 2112 reportavit
1721 2078 1762 2104 vi-

973 2124 1097 2151 ctoriam.
1113 2124 1147 2150 At
1173 2131 1247 2150 nunc
1271 2123 1306 2150 ob
1330 2122 1483 2157 pecuniam
1515 2127 1540 2150 te
1567 2123 1658 2150 omnia
1679 2122 1770 2151 facere

974 2169 1069 2195 aiunt:
1085 2168 1142 2204 Ego
1164 2168 1216 2194 illis
1231 2167 1302 2195 haud
1315 2167 1444 2195 credulus
1463 2175 1534 2194 sum.
1557 2167 1652 2198 Aiunt,
1667 2176 1766 2195 aurum

975 2214 1022 2241 tibi
1048 2218 1113 2241 sunt
1136 2221 1243 2244 manus,
1262 2217 1304 2241 cst
1316 2213 1406 2248 lingua
1421 2217 1448 2240 et
1465 2212 1571 2247 justitia
1584 2221 1693 2241 aurum.
1711 2213 1767 2242 Sed

977 2263 1006 2286 ut
1032 2259 1091 2294 ipse
1117 2267 1172 2286 non
1196 2260 1289 2292 credo,
1307 2259 1343 2286 ita
1369 2258 1464 2286 falsam
1492 2266 1553 2286 esse
1567 2258 1669 2286 famam
1702 2267 1768 2287 exo-

976 2306 1074 2340 ptarim
1103 2313 1222 2340 quoque.
1240 2305 1264 2332 ls
1289 2305 1335 2340 qui
1365 2305 1460 2332 reddet
1473 2304 1627 2339 epistolam.
1653 2313 1768 2340 pauper,

972 2350 1090 2382 docebit,
1105 2350 1207 2377 falsane
1220 2349 1313 2381 fuerit,
1325 2357 1370 2382 an,
1385 2349 1457 2384 quod
1472 2350 1586 2383 nollem,
1604 2357 1667 2378 vera
1680 2350 1765 2379 fama.

1293 2416 1402 2446 EPIST.
1415 2417 1510 2445 XLIX.

1276 2462 1425 2505 Alexandro
1436 2463 1535 2490 comiti.

978 2519 1034 2549 158,
1052 2526 1077 2550 p.
1094 2518 1163 2551 ala).

1007 2572 1035 2600 Si
1063 2573 1134 2608 regis
1147 2572 1293 2600 Alexandri
1307 2571 1472 2600 sententiam
1487 2571 1679 2607 amplexarere,
1695 2572 1767 2600 haud

972 2618 1113 2646 excideres
1135 2618 1162 2645 in
1186 2618 1381 2646 contumeliam
1406 2617 1512 2645 ferrarii
1537 2618 1694 2645 Alexandri.
1721 2618 1768 2646 Ille

972 2672 1027 2691 non
1053 2664 1162 2692 admisit
1184 2664 1355 2700 promiscuas
1385 2664 1494 2699 quasvis
1517 2664 1706 2692 accusationes
1731 2672 1768 2692 ne

971 2714 1067 2738 contra
1078 2709 1224 2744 subditos;
1248 2710 1297 2738 sed
1316 2710 1380 2739 dum
1400 2714 1542 2738 accusator
1569 2709 1684 2744 diceret,
1695 2707 1765 2736 alte-

769 2798 887 2826 VARIIE
907 2798 1111 2834 LECTIONES,

167 2875 186 2888 ι’*
200 2881 229 2900 τυ
235 2873 307 2908 φλὸξ.

347 2878 359 2893 η
373 2874 546 2911 ὑπερηχείτω
561 2875 599 2902 δέ.
637 2879 647 2891 ⁸
662 2875 767 2904 τούτου.
807 2880 822 2901 P
839 2876 1054 2913 ἀδωροδόκητον.
