1928 3097
146 155 200 187 959

724 147 855 180 PHOTII
872 143 1127 178 PATRIARCHE
1144 143 1201 173 ΟΡ.

1725 135 1777 166 960

150 220 206 239 ram
238 210 387 238 auriculam
405 207 551 236 obturabat
567 215 574 234 :
593 201 741 242 symbolice
762 204 914 232 ostendens
927 223 936 236 ,

1001 200 1017 227 γὲ
1037 200 1092 227 τῶν
1107 199 1195 230 ὢτων,
1216 197 1246 224 ὲν
1266 196 1307 232 τῷ
1330 195 1393 226 τοὺς
1416 192 1588 228 κατηγόρους
1608 191 1709 226 λέγειν,
1725 191 1777 218 ἀπο

151 257 225 293 quod
254 256 300 292 qui
325 255 533 286 accusabantur,
560 256 588 280 et
611 250 750 286 iudicandi
782 254 869 282 erant,
888 248 938 276 tri-

147 303 230 331 bunal
255 302 411 330 invenirent
436 305 561 335 puruma
589 296 712 324 convicio
727 295 864 326 solitario,
888 300 940 321 nec

150 349 248 383 lingua:
282 345 476 374 detractionem
511 341 667 370 admittens.
694 340 749 368 iste
761 344 853 367 autem
878 345 941 366 cum

152 400 208 419 non
236 393 328 426 egeret
347 387 596 419 criminationibus,
616 390 664 413 aut
680 393 727 412 eas
739 385 899 419 desperaret
909 390 942 410 se

149 436 268 472 reperire
282 435 416 470 potuisse,
430 434 560 468 seipsum,
576 433 635 460 loco
660 431 759 467 linguae
771 434 799 458 et
814 435 943 457 manuum

148 482 271 510 exhibuit
295 485 389 508 contra
417 487 475 511 eos,
492 487 507 506 a
535 478 634 513 quibus
658 476 783 505 maximis
806 474 944 502 beneﬁciis

149 529 265 556 affectus
285 527 385 554 fuerat.
407 525 484 559 Quod
515 524 567 552 nisi
584 531 628 552 me
648 522 819 558 praeveniens
836 520 945 548 divinus

150 573 261 606 Paulus,
291 577 437 601 venturum
452 572 479 599 in
505 576 531 599 te
547 570 711 605 supplicium
727 576 774 603 per
786 575 859 599 eum,
898 565 944 601 qui

149 619 271 650 moribus
301 619 349 647 tibi
366 618 462 647 similis
479 622 537 645 erat
562 616 713 644 clarissime
732 613 938 649 praesiguasset,

152 664 265 692 omnino
295 665 367 694 idem
382 668 411 692 et
435 664 484 692 tibi
508 662 604 690 iisdem
618 660 684 697 ipsis
717 658 807 687 verbis
833 658 941 685 denun-

151 711 261 744 tiasscm
266 731 273 738 .

432 763 542 791 EPIST.
568 762 599 790 Ι..

333 811 442 839 Tarasio
461 810 572 845 patricio
600 809 691 843 fratri.

992 247 1120 282 ἐφραττε·
1133 244 1242 276 δεικνὺς
1258 244 1287 270 ἐν
1299 241 1337 278 τῷ
1353 240 1498 276 συμϐόλῳ,
1511 239 1550 271 ὡς
1564 237 1685 273 καθαρὸν
1703 245 1780 272 μονο-

995 291 1096 327 μεροῦς
1114 290 1265 325 λοιδορίας,
1279 288 1326 315 καὶ
1345 286 1460 321 διαϐόλῳ
1479 285 1591 320 γλώσσῃ
1606 282 1778 315 ἀνεπίϐατον,

994 338 1141 374 εὑρήσουσι
1158 336 1184 363 οί
1197 333 1433 370 κατηγορηθέντες
1443 352 1451 364 ,
1471 331 1501 358 τὸ
1516 329 1669 366 κριτήριον.
1692 329 1721 355 '0
1735 327 1780 374 δε,

997 370 1065 420 μηδὲ
1078 380 1210 409 διαϐολῶν
1230 379 1354 414 δεηθεὶς,
1368 379 1385 414 ἢ
1408 377 1475 413 μηδὲ
1495 376 1586 412 εὑρεῖν
1603 373 1727 406 ἐλπίσας,
1742 370 1781 399 οἷ-

994 438 1055 465 μαι,
1070 428 1168 460 αὐτὸς,
1186 426 1258 454 κατά
1269 426 1324 452 τῶν
1341 424 1378 451 τὰ
1399 424 1516 459 μέγιστα
1531 420 1780 456 εὐεργετησάντων,

993 475 1041 501 καὶ
1056 473 1178 508 γλῶσσαι
1197 472 1244 499 καὶ
1260 472 1368 507 χεῖρες,
1386 469 1501 503 ἐγίνετο.
1533 467 1603 494 Ἀλλ’
1617 467 1641 493 εί
1662 465 1699 501 μὴ
1715 472 1782 499 προ-

993 519 1082 548 λαϐὼν
1095 520 1171 555 ἡμᾶς
1185 519 1200 546 ὁ
1215 510 1492 548 θεσπέσιοςᾞαῦλος,
1507 514 1558 549 τὴν
1575 511 1726 548 μέλλουσάν
1742 518 1781 536 σοι

993 565 1139 601 τιμωρίαν,
1157 563 1200 591 διὰ
1216 563 1262 590 τοῦ
1279 562 1432 598 ὁμοτρόπου
1445 581 1453 593 ,
1469 559 1576 596 τρανῶς
1591 557 1764 594 προεμήνυσε
1774 575 1781 588 ,

992 611 1101 642 πάντως
1117 609 1150 637 ἂν
1166 610 1247 646 ἡμεῖς
1264 618 1305 635 σοι
1319 608 1434 643 ταύτην,
1450 606 1494 634 διὰ
1507 606 1562 632 τῶν
1577 604 1670 633 αὐτῶν
1695 601 1783 639 ῥημά-

991 665 1056 690 των,
1069 655 1325 692 διεμαρτυράμεθα.

1298 754 1411 781 ΕΠΙΣΤ.
1439 753 1482 780 N’.

1170 802 1304 837 Ταρασίῳ
1322 800 1466 836 πατρικιῳ
1477 798 1610 835 ἀδελφῷ.

773 865 908 891 Montacut.
925 863 977 896 (ep.
994 862 1050 893 160,
1066 868 1092 893 p.
1108 860 1166 894 ΞΗ)

187 924 214 952 Si
232 924 308 951 illum
337 927 464 958 expertus
488 927 676 956 cognosceres,
697 927 747 954 pro
777 926 831 954 quo
850 917 939 945 scribo

1028 915 1060 942 Εἰ
1083 915 1130 941 τοῦ
1153 913 1250 949 ἀνδρὸς
1270 913 1370 947 πεῖραν
1383 910 1475 943 λάϐοις
1490 929 1498 942 ,
1523 908 1589 945 περὶ
1612 905 1644 936 οὗ
1666 908 1785 944 γράφω.

152 979 207 999 non
223 978 266 997 me
297 970 504 996 intercessorem
537 975 586 1002 pro
606 966 652 993 illo
678 965 802 996 haberes,
829 964 876 990 sed
899 963 946 989 illo

154 1022 260 1044 uterere
275 1023 324 1050 pro
334 1014 428 1041 multis
443 1014 503 1041 aliis
520 1013 651 1039 advocato
666 1021 673 1038 ε
690 1016 758 1039 adeo
772 1010 879 1037 conﬁdo
893 1013 946 1036 tum

153 1061 275 1089 facilitati
299 1064 325 1088 et
348 1059 463 1088 bonitati
480 1078 487 1092 ,
503 1059 540 1086 ita
566 1058 626 1093 ejus
656 1056 750 1088 virtuti
779 1060 808 1084 et
828 1054 949 1082 dexteri-

153 1107 212 1135 tati.

453 1158 561 1188 EPIST.
583 1157 626 1189 LI.

365 1205 534 1234 Pmttoleonti
558 1202 721 1239 aapathario,

994 960 1087 987 οὐκέτι
1112 958 1284 995 πρεοϐευτὴν
1309 957 1379 993 ὑπὲρ
1403 957 1509 983 ἐκείνου
1536 956 1586 991 ἐμὲ
1614 954 1702 987 ἔξεις’
1727 954 1786 989 ἀλλι

995 1007 1099 1033 ἐκεῖνον
1115 1005 1185 1040 ὑπὲρ
1208 1004 1296 1031 ἄλλων
1312 1002 1429 1030 πολλῶν.
1448 1002 1526 1030 Οὓτω
1547 1002 1595 1028 καὶ
1607 1002 1641 1036 τῇ
1655 1002 1687 1036 σῇ
1703 1000 1785 1035 εὐμε-

997 1051 1072 1086 νείᾳ,
1088 1051 1135 1077 καὶ
1151 1048 1328 1084 χρηστότητι,
1344 1047 1391 1074 καὶ
1405 1047 1440 1082 τῇ
1455 1046 1561 1073 ἐκείνου
1579 1045 1663 1081 ἀρετῇ
1679 1045 1726 1071 καὶ
1740 1043 1786 1070 δε-

998 1097 1100 1132 ξιότητι
1110 1116 1118 1130 ,
1135 1095 1273 1126 πεποιθώς
1288 1095 1358 1130 εἰμι.

1294 1149 1406 1179 ΕΠΙΣΤ.
1429 1149 1496 1178 NA'.

1185 1196 1384 1225 Πανταλέοντι
1404 1194 1589 1229 ἀσπαθαριῳ.

777 1259 912 1284 Montacut.
929 1257 982 1290 (ep.
1000 1257 1054 1288 168,
1071 1263 1096 1288 p.
1111 1256 1180 1288 2L5).

191 1317 348 1354 Egyptiaca
375 1316 473 1343 mulier
489 1315 551 1347 fuit,
571 1322 631 1350 quae
645 1313 679 1340 ab
695 1312 883 1340 eﬂiorescentc
902 1309 950 1337 Jo-

156 1365 233 1400 scphi
259 1363 461 1399 pulchritudine
475 1362 582 1389 ﬂamma
596 1364 727 1394 concepta
739 1357 949 1386 incendebatur.

158 1411 211 1438 Sed
226 1414 285 1438 erat
304 1410 348 1437 ille
378 1409 441 1436 licet
455 1415 533 1442 puer,
563 1406 696 1437 Israelita,
723 1405 767 1440 qui
784 1402 950 1431 lascivientis

157 1455 260 1483 amoris
275 1461 370 1481 omnes
393 1454 482 1480 aditus
508 1457 536 1479 et
551 1458 680 1478 accessus
705 1449 867 1478 declinabat.
894 1446 951 1475 Nec

158 1501 325 1536 cupidinem,
342 1499 440 1534 iaculis
457 1497 513 1525 suis
537 1502 653 1528 tantum,
678 1495 773 1523 faculis
796 1498 824 1522 et
862 1494 924 1529 igne
941 1513 949 1526 ,

1031 1311 1181 1345 Αίγύπτιον
1197 1307 1232 1345 ἦν
1257 1309 1287 1336 τὸ
1311 1302 1534 1344 ἀναφλεγόμενον
1548 1307 1662 1342 γύναιον
1684 1307 1725 1338 είς
1739 1307 1790 1341 τὴν

997 1356 1132 1384 ἀνθοῦσαν
1151 1356 1226 1391 ὥραν
1242 1355 1290 1381 τοῦ
1321 1355 1432 1389 Ἰωσήφ.
1465 1354 1535 1383 Ἀλλ’
1564 1353 1734 1389 Ἰσραηλίτης
1754 1349 1791 1388 ἦν

998 1405 1111 1435 ἐκεῖνος,
1123 1403 1147 1429 εἰ
1161 1402 1209 1429 καὶ
1230 1402 1312 1433 παῖς,
1325 1401 1340 1427 ὁ
1353 1401 1445 1432 πάσας
1459 1400 1507 1427 τοῦ
1522 1400 1675 1427 ἀκολάστου
1688 1399 1791 1434 ἔρωτος

998 1447 1183 1483 πρεψᾴμενος
1195 1445 1245 1477 τὰς
1265 1445 1431 1481 προσϐολάς.
1448 1446 1503 1472 Καὶ
1521 1446 1553 1472 οὐ
1573 1446 1654 1481 μόνον
1668 1445 1722 1471 τῶν
1745 1444 1792 1480 βε-

996 1493 1061 1525 λῶν,
1077 1490 1118 1524 οἷς
1131 1492 1212 1519 αὺτὸν
1227 1490 1385 1523 ὁπλίζουσιν
1401 1491 1426 1517 oi
1443 1491 1524 1526 μῦθοι
1538 1511 1546 1524 ,
1559 1490 1726 1525 γυμνώσας,
1743 1492 1793 1518 καὶ

158 1535 203 1579 ac,
214 1546 275 1573 aliis
304 1545 404 1580 quibus
419 1544 494 1571 illum
515 1543 613 1570 fabulae
637 1545 788 1573 exornant,
805 1539 945 1575 spoliavit:

1001 1539 1051 1565 :th
1066 1537 1184 1572 πτερῶν,
1200 1537 1248 1564 καὶ
1263 1536 1310 1564 τοῦ
1330 1535 1434 1571 πυρὸς,
1456 1535 1524 1563 ἀλλὰ
1546 1535 1607 1571 μηδ’
1623 1535 1656 1562 ἂν
1671 1535 1793 1570 ὑπάρξαι

159 1592 207 1620 sed
226 1591 398 1619 manifestius
417 1589 564 1617 declaravit
588 1587 689 1615 nullam
702 1587 814 1615 omnino
835 1585 880 1613 illa
901 1592 949 1612 ex-

158 1636 309 1664 sislentiam
330 1635 469 1670 possidere
493 1634 537 1661 :si
565 1641 620 1660 non
646 1633 680 1660 ab
702 1631 844 1659 aﬂeetibus
873 1629 950 1657 malis

159 1681 270 1709 inescati
296 1680 423 1707 homines
448 1679 680 1714 amplecterentur
708 1681 735 1704 et
750 1674 950 1704 foverent.\’e-

159 1735 221 1754 reor
238 1731 329 1754 autem
356 1733 390 1753 ne
414 1729 450 1759 te,
469 1724 515 1759 qui
539 1732 569 1751 es
587 1722 707 1750 Israelita
722 1721 871 1749 secundum
888 1728 950 1755 gra-

160 1772 235 1805 tiam,
253 1777 281 1800 et
296 1771 330 1799 ad
343 1771 405 1798 vita:
430 1774 482 1798 tuae
491 1769 638 1797 terminum
653 1771 823 1803 provectum,
837 1766 952 1794 barbara

159 1817 303 1853 cupiditas,
326 1821 354 1844 et
365 1824 420 1843 non
439 1815 481 1843 illa
501 1815 613 1848 amoris,
627 1813 755 1841 acerbum
775 1820 840 1840 vero
854 1817 882 1840 et
892 1816 951 1839 tur-

160 1865 301 1891 bulcntum
328 1867 477 1890 amatorem
494 1861 648 1897 possidens,
666 1859 819 1888 clanculum
835 1863 862 1886 et
883 1865 953 1893 pau-

160 1910 236 1936 latim
255 1909 283 1936 in
305 1913 454 1936 extremam
474 1911 586 1942 proruat
612 1905 772 1941 perniciem,
796 1907 824 1931 et
853 1902 952 1931 exinde

160 1962 196 1981 ne
209 1957 303 1981 contra
329 1961 410 1988 quam
428 1951 551 1987 Josephi,
566 1952 629 1979 vita:
646 1955 699 1978 tua:
732 1950 822 1978 exitus
837 1956 952 1976 enarre-

161 2002 214 2024 tur.
232 1996 320 2024 Senex
349 2000 421 2023 amat
436 1996 606 2023 meretricem
622 1995 764 2022 barbaram
776 2015 783 2027 ,
806 1993 850 2020 illa
876 1992 951 2020 deci-

162 2043 235 2078 pitur
255 2047 301 2069 aut
322 2041 467 2074 excutitur,
491 2041 539 2068 sed
561 2041 606 2068 ille
634 2048 753 2067 amorem
774 2047 854 2067 suum
865 2039 894 2066 in
918 2046 951 2066 eo

161 2087 311 2115 consistere
336 2086 410 2119 fecit,
433 2094 519 2121 usque
535 2086 599 2113 dum
624 2086 670 2112 illa
697 2085 809 2113 eﬂ'etum
842 2089 951 2112 amato-

1003 1581 1143 1615 διελέγξας
1157 1582 1226 1613 ὅλως
1240 1601 1248 1614 ,
1277 1582 1303 1608 εί
1334 1582 1371 1617 μὴ
1397 1582 1520 1616 συνεῖχον
1543 1580 1623 1607 αὐτὸν
1644 1581 1691 1608 καὶ
1713 1589 1794 1616 περι-

1003 1627 1119 1655 έθαλπον
1132 1628 1160 1654 αι
1173 1628 1227 1654 τῶν
1240 1628 1298 1660 τοῖς
1312 1628 1436 1663 αἰσχροῖς
1457 1627 1593 1663 ἡδομένων
1608 1627 1703 1662 ὁρμαί.
1716 1627 1750 1653 Σὲ
1765 1627 1794 1654 δὲ

1004 1675 1093 1702 καίτοι
1107 1674 1157 1708 τῆς
1181 1673 1292 1709 χάριτος
1306 1673 1476 1710 Ἰσραηλίτην
1488 1673 1553 1699 ὅντα
1565 1693 1572 1705 ,
1586 1673 1635 1699 καὶ
1649 1672 1718 1708 πρὸς
1734 1672 1794 1707 βίου

1005 1720 1153 1755 βαθύνοντα
1170 1720 1267 1755 πέρας,
1279 1719 1385 1746 δέδοικα
1399 1719 1463 1755 μὴὴ
1479 1719 1617 1754 βάρϐαρος
1632 1718 1776 1751 πλεονεξία
1785 1739 1793 1751 ,

1004 1764 1054 1790 οὐκ
1070 1764 1162 1800 ὲρῶσα
1174 1785 1181 1798 ,
1198 1763 1296 1799 πικρὸν
1311 1763 1340 1790 δὲ
1354 1764 1401 1790 καὶ
1423 1763 1538 1798 ὀχληρὸν
1551 1762 1668 1798 ἐραστὴν
1691 1770 1796 1798 κτησα-

1007 1810 1074 1845 μένη
1085 1831 1092 1842 ,
1110 1809 1178 1846 λάθῃ
1194 1809 1264 1836 κατὰ
1281 1808 1378 1844 μικρὸν
1393 1809 1434 1840 εἰς
1450 1807 1563 1842 ἔσχατον
1579 1807 1715 1838 ἀπωλείας
1730 1815 1797 1833 συν-

1006 1854 1174 1889 εφέλκουσοι,
1199 1853 1245 1881 καὶ
1269 1852 1419 1888 καταλείψῃ
1447 1851 1494 1878 τοῦ
1520 1851 1661 1887 σώφρονος
1695 1851 1796 1887 Ἰωσὴφ

1003 1899 1181 1934 ἀντίστροφον
1197 1898 1235 1933 τῷ
1251 1898 1301 1934 βίῳ
1314 1898 1448 1934 διήγημα.
1460 1898 1552 1932 Γέρων
1567 1898 1638 1933 ῆρας
1655 1896 1796 1933 βαρϐάρου

1006 1945 1150 1980 μαχλάδος·
1164 1945 1181 1979 ὴ
1192 1943 1396 1978 δὲδιεκρούετοι
1413 1943 1470 1970 ἀλλ’
1487 1944 1592 1975 ἐκεῖνος
1610 1944 1707 1979 μέχρις
1724 1944 1798 1970 ὲκείς

1004 1999 1050 2017 νου
1064 1990 1110 2017 τὸν
1125 1989 1214 2025 ἔρωτα
1229 1989 1326 2026 ἔστησε
1343 1990 1440 2025 μέχρις
1456 1988 1548 2025 ἐκείνη
1564 1990 1610 2015 τὸν
1621 1988 1721 2024 ἔξωρον
1735 1991 1798 2024 ἔρα-

1007 2037 1072 2072 στὴν
1089 2037 1143 2071 λτοῦ
1169 2036 1250 2072 κόρου
1277 2037 1325 2063 καὶ
1340 2053 1346 2058 -
1362 2036 1413 2071 τῆς
1437 2036 1577 2072 ὀχλήσεως
1603 2035 1796 2071 μυσαχθεῖσα,

1006 2083 1083 2118 βάθει
1097 2082 1144 2109 τοῦ
1160 2081 1272 2117 ὀλέθρου
1286 2082 1417 2118 βαράθρῳ
1431 2082 1584 2118 κατέρῤαξε
1599 2081 1795 2118 συνωθήσασα.

163 2143 231 2168 rem,
255 2135 380 2162 satietate
397 2135 441 2170 iet
458 2133 665 2169 importunitate
691 2133 823 2166 aversior,
847 2130 982 2167 profundo
1008 2129 1167 2165 perditionis
1200 2130 1339 2164 barathro,
1352 2138 1407 2157 una
1423 2138 1485 2158 eum
1515 2130 1574 2159 ipso
1610 2131 1803 2166 praecipitatat

161 2181 185 2207 al
190 2180 254 2208 lisit.

427 2235 538 2264 EPIST.
554 2234 610 2262 [ιιι.

336 2282 511 2312 Constantino
538 2281 657 2309 notario.

1303 2232 1415 2259 ΕΠΙΣΤ.
1433 2231 1495 2259 ΝΒ’.

1215 2278 1431 2312 Κωνσταντινῳ
1442 2277 1590 2312 rumpia).

780 2339 914 2364 Montacut.
931 2339 984 2372 (eo.
1003 2338 1055 2368 172,
1072 2345 1097 2369 p.
1109 2337 1177 2368 Su).

216 2393 322 2421 Momus
344 2397 418 2420 certe
432 2392 507 2428 (nam
533 2396 565 2420 ut
584 2390 675 2423 video,
704 2391 776 2426 quod
805 2390 950 2418 dolendum

163 2446 216 2473 est,
231 2441 330 2468 frustra
343 2440 369 2468 in
391 2440 518 2476 praesenti
545 2440 579 2468 de
601 2439 705 2467 Divinis
733 2438 856 2466 Oraculis
873 2437 954 2465 adbi-

164 2489 266 2515 bcntur
288 2486 500 2522 admonitiones)
515 2486 651 2521 duplicem
663 2492 777 2519 eamque
794 2484 952 2518 discrepan-

165 2539 218 2561 tem
233 2533 347 2560 sortitur
374 2538 509 2560 naturam.
532 2530 599 2558 Nam
614 2531 636 2558 si
659 2531 681 2558 is
711 2530 756 2566 qui
786 2529 954 2557 calumniam

163 2578 296 2615 lmpiugit.
316 2586 376 2606 cum
401 2579 515 2606 veritate
539 2577 710 2612 coniunctam
723 2576 815 2608 infert,
827 2575 955 2603 adversa-

163 2626 234 2653 rium
259 2632 338 2652 suum
351 2624 505 2651 convictum
535 2629 652 2650 maerore
669 2621 762 2649 allicit.
781 2619 828 2648 Sin
843 2619 953 2647 menda-

166 2672 235 2700 citer
260 2671 380 2698 vicinum
402 2669 526 2704 impetit,
543 2669 577 2697 ab
593 2668 638 2696 illo
648 2671 803 2703 oppugnata
818 2665 953 2694 calumnia

163 2717 271 2749 resiliit,
287 2721 314 2744 et
338 2717 367 2744 in
384 2715 430 2743 illo
449 2715 589 2747 consedet,
606 2715 653 2750 qui
678 2713 842 2750 imputavit;
861 2713 889 2740 in
914 2712 953 2747 ip-

166 2767 286 2790 summet
301 2770 333 2790 ea
360 2761 452 2790 omnia
482 2760 618 2789 convertit
637 2768 698 2795 qua:
724 2759 849 2794 nequiter
873 2757 900 2785 in
921 2757 955 2784 il-

165 2809 221 2836 lum
242 2811 438 2840 contexuerat,
453 2807 499 2842 qui
522 2805 817 2841 reprehensionijusta:
832 2812 887 2831 non
907 2803 957 2830 de-

165 2853 203 2879 dit
234 2853 346 2880 aditum.
367 2853 407 2880 Tu
432 2857 522 2888 igitur,
539 2851 585 2888 qui
600 2850 750 2879 calumnias
770 2850 807 2879 illi
822 2850 954 2883 inccssas,

1038 2391 1070 2417 Ὀ
1094 2390 1199 2426 Μῶμος
1218 2390 1362 2426 (περιττὸν
1383 2389 1437 2426 γὰρ
1457 2388 1505 2417 νῦν
1526 2388 1583 2424 6ρῶ
1600 2389 1650 2420 τὰς
1669 2388 1714 2416 διὰ
1738 2389 1809 2416 τῶν»

1001 2437 1086 2464 Θείων
1100 2436 1214 2471 Λογίων,
1228 2436 1311 2472 οἴμοι,
1328 2435 1522 2471 παραινέσεις)
1536 2435 1634 2471 διπλῆν
1656 2444 1715 2467 πως
1727 2435 1790 2471 ἔχει

1002 2483 1050 2510 καὶ
1068 2482 1260 2518 ἀντικειμένην
1277 2481 1326 2517 τὴν
1342 2481 1435 2516 φύσιν.
1461 2482 1509 2507 Ἂν
1525 2481 1576 2516 μὲν
1593 2482 1647 2517 γὰρ
1668 2482 1682 2508 ὁ
1701 2482 1799 2516 φέρων

1004 2529 1095 2562 αὐτὸν,
1110 2528 1238 2563 ἀληθεύοι
1254 2528 1314 2554 καθ’
1330 2524 1362 2557 οὗ
1378 2527 1496 2563 τίθησιν,
1512 2527 1621 2563 ἐλέγχει
1646 2527 1694 2554 καὶ
1713 2527 1802 2554 λυπεῖ

1004 2575 1048 2601 τὸν
1062 2574 1198 2601 ὑπαίτιον·
1217 2573 1250 2600 ἂν
1265 2573 1293 2600 δὲ
1307 2573 1469 2609 ψευδόμενος
1488 2572 1569 2600 αὑτὸν
1582 2572 1652 2599 κατὰ
1665 2572 1711 2599 τὸν
1724 2572 1800 2608 πλη-

1002 2620 1060 2647 σίον
1078 2613 1250 2651 ἀποτίθοιτο,
1269 2619 1373 2645 ἐκείνου
1393 2618 1442 2653 μὲν
1457 2617 1603 2653 ἀποπηδᾷ,
1627 2618 1801 2653 ὲπικὰοηται

1000 2666 1029 2692 δὲ
1044 2665 1082 2700 τῷ
1097 2665 1252 2700 κομίσαντι,
1266 2664 1309 2691 ἐπ’
1321 2663 1402 2690 αὑτὸν
1417 2664 1526 2691 ἅπαντα
1538 2663 1674 2699 στρέφων,
1689 2663 1802 2698 ὅσαπερ

1003 2713 1084 2744 αὐτὸς
1098 2712 1169 2739 κατὰ
1184 2711 1231 2738 τοῦ
1249 2711 1286 2746 μὴ
1301 2711 1448 2742 δεδωκότος
1461 2712 1492 2746 τῇ
1511 2710 1586 2746 αἰτίᾳ
1600 2710 1650 2745 τὴν
1664 2709 1803 2746 πάροδον,

1002 2756 1215 2793 ὲπονηρεύσατο.
1235 2757 1307 2792 Ὅρα
1318 2755 1365 2784 οὖν
1379 2756 1426 2783 καὶ
1441 2756 1473 2783 σὺ
1487 2757 1527 2788 εἰς
1542 2756 1638 2791 ἀνδρὸς
1652 2754 1806 2791 δμϐαίνων

1006 2801 1127 2837 μώμους,
1145 2801 1175 2828 ὃν
1193 2801 1218 2828 οἱ
1231 2801 1281 2836 τῆς
1292 2801 1434 2832 εὐσεϐείας
1445 2801 1604 2836 ἀγωνισταὶ,
1619 2801 1735 2836 γνήσιον
1746 2801 1807 2834 τῆς

1006 2849 1105 2885 ἀρετῆς
1118 2847 1237 2885 ἐραστὴν
1246 2847 1357 2885 ὁρῶσιν,
1371 2847 1398 2875 τί
1413 2847 1521 2884 μέλλεις
1531 2847 1671 2883 ’πράττειν⁸
1684 2847 1809 2875 ἐπειδᾶν
