1928 3097
139 146 190 187 961

708 153 978 185 EPISTOLARUM
996 153 1112 184 LIBER
1135 155 1194 186 Ill.

1726 162 1779 193 962

137 213 153 239 ό
167 220 218 239 κατ
251 211 318 239 αὑτό
336 220 368 247 γε
389 211 468 240 τοῦτο
481 212 652 244 δικαιότατος
667 213 785 248 Μῶμος,
800 212 851 239 οὐκ
866 212 925 247 ἔχω·

987 219 1079 246 quem,
1094 213 1140 247 qui
1164 220 1214 248 pro
1228 213 1328 248 pietate
1343 219 1480 244 certamen
1500 217 1605 250 ineunt,
1617 225 1776 253 germanum

139 259 212 290 ὅπως
227 258 427 294 ὲναπερείδοιτο
442 259 482 294 τῷ
498 259 588 294 μάτην
602 258 752 285 αίτιαθέντι
772 258 814 293 (οὗ
830 257 885 294 γὰρ
898 259 927 285 αἱ

139 304 215 331 σκιαὶ
236 304 291 331 τῶν
305 305 479 339 κατηγοριῶν
502 304 560 331 ἀλλ’
584 305 612 332 αἱ
637 304 751 340 πράξεις
776 303 876 339 ἵδρυμα
888 303 928 339 τῷ

137 347 253 384 Μώμῳ)
269 349 309 379 είς
323 348 369 374 τὸν
388 348 488 381 ἀδίκως
508 349 712 384 αἰτιασάμενον,
738 348 808 384 μετὰ
828 347 929 383 πολλῆς

137 393 188 428 τῆς
204 394 394 430 πεποιθήσεως
410 395 458 421 καὶ
473 395 565 429 ίσχύος
578 394 787 430 ὲπαναστρέψας
797 415 806 428 ,
824 393 927 421 ἀθάνα-

137 447 182 466 τον
197 440 272 475 αὐτῷ
281 440 457 474 διαφυλάττοι
472 440 502 466 τὸ
513 440 617 467 δίκαιον
632 439 744 472 ὄνειδος.

979 257 1089 284 virtutis
1103 265 1225 286 amorem
1236 265 1387 295 agnoscunt
1400 281 1407 294 ,
1429 261 1493 289 vide
1508 266 1536 289 et
1558 262 1700 290 considera
1720 263 1757 290 sis
1768 283 1778 296 ,

976 302 1042 338 quid
1088 307 1216 332 attentas.
1245 305 1313 332 Cum
1355 307 1427 333 enim
1467 306 1572 335 Momus
1608 308 1776 343 iustissimus

977 349 1004 376 in
1028 350 1081 377 hoc
1094 350 1206 383 arbiter,
1233 359 1287 378 non
1307 352 1441 380 invenerit
1476 354 1563 387 ineo,
1589 355 1634 389 qui
1671 354 1775 383 frustra

981 401 1125 423 accusatur
1154 397 1200 424 ubi
1223 397 1344 426 resideat
1361 404 1460 435 (neque
1478 401 1551 427 enim
1577 401 1775 428 calumniarum

976 442 1091 473 umbras,
1112 442 1160 470 sed
1175 443 1285 471 realitcr
1301 444 1410 472 actitata
1428 445 1509 473 Momi
1536 446 1614 474 sedes
1646 446 1720 481 sunt)
1749 447 1777 473 in

137 494 199 514 eum
228 487 274 522 qui
297 489 397 522 injuste
411 488 550 515 hominem
578 488 716 515 accusavit
730 496 827 524 magna
850 495 913 514 cum
934 489 1096 517 confidentia
1124 493 1152 517 et.
1177 491 1304 519 violentia
1325 493 1461 520 resultans
1497 494 1647 521 immortale
1668 493 1692 521 ei
1727 493 1776 520 de‘

137 532 333 568 decusjustum
351 539 507 569 comparat,
520 541 571 561 nec
587 533 700 567 injuria.

432 601 544 629 Eutzr.
564 575 628 629 ﬁt”.
757 584 774 590 “

375 657 495 693 Ἰωάννη
514 659 670 692 πατρικίῳ.

1279 604 1391 633 EPIST.
1407 606 1462 634 Llll

1252 662 1353 690 Joanni
1368 665 1480 699 patricio

757 720 891 745 Montacut.
905 719 957 751 (ep.
976 720 1029 752 185,
1046 729 1071 753 p.
1085 722 1150 751 275).

171 769 217 805 Τῷ
232 769 281 805 μὲν
297 769 379 806 φίλῳ,
397 770 472 806 ὑπὲρ
489 769 520 799 οὗ
534 773 686 808 πρεσϐεύω,
702 773 739 805 ὡς
753 775 801 801 καὶ
815 775 931 810 πρόσθεν

1018 776 1131 804 Amicus
1151 778 1205 817 ine.
1223 778 1301 813 cujus
1322 785 1372 814 ago
1388 786 1510 812 causam,
1529 778 1601 814 quod
1612 778 1773 814 jamdudum

136 815 222 850 ἔγνως
235 836 242 848 ,
259 817 323 852 περὶ
334 816 424 853 ψυχήν
437 818 510 844 ἐστιν
531 819 545 845 ὁ
565 819 652 853 ἀγῶν’
671 820 704 846 σὺ
717 820 757 852 δὲ,
771 821 809 852 ὡς
827 821 925 847 ἐκεῖνον

984 825 1057 848 recte
1074 815 1203 858 intelligis
1216 823 1250 850 de
1263 824 1317 850 vita
1348 831 1396 851 sua
1413 824 1579 858 periclitatur
1596 834 1603 852 :
1627 823 1668 851 Tu
1680 832 1774 859 porro,

135 861 200 896 ὁρᾷν
223 861 281 888 ἔστι
291 881 298 894 ,
313 861 365 889 κᾶν
380 862 471 897 λέγει,
487 864 604 892 Λεσϐίαν
620 865 694 900 αὐτῷ
713 865 803 898 δεξιὰν
817 867 925 902 προτεί-

135 915 201 938 νεις.
217 906 265 933 Ἂν
281 906 333 943 μὲν
353 906 399 934 οὖν
410 908 492 940 αὐτὸς
511 910 640 937 οὐδέποτε
661 911 743 937 πάθει
761 911 925 946 περιέπεσας

134 951 264 987 τοιούτῳ,
283 953 353 987 μέγα
370 953 419 988 μὲν
433 953 535 988 λέγεις·
556 955 656 990 μᾶλλον
675 956 720 989 δὲ,
736 956 804 983 διότι
819 957 856 992 μὴ
874 957 924 983 πέο

134 996 254 1030 πονθας,
277 997 420 1034 χρεώστην
440 1000 553 1027 σεαυτὸν
567 1001 614 1028 τοῦ
637 1002 782 1038 οίκτείρειν
806 1003 925 1037 ἀποφαί-

133 1050 199 1073 νεις’
217 1042 333 1078 φοϐερὸν
350 1043 405 1080 γάρ
428 1045 487 1076 πώς
503 1046 578 1073 ἐστιν
593 1047 623 1074 ὲν
639 1049 673 1083 τῇ
692 1048 773 1082 φύσει
788 1049 817 1076 ὲν
834 1050 924 1081 ἄλλοις

135 1087 255 1124 μάλιστα
267 1089 449 1125 προορώμενα
461 1090 496 1117 τὰ
510 1092 632 1126 ἀλγεινὰ,
646 1093 734 1125 ἄλλως
747 1102 778 1120 τε
793 1095 817 1121 εἰ
835 1096 924 1129 κρεῖτ-

133 1142 179 1161 τον
200 1134 280 1170 μέχρι
302 1134 349 1161 νῦν
371 1135 426 1162 τῶν
444 1136 473 1162 ὲν
491 1137 647 1173 ἀνθρώποις
670 1139 808 1175 ὲτηρήθης
828 1141 924 1176 δυσχε-

134 1180 226 1214 ρειῶν·
247 1180 279 1206 οὐ
303 1181 357 1216 γὰρ
380 1181 543 1218 εὐπρόσοδον
568 1184 607 1219 τῷ
636 1186 790 1222 πρεσϐευτῇ
823 1187 922 1222 ἁθρόον

133 1225 273 1260 ἐμϐαίνειν
288 1227 326 1258 είς
341 1227 390 1261 τὴν
401 1228 555 1263 ἀνάμνησιν
565 1230 620 1257 τῶν
635 1230 776 1267 λυπηρῶν,
796 1232 854 1259 ἀλλ’
875 1230 922 1259 οὖν

133 1270 283 1304 ἀσφαλίσαι
306 1272 337 1298 τὸ
363 1273 458 1308 μέλλον
480 1274 524 1301 διὰ
552 1276 601 1310 τῆς
628 1278 788 1312 συμπαθοῦς
805 1279 869 1314 περὶ
891 1278 921 1305 τὸ

133 1317 267 1351 ὁμόφυλον
282 1318 409 1353 σπουδῆς.
432 1319 520 1346 Εἵωθε
540 1322 592 1356 γάρ
616 1331 675 1355 πως
697 1324 732 1350 τὰ
747 1323 837 1356 δεινὰ,
858 1325 922 1356 τοὺς

135 1361 217 1397 μέχρι
231 1362 329 1389 πολλοῦ
341 1362 522 1398 διαφυγόντας
542 1366 612 1394 αὐτὰ
623 1388 630 1400 ,
648 1368 748 1402 μᾶλλον
767 1369 821 1395 τῶν
834 1369 922 1396 ἄλλων

133 1406 324 1443 ὲποφθαλμιᾷν
339 1409 386 1435 καὶ
407 1410 596 1446 σφοδρότερον,
621 1413 638 1448 ἢ
660 1412 706 1444 οὒς
721 1414 853 1447 πολλάκις
872 1424 922 1442 κα-

133 1454 288 1489 τελάϐοντο,
301 1455 420 1483 διώκειν·
435 1458 483 1484 καὶ
494 1459 570 1486 οὐδὲν
582 1460 637 1496 όρῶ
647 1461 753 1488 τοιοῦτο
776 1462 844 1498 πρὸς
856 1463 921 1489 άπο‹

979 867 1051 900 quod
1069 867 1096 893 in
1122 867 1168 894 illo
1188 868 1250 895 licet
1263 868 1375 900 intueri,
1398 868 1533 900 Lesbiam.
1554 873 1694 903 utcunque
1705 869 1772 896 nihil

975 911 1058 943 dicat,
1072 920 1181 940 manum
1199 914 1316 949 porrigis
1341 923 1348 941 :
1374 914 1397 941 si
1413 914 1471 948 ipse
1487 914 1555 941 nihil
1573 914 1625 941 tale
1648 914 1772 949 aliquan-

974 958 1010 986 do
1034 964 1182 992 perpcssus
1203 967 1243 990 es,
1258 967 1385 994 magnum
1408 964 1450 986 est
1466 959 1538 994 quod
1552 958 1621 985 dicis
1636 967 1644 991 ;
1663 958 1710 985 sed
1725 962 1765 985 ta-

974 1012 1036 1032 men
1066 1006 1092 1032 in
1111 1013 1145 1033 eo
1164 1006 1236 1040 quod
1250 1013 1397 1040 perpessus
1424 1005 1495 1032 nihil
1521 1004 1575 1032 tale
1591 1003 1773 1043 tueris,debi—

975 1058 1020 1088 ιοι·
1037 1050 1234 1078 misericordiae
1253 1050 1384 1078 faciendae
1414 1051 1500 1078 multo
1528 1050 1614 1086 magis
1628 1050 1768 1085 obligaris:

973 1096 1132 1123 naturaliter
1160 1095 1365 1123 formidolosum
1389 1101 1430 1123 est
1451 1096 1542 1123 futura
1572 1095 1640 1122 mala
1674 1094 1773 1130 ιπιὲνί-

974 1142 1048 1175 dere,
1067 1141 1209 1176 imprimis,
1237 1142 1259 1169 si
1276 1149 1336 1176 quae
1351 1142 1506 1169 hominibus
1520 1141 1632 1168 adversa
1662 1140 1771 1168 coutin-

973 1195 1036 1223 gere
1052 1188 1150 1220 solent,
1167 1195 1249 1222 seque
1272 1187 1306 1215 ad
1335 1188 1408 1215 hunc
1439 1188 1510 1223 diem
1530 1188 1671 1215 observata
1691 1191 1773 1226 nota_

972 1233 1017 1260 sti.
1041 1233 1101 1260 Non
1124 1238 1166 1260 est
1180 1233 1312 1268 legatione
1325 1232 1447 1267 iungenti
1472 1240 1620 1268 congruum
1634 1233 1776 1266 constipa-

973 1278 1021 1305 tim
1052 1286 1184 1313 proruere
1213 1279 1240 1305 in
1255 1278 1387 1306 malormn
1413 1279 1711 1312 commemorationem,
1725 1279 1773 1306 sed

972 1324 1094 1352 futurum
1130 1329 1237 1359 oportet
1258 1332 1421 1359 prmcavere,
1442 1332 1491 1360 per
1515 1325 1644 1352 allectum
1669 1330 1695 1352 et
1713 1329 1773 1352 stn-

972 1371 1046 1399 dium
1067 1378 1129 1405 erga
1150 1378 1207 1404 eos,
1231 1371 1276 1406 qui
1307 1375 1371 1398 sunt
1392 1371 1513 1406 ejusdem
1534 1377 1639 1400 natura:
1653 1372 1765 1407 partici-

972 1425 1031 1453 pes.
1069 1417 1126 1446 Usn
1152 1418 1225 1445 enim
1254 1417 1289 1444 ita
1320 1423 1503 1453 comparatur,
1527 1422 1557 1446 ut
1579 1418 1692 1446 adversa
1713 1418 1773 1446 illos

975 1462 1068 1490 invido
1097 1462 1183 1498 magis
1205 1462 1297 1490 animo
1308 1463 1477 1496 intueantur,
1508 1463 1553 1498 qui
1573 1471 1703 1498 prospera
1718 1464 1772 1490 for-

135 1501 240 1536 τροπὴν
262 1500 317 1528 τῶν
344 1502 374 1528 ὲν
396 1503 549 1539 ἀνθρώποις
564 1506 761 1541 περιστάσεων,
777 1508 814 1540 ὡς
831 1509 862 1535 τὸ
875 1511 925 1542 τοίς

982 1513 1047 1535 tuna
1067 1508 1114 1535 diu
1137 1508 1178 1535 nsi
1198 1513 1262 1536 sunt
1282 1517 1288 1535 :
1310 1516 1390 1543 quam
1414 1509 1484 1542 illos,
1504 1517 1573 1544 quos
1601 1508 1772 1543 frequentius

135 1547 303 1582 ὲμπεσοῦσιν
324 1548 449 1576 ἵστασθαι
466 1549 573 1585 βοηθόν.
593 1552 624 1578 Εί
635 1552 657 1579 δ’
669 1553 813 1589 ἄνθρωπος
830 1554 867 1582 ὢν
880 1557 929 1583 καὶ

135 1593 234 1626 αὐτὸς,
258 1593 441 1629 ὲκοινώνησας
459 1597 516 1627 τοῖς
527 1596 682 1632 ἀνθρώποις
701 1603 725 1631 ιι,
747 1601 840 1628 ἐκεῖνα
853 1601 927 1636 λογί-

137 1639 195 1671 ζου,
209 1639 227 1666 ὂ.
241 1648 270 1666 σε
288 1640 347 1666 τότε
369 1641 530 1676 διεστρόϐει,
547 1642 594 1669 καὶ
607 1643 771 1680 συνέστρεφε
786 1647 821 1673 τὰ
841 1647 928 1674 σπλά-

135 1692 223 1719 γχνα,
239 1686 286 1712 καὶ
305 1685 364 1712 ὅλον
378 1687 486 1722 πικρῶς
514 1688 693 1722 ἐπεϐόσκετο,
710 1689 826 1718 θανάτου
845 1692 928 1728 βαρυ-

135 1729 219 1764 τέραν
239 1730 424 1764 ἀποφαίνοντα
445 1732 494 1768 τὴν
516 1732 590 1768 ζωήν
604 1742 612 1749 ι
637 1734 778 1770 μέμνημαι
794 1736 848 1772 γάρ
862 1746 927 1764 ποτε

137 1774 184 1801 καὶ
199 1774 254 1809 ἐγὼ
264 1796 271 1808 ,
285 1775 349 1802 είτι
366 1776 405 1812 μὴ
425 1777 479 1803 ὑπὸ
495 1778 544 1813 τῆς
558 1780 696 1815 συνεχείας
713 1781 767 1808 τῶν
780 1783 873 1809 κακῶν
888 1785 928 1816 είς

136 1818 257 1854 ὀνείρους
273 1820 466 1856 ἀποφέρομαι,
479 1822 600 1849 τοιοῦτόν
624 1832 651 1850 τι
671 1823 695 1858 (ὁ
713 1825 749 1860 μὴ
764 1825 868 1859 γένοιτο
880 1827 926 1853 τοῦ

135 1864 248 1901 λοιποῦ)
265 1866 312 1892 καὶ
328 1865 393 1901 περὶ
407 1867 457 1902 τὴν
474 1867 523 1902 σὴν
539 1868 688 1904 εὐκληρίαν
700 1870 869 1906 ἀπαντῆσαν·
882 1872 926 1898 ὅτε

135 1910 167 1936 τὸ
181 1911 259 1946 ὄμμα
275 1911 356 1947 ξηρὸν
379 1913 448 1948 πρὸς
470 1913 576 1946 πάντας
596 1915 716 1950 ἀνέῳκτο
728 1937 735 1949 ,
752 1917 843 1952 πάσης
856 1926 927 1953 συμ-

137 1956 222 1990 φυοῦς
240 1957 346 1989 λιϐάδος
360 1958 589 1995 ἁπαναλωθείσης
600 1962 656 1994 τοῖς
672 1962 797 1998 δάκρυσι·
812 1964 859 1991 καὶ
871 1966 927 2000 χεϊ‹

136 2011 183 2037 ρες
206 2002 259 2038 πρὸ
283 2003 337 2030 τῶν
364 2004 451 2039 λόγων
473 2005 522 2041 τὴν
544 2007 648 2035 ἱκεσίαν
676 2009 876 2045 προύϐάλλοντο
895 2011 926 2038 τὺ

135 2046 282 2083 πρόσωπον
306 2050 506 2085 συντηκόμενον
526 2052 566 2084 εἰς
588 2053 690 2088 πολλὴν
701 2054 764 2086 τοὺς
786 2055 924 2090 δρῶντας,

135 2093 184 2119 καὶ
205 2093 259 2126 πρὸ
282 2094 336 2122 τῶν
351 2096 462 2132 χειρῶν,
476 2097 569 2125 ἐκάλει
594 2099 779 2134 συμπάθειαν·
805 2102 851 2128 καὶ
865 2102 926 2129 ὅλον

135 2135 191 2172 εἶχε
234 2138 364 2174 σύγχυσις
400 2141 448 2168 καὶ
492 2144 627 2179 κατήφεια
656 2146 703 2172 καὶ
734 2146 848 2181 γνόφος·
877 2148 924 2175 καὶ

136 2183 268 2218 κρείττων
299 2186 316 2220 ἡ
347 2187 410 2222 σιγὴ
439 2187 485 2218 τοῦ
527 2189 587 2216 τότε
624 2190 803 2226 διηγήματος.
831 2192 924 2221 Ταῦτα

135 2229 181 2264 δὴ,
194 2228 280 2256 ταῦτα
298 2226 339 2265 (ὧ
353 2233 451 2267 μηκέτι
480 2234 613 2269 μηδαμῶς
635 2236 748 2264 τοιαῦτα
771 2239 869 2266 παθεῖν
893 2248 924 2266 σε

137 2273 238 2310 ῑδοιμι)
257 2277 403 2312 σωφρόνως
430 2278 616 2314 ἀναμνησθεὶς
644 2282 789 2319 (πολλαχοῦ
808 2285 863 2320 γὰρ
877 2285 924 2312 εὓ-

135 2327 255 2367 χρηστον
269 2321 286 2357 ἡ
303 2322 398 2358 μνήμη
411 2324 466 2350 τῶν
480 2324 621 2361 λυπηρῶν)
636 2346 644 2359 ,
658 2329 737 2361 γενοῦ
755 2331 856 2367 σωτὴρ,
869 2329 925 2359 οἷον

135 2364 220 2408 ηρχου
235 2374 276 2392 σοι
295 2367 424 2401 γενέσθαι
443 2369 504 2395 τότε
520 2370 568 2405 (οὐ
587 2371 641 2407 γὰρ
667 2373 734 2408 ἐμὸν
754 2364 852 2408 εἰπείν,
869 2375 925 2404 οἷον

135 2407 239 2446 εὗρες),
259 2410 297 2447 τῷ
310 2411 357 2439 νῦν
368 2413 408 2445 εἰς
417 2413 466 2446 τὰς
474 2414 569 2450 ὁμοίας
579 2407 721 2454 συμφορὰς
733 2407 923 2451 καταπεσόντι.

135 2454 175 2484 Εὖ
193 2458 247 2493 γὰρ
265 2458 329 2491 ίσθι,
344 2460 382 2492 ὡς
395 2461 458 2496 ὲμοί
472 2469 502 2488 τε
515 2463 546 2489 τὸ
562 2464 641 2499 χρέος
656 2466 835 2500 ἁποδεδώκως
850 2470 924 2505 εἴης,

135 2504 184 2530 καὶ
202 2504 248 2531 τὸν
271 2505 462 2541 βοηθούμενον,
490 2509 520 2535 ὲν
544 2507 584 2542 οἷς
604 2511 638 2538 ἂν
656 2511 737 2550 βούλῃ
751 2533 758 2546 ,
784 2504 925 2551 χρεώστην

135 2550 341 2596 ἀπροφάσιστον
367 2553 503 2589 εὑρήσεις.
527 2556 616 2584 Καλὸν
636 2558 665 2586 δὲ
688 2560 718 2586 ὲν
738 2559 789 2595 βίῳ
803 2550 924 2596 πολλοὺς

134 2594 276 2642 χρεώστας
287 2616 294 2629 ,
311 2597 358 2623 καὶ
375 2598 435 2625 τότε
450 2600 623 2635 εὐγνώμονας
639 2594 758 2640 χαρὶτών
770 2606 852 2642 ἔχειν.

980 1563 1011 1583 ea
1025 1555 1174 1583 incursavit
1190 1565 1196 1582 :
1221 1555 1289 1582 nihil
1316 1563 1365 1591 ego
1383 1555 1505 1591 intelligo
1522 1555 1608 1590 magis
1618 1555 1771 1583 conducere

979 1603 1012 1630 ad
1035 1602 1198 1630 avertendas
1227 1602 1261 1630 ab
1286 1601 1444 1629 hominibus
1476 1601 1662 1635 calamitates,
1690 1610 1771 1637 quam

979 1648 1063 1676 fuisse
1076 1647 1182 1677 atllictis
1202 1647 1311 1674 auxilio.
1331 1646 1358 1674 Si
1386 1647 1467 1675 homo
1493 1655 1555 1674 cum
1578 1647 1626 1681 sis,
1649 1655 1772 1674 commu-

978 1692 1113 1720 nicaveris
1137 1699 1199 1720 cum
1227 1692 1392 1725 hominibus,
1410 1692 1454 1719 illa
1467 1692 1589 1724 recolito,
1611 1700 1671 1728 qua:
1694 1696 1720 1720 te
1743 1697 1772 1721 et

978 1739 1066 1774 ipsum
1081 1743 1145 1768 tunc
1168 1743 1294 1767 vexatum
1309 1739 1457 1771 habebant,
1473 1743 1500 1766 et
1510 1739 1614 1767 viscera
1637 1748 1698 1775 quae
1708 1742 1772 1769 sub-

977 1789 1129 1817 verterunt,
1145 1790 1173 1812 et
1200 1785 1283 1812 vitam
1300 1786 1386 1820 ipsam
1409 1790 1496 1813 morte
1508 1785 1616 1821 gravius
1637 1786 1770 1821 depasce-

978 1830 1053 1858 bant.
1081 1831 1190 1858 Memini
1222 1831 1367 1866 aliquando
1384 1831 1446 1865 (nisi
1470 1831 1539 1859 forte
1563 1832 1695 1860 malorum
1712 1840 1773 1860 ma-

978 1876 1092 1912 gnitudo
1107 1885 1151 1904 me
1167 1877 1304 1904 somniare
1324 1876 1431 1913 iecerit)
1460 1878 1561 1917 aliquid
1579 1878 1632 1905 tale
1654 1878 1768 1913 (utinam

977 1929 1033 1949 non
1049 1922 1194 1949 etdenuol
1212 1927 1285 1950 tuam
1308 1928 1416 1958 quoque
1442 1923 1598 1951 felicitatem
1613 1924 1745 1952 invasisse
1759 1933 1767 1951 :

977 1974 1039 1995 cum
1074 1968 1139 1995 sicci
1164 1968 1233 1995 oculi
1255 1968 1282 1995 in
1311 1969 1403 1995 omnia
1436 1969 1621 2004 aperirentur,
1653 1970 1768 1997 humore

977 2014 1121 2049 eongenito
1155 2014 1264 2049 penitus
1290 2022 1336 2049 per
1357 2015 1488 2050 lacrymas
1522 2016 1680 2048 desiccato;
1705 2025 1767 2043 cum

976 2066 1074 2086 manus
1087 2059 1169 2087 verba
1197 2059 1399 2094 praecederent,
1415 2064 1443 2087 et
1455 2067 1551 2095 preces
1559 2069 1655 2088 manus
1673 2062 1768 2089 tende-

976 2109 1047 2137 rent,
1069 2105 1154 2133 facies
1177 2109 1206 2133 et
1224 2105 1315 2133 vultus
1343 2105 1465 2140 dejectus
1482 2115 1537 2142 pra:
1567 2107 1694 2135 mnibus
1723 2108 1766 2134 in-

978 2157 1084 2180 tuentes
1099 2153 1308 2181 voearetmultis
1319 2154 1406 2181 modis
1421 2154 1453 2181 ad
1467 2154 1678 2181 misericordiam
1691 2162 1766 2182 :cum

979 2203 1004 2226 te
1016 2203 1103 2226 totum
1129 2199 1281 2234 possideret
1303 2200 1427 2228 confusio
1441 2221 1448 2233 ,
1470 2200 1597 2234 dejectio,
1620 2198 1763 2235 tenebras:

972 2248 1084 2278 praestat
1097 2248 1193 2271 caetera
1212 2248 1312 2278 tacere,
1327 2252 1406 2279 quam
1422 2244 1535 2280 profari,
1557 2253 1617 2279 qum
1648 2250 1673 2272 te
1700 2251 1765 2274 tunc

973 2289 1177 2324 contingebant.
1193 2290 1256 2318 Hac
1285 2290 1353 2325 ipsa,
1369 2297 1461 2325 quaeso
1480 2291 1507 2325 (0
1530 2292 1632 2319 utinam
1646 2299 1765 2327 unquam

975 2339 1001 2362 te
1011 2335 1101 2362 denuo
1114 2336 1208 2363 eadem
1223 2336 1370 2370 patientem
1379 2336 1661 2371 intueart),moderate
1671 2346 1764 2365 recor-

974 2381 1040 2409 dare
1067 2381 1206 2417 (conducit
1243 2382 1343 2409 etenim
1374 2383 1603 2418 quamplurimum
1626 2385 1767 2412 mnllotics

975 2427 1108 2455 malorum
1136 2429 1363 2463 commeminisci)
1380 2438 1386 2456 :
1406 2429 1443 2457 sis
1461 2429 1533 2456 illius
1557 2430 1696 2458 exhibitor
1709 2452 1716 2463 .
1735 2431 1763 2458 in

974 2479 1105 2508 quantum
1134 2479 1198 2502 tunc
1210 2475 1363 2502 desiderata
1377 2476 1532 2510 expctebas,
1547 2476 1570 2503 ei
1585 2477 1630 2511 qui
1647 2475 1673 2503 in
1688 2477 1764 2504 simi-

974 2521 1015 2548 les
1043 2521 1139 2548 incidit
1158 2521 1336 2549 calamitates.
1365 2522 1435 2555 Quid
1467 2522 1530 2550 inde
1559 2523 1688 2556 lucratus,
1708 2532 1763 2552 non

974 2566 1062 2594 dicam
1076 2567 1147 2594 scias
1159 2568 1252 2600 velim,
1272 2569 1344 2603 quod
1360 2573 1387 2596 et
1413 2568 1479 2596 mihi
1495 2569 1615 2596 debitum
1625 2570 1762 2604 persolVe—

974 2613 1023 2645 ris,
1046 2617 1073 2640 et
1094 2620 1156 2640 eum
1170 2613 1213 2639 cui
1228 2613 1358 2640 auxilium
1382 2614 1495 2641 attulisti
1511 2615 1538 2642 in
1555 2616 1763 2650 quibuscunqnc

134 2641 265 2697 \'0lt1_€‘ri5,
291 2642 443 2697 (ianitorem
465 2645 587 2697 habenis.
609 2649 713 2678 Bonum
729 2657 771 2680 est
794 2658 883 2682 autent
899 2661 925 2684 et
945 2659 1012 2686 utile
1039 2659 1138 2687 multos
1155 2666 1202 2694 per
1217 2659 1299 2686 vitam
1331 2660 1432 2688 habere
1448 2641 1585 2689 debitords
1613 2641 1763 2697 prtcseriim

133 2687 250 2720 gratiam
263 2687 436 2730 redhibentes
457 2692 606 2726 possidere.

767 2791 885 2820 VARle
905 2793 1110 2828 LECTIONES,

170 2858 185 2879 ιι
207 2854 249 2883 ίσ.
267 2856 462 2894 ἀνθρωπίναις.
