1931 3080
137 133 191 166 963

417 190 527 220 EPIST.
543 190 611 225 LIV.

172 237 293 267 Mariano
308 238 422 272 patricio
440 243 464 266 et
489 239 632 267 domestico
649 239 810 268 scholarum.

946 195 970 224 Α

719 136 852 169 ΡΗΟΤΙῙ
871 137 1128 169 PATRIARCHIE
1147 137 1203 169 ΟΡ.

1720 135 1774 168 964

1281 191 1393 219 ΕΠΙΣΤ.
1411 190 1473 219 NA’.

1281 193 1393 220 ΕΠΙΣΤ.
1411 193 1473 219 NA’.

985 239 1124 273 Μαριανῷ
1141 237 1285 273 πατρικίφ
1311 239 1360 266 καί
1383 237 1551 273 δομεστίκῳ
1563 236 1624 264 τῶν
1638 236 1772 272 σχολῶν.

754 285 890 310 Montacut.
909 282 1028 315 (ep.189,
1044 290 1062 314 p
1087 283 1156 315 287).

171 326 201 355 Si
234 327 297 362 quis
311 334 433 362 unquam
460 327 597 362 optaverit
613 327 706 355 oﬂ‘erri
738 328 790 355 sibi
816 328 844 355 in
872 327 928 355 vita

134 373 306 401 occasionem
321 372 403 400 talem
421 382 428 400 :
444 380 582 408 perquam
601 377 629 401 et
642 372 768 401 amicitia:
781 372 929 407 etjustitize

136 419 216 447 simul
242 427 324 454 opera
351 419 484 454 perficiat,
501 427 556 447 non
571 420 616 447 ille
635 419 770 455 potiorem
783 419 928 455 aliquando

136 464 257 492 inveniet
277 464 333 498 illa,
349 472 431 500 quam
454 465 482 492 in
500 465 629 500 praesenti
645 465 694 493 tibi
712 465 807 493 oll'ero.
824 465 928 500 lnjuria

136 508 260 541 allectus,
285 516 335 543 pro
355 517 409 544 quo
424 509 588 542 intervenio,
617 517 673 537 non
692 513 735 536 est
757 508 848 536 adhuc
878 507 928 535 tibi

136 560 240 584 notus:
264 563 345 583 causa
378 556 438 591 ejus
459 560 501 583 est
519 556 617 583 eximie
633 556 706 591 justa
723 563 730 582 :
747 555 770 582 si
792 555 821 582 in
845 562 928 589 quem

137 600 290 628 intenditur
312 600 395 633 actio,
417 601 521 628 amicus
536 606 578 628 est
592 601 642 629 tibi
653 605 680 628 et
693 608 816 636 pauper:
837 604 929 627 etnon

136 645 260 673 fortassis
282 646 347 680 quia
375 646 462 674 malus
479 646 593 678 est,scd
619 647 682 681 quia
714 654 827 681 pauper,
854 645 927 680 inju-

137 688 218 716 stitiae
242 689 376 717 facienda:
395 697 524 725 pronus:
550 691 590 717 Tu
601 691 696 725 judex,
710 691 781 718 bene
795 694 927 722 moratus.

137 738 164 761 et
192 735 263 769 quod
281 740 396 770 utroque
409 743 465 763 non
483 740 526 763 est
541 735 644 768 minus,
668 741 813 771 utramque
842 736 929 763 virtu-
947 743 968 771 Β

137 785 193 808 tem
221 780 381 810 illustrando
408 781 581 818 dispositus:
602 782 689 810 Deum
718 782 815 815 habes,
830 782 877 817 qui
904 786 930 810 te

138 826 242 854 divitiis
278 827 515 855 circumﬂuentem
545 828 678 861 custodit,
709 835 761 855 nec
795 827 931 855 custodiet

137 875 255 905 tantum,
284 873 343 905 sed,
365 877 396 900 ut
416 873 463 908 qui
484 873 628 901 veritatem
649 874 765 909 prodere
779 881 833 901 non
850 874 928 907 solet,

135 921 247 951 propter
279 917 475 946 misericordiae
500 918 622 946 actiones
651 923 722 953 tuas,
747 919 857 947 easdem
880 920 930 948 tibi

135 963 322 991 accumulabit
339 965 548 993 redundantias.
576 965 719 998 Quomodo
740 965 801 1001 quis
824 966 931 1002 pericli-

136 1008 202 1036 tanti
220 1009 308 1037 amico
334 1011 485 1038 secundum
515 1011 588 1046 leges
603 1011 758 1039 dilectionis
766 1019 838 1039 vera:
848 1011 930 1038 ades-

135 1062 166 1082 se
182 1056 281 1090 poterit
297 1056 308 1082 ί
326 1061 354 1084 et
370 1056 497 1091 injuriam
524 1065 603 1093 passo
620 1058 690 1085 alter
702 1057 813 1096 justiti}!
835 1057 931 1087 oculus

136 1101 225 1131 factus
242 1110 353 1132 manem
368 1104 488 1141 porrigat
507 1104 717 1139 auxiliatricem,
734 1106 756 1134 si
778 1111 808 1134 ut
819 1110 877 1134 tute
889 1106 930 1134 le-

135 1150 197 1178 cisti
211 1154 239 1177 et
254 1156 329 1179 recte
344 1151 482 1184 incedisti,
513 1152 587 1187 quod
611 1159 753 1188 speramus
770 1151 842 1187 (spes
857 1152 929 1179 enim

135 1204 181 1224 mc
197 1197 318 1224 l'nlurum
340 1202 468 1233 tanquam
489 1205 611 1233 praesens
637 1198 739 1225 intueri
754 1197 841 1233 facit),
856 1198 930 1233 inju-

135 1242 203 1269 riam
216 1250 297 1278 passo
319 1243 447 1279 injuriam
463 1243 598 1272 resarciet
612 1253 618 1270 :
636 1243 754 1270 amicum
766 1251 841 1277 vero,
856 1243 929 1271 domi

135 1287 257 1316 debitum
271 1289 397 1316 amicitia;
416 1290 571 1322 continens,
595 1297 611 1316 a
634 1288 757 1316 faciendo
781 1289 927 1316 liberabis:

137 1332 206 1361 Vide
232 1339 324 1362 autem
358 1340 389 1362 ut
416 1343 460 1363 res
498 1336 554 1368 illa,
578 1335 612 1363 ad
633 1343 715 1371 quam
726 1340 752 1363 te
776 1335 928 1369 hortamur,

134 1387 197 1407 cum
211 1380 247 1408 sit
260 1381 351 1413 unica,
368 1386 396 1409 et
416 1382 471 1409 duo
495 1382 543 1409 tibi
559 1381 610 1409 ista
623 1386 833 1417 repraesentans,
851 1382 929 1410 testi-

135 1426 258 1454 monium
275 1427 387 1460 reddat,
408 1432 436 1455 et
455 1428 541 1454 amori
565 1427 653 1460 diviti,
682 1432 710 1455 et
727 1427 839 1462 justitia:
859 1428 929 1455 invi-
943 1419 966 1449 (ἶ

135 1476 196 1504 ctaa,
211 1472 332 1507 cujusvis
365 1478 393 1500 et
413 1473 589 1508 pulchritudo
606 1473 634 1500 in
660 1477 688 1501 te
707 1473 834 1502 relucens
858 1474 931 1502 cele-

135 1517 255 1546 berrime
283 1526 333 1554 per
370 1523 453 1546 totam
484 1519 566 1546 vitam
610 1518 800 1554 prtedicabitur
817 1519 875 1547 :ita
901 1524 930 1548 ut

136 1564 313 1600 archetypum
357 1570 383 1593 te
414 1570 442 1593 et
479 1565 634 1602 exemplum
663 1570 774 1601 praestet
804 1565 933 1594 virtutem

136 1611 291 1638 amantibus
306 1611 586 1647 imitationedignum,
603 1611 711 1646 etquod
721 1611 868 1639 maximum
880 1616 932 1646 est,

137 1654 211 1682 inter
229 1654 301 1682 bona
316 1663 376 1690 qua:
387 1657 523 1683 nominari
536 1662 650 1691 queunt,
660 1661 742 1691 atque
752 1660 834 1691 caput
847 1657 932 1691 :quod

138 1699 265 1727 caelestes
297 1705 390 1735 portas
404 1701 458 1728 hoc
484 1700 532 1728 tibi
553 1700 703 1736 adaperiet.
722 1701 755 1728 ad
776 1701 934 1737 ingredien-

137 1746 202 1773 dum
220 1745 425 1773 immaculatum
457 1750 486 1774 et
512 1746 619 1774 felicem
659 1747 809 1774 thalamum
835 1747 934 1775 divinae

135 1796 246 1820 aeterna
255 1791 405 1824 fruitionis,
414 1799 448 1820 eo
460 1792 633 1826 transmisso,
648 1792 727 1828 cujus
742 1791 872 1821 fruitione
879 1793 935 1821 clit-

136 1839 226 1867 ritatis
237 1839 290 1868 sim
303 1847 353 1876 ego
366 1839 474 1876 dignus.

420 1896 530 1926 EPIST.
556 1896 611 1926 LV.

474 1942 580 1972 Eidem.

1017 326 1053 353 Et
1071 335 1114 358 τις
1131 325 1230 362 ηὔχετο
1247 324 1292 353 διά
1319 325 1377 361 βίου
1397 325 1511 361 τοιαύτῃ
1533 325 1690 361 περιτυχείν
1707 324 1773 352 ὕπο-

981 371 1066 405 θέσει,
1081 372 1115 399 δι’
1138 369 1172 408 ἧς
1190 371 1249 408 ἅμα
1263 372 1311 399 καὶ
1328 371 1420 407 φιλίας
1436 371 1484 398 καὶ
1499 370 1674 406 δικαιοσύνης
1690 371 1774 406 ἔργά-

981 427 1031 454 της
1048 419 1161 454 δόκιμος
1179 418 1331 454 ἀναφανείη
1344 437 1352 450 ,
1371 418 1422 444 οὐκ
1437 417 1470 444 ἂν
1487 416 1592 451 ἀμείνω
1606 417 1656 451 τῆς
1669 415 1717 442 νῦν
1733 424 1775 442 σοι

982 466 1047 501 παρ’
1060 465 1140 501 ἡμῶν
1158 463 1374 500 προτεινομένης
1388 462 1485 498 ὀφθείη
1497 463 1658 498 εὑράμενος.
1679 461 1709 488 '0
1726 462 1775 497 μὲν

981 511 1170 547 ἀδικούμενος,
1190 510 1260 546 ὑπὲρ
1275 507 1307 537 οὗ
1324 509 1481 546 πρεσϐεύω,
1502 508 1556 535 τῶν
1573 508 1657 543 μήπω
1673 507 1722 542 μέν
1735 514 1776 533 σοι

982 557 1163 593 ἐγνωσμένων
1188 557 1247 584 ἐστί
1257 565 1264 572 ·
1281 555 1408 592 λαμνπρδν
1423 555 1452 583 δὲ
1465 555 1496 582 τὺ
1511 554 1616 581 δίκαιον
1632 553 1703 589 ἔχει·
1720 554 1734 580 ὁ
1748 553 1777 579 δὲ

982 604 1050 640 πρὸς
1064 604 1094 631 δν
1108 604 1125 640 ὴ
1145 603 1218 639 δίκη,
1234 603 1311 638 φίλος
1335 603 1367 630 τέ
1382 603 1442 629 ὲστι
1459 602 1505 629 καί
1521 602 1625 637 πένης,
1648 600 1696 627 καὶ
1721 599 1776 626 οὐδ’

982 650 1036 678 ἀπὸ
1049 650 1151 682 κακίας
1168 650 1244 682 ἴσως,
1257 649 1316 676 ἀλλ’
1330 649 1359 683 ἐξ
1375 649 1494 684 ἀπορίας
1507 648 1558 683 ὁρᾷ
1575 646 1643 682 πρδς
1659 646 1705 673 τὸν
1721 645 1777 672 ἀδι-

983 705 1040 723 κον.
1055 697 1092 723 Σὺ
1106 696 1135 723 δὲ
1151 695 1199 722 καὶ
1217 695 1314 730 κριτὴς
1330 715 1338 728 ,
1351 695 1399 721 καὶ
1413 693 1532 730 τρόπους
1550 692 1684 729 χρηστὸς,
1701 692 1748 718 καὶ
1763 691 1777 717 ὃ

987 741 1049 777 μηδ’
1069 741 1166 777 ἐτέρου
1190 741 1312 774 ἔλαττον,
1339 739 1484 775 ἑκατέραν,
1507 738 1562 765 τῶν
1583 737 1689 773 ἀρετῶν
1706 736 1777 770 λαμ-

982 788 1060 823 πρῶς
1076 786 1272 819 ἐπιδείξασθαι·
1290 786 1335 813 τὸν
1348 785 1413 812 Θεὸν
1430 785 1501 820 ἔχεις
1516 785 1546 811 ὲν
1561 783 1678 818 ἀφθονίᾳ
1692 781 1776 808 πλού-

981 841 1028 860 του
1043 832 1089 858 τδν
1104 832 1162 865 βίον
1180 831 1338 866 συνέχοντα·
1349 831 1379 857 οὺ
1398 830 1545 865 συνέχοντα
1558 828 1586 855 δὲ
1603 827 1694 863 μόνον,
1709 826 1778 853 ἀλλά

981 878 1028 905 καὶ
1039 878 1090 905 οὐκ
1103 877 1136 904 ἂν
1152 876 1283 912 σφαλείην
1296 876 1345 911 τῆς
1360 875 1491 911 ἀληθείας
1502 895 1510 907 ,
1525 873 1570 901 διὰ
1586 873 1635 905 τάς
1651 871 1695 900 ἐπ’
1709 872 1777 907 ὲλέῳ

981 933 1029 951 σου
1043 923 1156 960 πράξεις
1177 923 1221 959 ι’σῃ
1238 922 1382 959 προσθήκῃ
1399 921 1494 948 τοῦτον
1511 920 1561 956 ήδη
1583 918 1775 951 πλεονάζοντα,

981 969 1043 1002 Πῶς
1057 969 1090 998 ἀν
1105 978 1147 1002 τις
1165 969 1213 996 καὶ
1229 970 1267 1003 τῷ
1283 969 1353 1004 φίλῳ
1367 960 1552 995 κινδυνεύοντι
1569 965 1640 994 κατά
1654 965 1717 999 τοὺς
1732 965 1778 993 νου

982 1025 1049 1052 μους
1082 1016 1132 1052 τῆς
1155 1016 1193 1048 ὡς
1216 1015 1335 1051 ἀληθοῦς
1362 1014 1474 1050 ἀγάπης
1499 1013 1640 1051 βοηθήσῃ;
1665 1013 1713 1041 καὶ
1738 1013 1777 1049 τῷ

980 1062 1151 1101 ἀδικουμένῳ
1169 1063 1248 1100 δίκης
1267 1061 1350 1096 ἄλλος
1373 1060 1513 1097 ὀςιςθα).μὶ›ς
1528 1062 1675 1096 γενόμενος
1697 1061 1777 1097 χεῖρα

980 1111 1127 1147 ἐπίκουρον
1150 1109 1308 1145 προτείνοιν
1326 1110 1350 1135 εί
1377 1108 1472 1144 ὥσπερ
1497 1108 1530 1135 σὺ
1556 1107 1776 1142 διαπραξάμενος

980 1156 1030 1184 καὶ
1046 1155 1224 1192 κατορθώσας
1239 1176 1246 1188 ,
1261 1156 1331 1191 ὅπερ
1348 1154 1480 1190 ἀξιοῦμεν
1498 1153 1585 1189 (ἐλπὶς
1600 1153 1654 1189 γάρ
1672 1162 1707 1189 με
1721 1173 1729 1187 ,
1746 1153 1776 1179 τὸ

982 1201 1078 1238 μέλλον
1092 1201 1130 1234 ὡς
1148 1200 1235 1237 παρὸν
1247 1200 1364 1236 ὁρῶσα),
1376 1199 1448 1227 οὕτω
1458 1199 1548 1234 λέγειν
1562 1198 1723 1231 ἀναπείθει,
1738 1198 1777 1233 τῷ

981 1248 1032 1284 μὲν
1053 1247 1209 1283 ἀδικηθέντι
1233 1247 1264 1274 τὺ
1277 1246 1401 1282 ἀδίκημα
1423 1245 1663 1279 ἀποκαταστήσει·
1680 1244 1726 1271 τὸν
1748 1244 1778 1271 δὲ

980 1293 1068 1327 φίλον,
1092 1293 1201 1320 οἴκοθεν
1216 1292 1373 1323 κατατιθείς
1391 1291 1422 1318 τὸ
1435 1291 1573 1326 ὀφείλημα
1589 1291 1639 1326 τῆς
1659 1289 1776 1325 εἰσπρά-

980 1340 1060 1374 ξεως,
1080 1338 1270 1374 ἐλευθερώσει·
1284 1338 1331 1365 καὶ
1346 1338 1398 1374 ὅρα
1414 1337 1452 1369 ὡς
1471 1338 1488 1372 ἡ
1504 1337 1618 1372 πρᾶξις,
1635 1337 1678 1371 ἐφ’
1695 1336 1729 1371 ἦν
1746 1344 1776 1362 σε

980 1385 1206 1421 παρακαλοῦμεν,
1232 1384 1282 1420 μία
1303 1383 1372 1411 οὖσα
1397 1384 1446 1410 καὶ
1461 1383 1509 1410 δύο
1531 1382 1616 1409 ταῦτά
1634 1391 1675 1408 σοι
1698 1390 1777 1416 περι-

981 1432 1096 1459 ποιοῦσα
1108 1452 1116 1464 ,
1132 1431 1342 1467 προσμαρτυρεῖ
1354 1430 1468 1466 ἀγάπης
1483 1428 1598 1456 πλοῦτον
1616 1428 1663 1454 καὶ
1677 1428 1778 1454 δικαιο-

982 1479 1066 1514 σύνης
1092 1478 1199 1514 ἄμαχον
1225 1477 1314 1512 ίσχὺν,
1337 1476 1384 1503 καὶ
1411 1475 1492 1503 καλὸν
1514 1475 1553 1510 τῷ
1579 1474 1629 1510 βίῳ
1654 1474 1777 1509 διήγημα

983 1523 1196 1559 ὲγκαινίζουσα,
1222 1522 1378 1559 ἀρχέτυπόν
1409 1530 1438 1548 σε
1464 1522 1522 1553 τοῖς
1548 1520 1704 1556 φιλαρέτοις
1728 1519 1777 1546 καὶ

984 1569 1165 1605 ἀξιοζήλωτον
1176 1569 1320 1603 ἐπεισάγει
1334 1568 1524 1603 παράδειγμα,
1539 1567 1588 1593 κα)⁹
1601 1566 1632 1593 τδ
1649 1565 1777 1601 μέγιστον

984 1615 1032 1642 καὶ
1056 1615 1111 1642 τῶν
1134 1614 1222 1642 ἀλλων
1239 1615 1367 1642 ἁπάντων
1382 1614 1433 1641 ὅσα
1461 1622 1503 1645 τις
1518 1612 1609 1646 ἀγαθά
1633 1612 1681 1638 καὶ
1705 1611 1778 1638 εῐποι

985 1660 1032 1687 καὶ
1046 1660 1218 1695 έπινοήσοιτο
1238 1659 1397 1695 κεφάλαιον,
1420 1659 1461 1686 ὄτι
1473 1658 1523 1691 τὰς
1536 1658 1677 1694 οὐρανίους
1690 1657 1779 1689 πύλας

984 1706 1054 1742 αὓτη
1080 1707 1224 1741 ὑπανοίγει
1244 1716 1287 1734 σοι
1299 1727 1307 1740 ,
1324 1706 1393 1742 πρὸς
1409 1706 1456 1733 τὸν
1472 1705 1593 1741 καθαρὸν
1609 1705 1710 1732 ἐκεῖνον
1729 1703 1778 1731 καὶ

985 1753 1121 1788 μακάριον
1132 1752 1253 1788 θάλαμον
1265 1753 1316 1788 τῆς
1330 1752 1406 1784 θείας
1420 1752 1468 1779 καὶ
1482 1751 1567 1778 ἀῖδίου
1582 1749 1758 1780 ἀπολαύσεως
1767 1769 1777 1782 ,

985 1797 1056 1833 μετὰ
1079 1797 1182 1833 πολλῆς
1207 1797 1411 1834 προπέμπουσα
1435 1794 1489 1833 (ἧς
1516 1796 1574 1828 πῶς
1586 1796 1619 1824 ἂν
1632 1794 1778 1830 ἀξιωθείην

984 1842 1088 1878 έγωγε;
1097 1841 1107 1879 )
1124 1843 1311 1880 φαιδρότητος.

1281 1901 1395 1929 ΕΠΙΣΤ.
1413 1901 1477 1929 ΝΕ⁷.

1306 1946 1351 1980 Τῷ
1367 1947 1460 1982 αὐτῷ.

739 1987 875 2013 Montacut.
889 1987 942 2018 (ep.
956 1987 1010 2020 190,
1027 1996 1086 2022 pag.
1105 1991 1174 2023 288.)

172 2041 331 2075 Declarasti,
348 2046 482 2077 quantum
508 2046 536 2069 et
549 2042 689 2075 amicitiae,
705 2047 733 2070 et
756 2042 869 2078 jnstitiae
885 2042 934 2069 tri-

134 2089 219 2122 buas,
251 2089 294 2116 vir
324 2093 524 2120 consummate,
552 2088 704 2124 praesertim
727 2096 789 2115 cum
808 2092 847 2116 tot
863 2095 935 2122 prae-

135 2135 309 2163 terﬂnxerint
327 2134 532 2170 generationes,
547 2134 574 2161 in
591 2134 690 2169 quibus
705 2133 811 2161 nullum
829 2133 934 2160 utrius-

135 2181 203 2210 libet
217 2186 309 2209 actum
335 2181 474 2209 sincerum
499 2181 650 2208 viderimus
669 2189 676 2207 :
697 2188 747 2216 ego
775 2184 849 2207 certe
870 2187 934 2207 cum

134 2228 169 2255 ob
192 2227 372 2260 celeritatem,
389 2231 447 2254 tum
468 2227 504 2254 ob
530 2226 746 2262 magnitudinem
778 2226 857 2253 istius
894 2225 934 2252 rei

134 2272 236 2308 optime
261 2276 344 2308 gesta:
372 2272 475 2307 gaudeo
499 2281 506 2298 :

135 2318 215 2346 tione
233 2318 375 2351 desistant,
391 2318 455 2353 quia
470 2318 626 2353 priusquam
651 2318 748 2345 litteris
763 2318 932 2352 explorarent

134 2372 169 2392 an
183 2365 316 2392 molestus
348 2364 396 2392 tibi
411 2372 513 2397 essem,
533 2368 640 2391 tantum
651 2364 778 2399 dignatus
810 2371 840 2390 es
861 2363 929 2390 milii

133 2410 284 2438 attribuere
312 2420 319 2438 :
349 2410 377 2437 in
404 2410 545 2445 praesenti,
563 2410 632 2437 adeo
658 2409 768 2437 altollor
787 2413 814 2436 et
835 2408 933 2436 allatus

134 2455 241 2489 incedo,
269 2456 305 2483 ob
335 2456 578 2491 promptitudinem
600 2455 710 2490 optima:
734 2459 786 2482 tua:
803 2455 933 2482 volunta-

139 2503 174 2530 tis
190 2511 198 2530 :
220 2507 248 2530 et
264 2503 291 2530 in
305 2508 413 2531 tantum
427 2503 527 2531 elIeror
552 2503 588 2530 ob
606 2507 697 2530 actum
721 2501 801 2537 plane
814 2500 934 2528 admira-

135 2548 228 2580 bilem,
239 2547 300 2575 sine
316 2548 370 2575 ulla
389 2548 577 2580 excusatione,
589 2547 662 2582 quod
679 2553 786 2578 verear,
795 2552 830 2572 ne
840 2544 934 2580 plures

134 2594 183 2622 tibi
208 2594 277 2622 tales
297 2593 451 2621 ministrent
477 2593 655 2625 occasiones,
678 2592 752 2620 unde
785 2596 812 2618 et
843 2598 932 2618 meam

135 2640 249 2674 gratiam
263 2639 460 2675 multiplicabo,
477 2645 505 2667 et
530 2644 604 2667 tuam
630 2639 759 2666 virtutem
772 2636 883 2664 reddam
899 2636 933 2663 il-

134 2685 292 2714 lustriorem
309 2691 357 2714 :et
376 2694 425 2721 pro
438 2694 482 2719 co,
497 2686 572 2721 quod
587 2686 699 2713 videbor
725 2685 872 2716 molestus.
897 2689 932 2710 ne

134 2739 235 2766 parcus
259 2732 375 2760 nimium
396 2732 455 2766 tibi,
483 2734 555 2768 quod
578 2732 723 2760 molestum
735 2732 887 2765 eritmihi,
904 2736 932 2760 te

134 2778 236 2814 judice,
256 2787 382 2807 censear.
402 2779 457 2807 Sed
483 2779 543 2806 vale
557 2779 584 2805 in
597 2778 724 2811 Domino,
742 2778 847 2806 etiamsi
859 2779 931 2814 apud

135 2825 236 2859 ipsum,
257 2825 358 2853 multas
370 2824 509 2860 ejusmodi
525 2825 648 2852 actiones
665 2824 818 2857 inveniens,
834 2829 862 2852 et
872 2825 930 2859 glo-

137 2868 205 2894 riam
224 2868 270 2895 tibi
287 2876 336 2904 per
355 2869 418 2896 vitae
432 2877 542 2897 cursum
565 2869 720 2904 acquircns,
740 2877 783 2898 me
818 2869 930 2899 minime

138 2917 264 2947 captante
274 2914 502 2950 experimentum.

1019 2044 1144 2078 Ἐδειξας
1163 2046 1204 2078 είς
1222 2046 1284 2074 ὅσον
1302 2047 1367 2083 ἥκει
1392 2048 1441 2075 καὶ
1458 2047 1550 2083 φιλίας
1573 2046 1621 2074 καὶ
1639 2046 1774 2073 δικαιοσύ-

983 2098 1033 2125 νης
1048 2091 1065 2126 ἡ
1081 2090 1115 2126 σὴ
1128 2090 1266 2126 τελειότης
1278 2092 1326 2120 καὶ
1341 2092 1403 2119 τότε
1419 2093 1528 2127 γενεαῖς
1540 2091 1680 2123 τοιαύταις
1693 2092 1722 2117 ὲν
1733 2089 1779 2123 αἷς

982 2136 1037 2163 οὐδ’
1053 2137 1151 2172 ἑτέρας
1163 2137 1264 2171 αὐτῶν,
1278 2137 1339 2165 οὐδὲ
1352 2138 1403 2174 τὴν
1418 2138 1522 2175 συνήθη
1538 2137 1639 2173 πρᾶξιν
1653 2136 1779 2172 καθαρὰν

983 2183 1103 2218 ὁρῶμεν.
1120 2185 1175 2211 Kal.
1188 2184 1278 2219 ἔγωγε
1291 2185 1340 2212 επὶ
1356 2185 1494 2218 τοσοῦτον,
1510 2185 1558 2212 καὶ
1572 2185 1612 2220 τῷ
1629 2185 1717 2219 τάχει,
1731 2184 1780 2211 καὶ

984 2228 1023 2264 τῷ
1039 2229 1185 2265 μσγαλείῳ,
1200 2230 1290 2266 χαίρω
1307 2230 1356 2258 τοῦ
1368 2230 1593 2266 κατορθώματος,
1610 2230 1658 2257 καὶ
1675 2229 1780 2266 χαίρων

534 2279 586 2299 nec
609 2271 726 2307 gaudere
737 2279 799 2298 cum
814 2270 930 2298 exsulta-

986 2275 1017 2301 οὐ
1034 2275 1110 2311 λήγω
1128 2275 1180 2311 τῆς
1206 2276 1415 2311 ἀγαλλιάσεως,
1439 2277 1481 2304 ὅτι
1506 2277 1573 2312 πρὶν
1597 2276 1647 2313 μὲν
1663 2276 1780 2312 γράφων

986 2322 1172 2358 ἐσκοπούμην,
1181 2323 1218 2358 μή
1228 2331 1286 2355 πως
1300 2323 1355 2359 ἄρα
1362 2323 1478 2359 ὀχληρός
1491 2332 1533 2350 σοι
1544 2322 1623 2356 δόξω,
1637 2323 1678 2356 είς
1685 2322 1779 2350 τοιαύ-

983 2375 1033 2398 τας
1065 2368 1146 2400 εὐθὺς
1170 2368 1325 2396 ἀναϐαίνων
1349 2368 1488 2401 ἀξιώσεις.
1508 2369 1566 2396 Νῦν
1581 2369 1605 2396 δ’
1624 2368 1712 2401 οὕτως
1731 2368 1779 2395 ἀν-

984 2413 1145 2449 επτέρωμαι
1159 2415 1206 2441 καὶ
1220 2415 1359 2450 μετέωρος
1375 2415 1434 2447 ὅλος
1449 2415 1508 2451 είμὶ
1521 2414 1561 2450 τῷ
1579 2414 1714 2451 προθύμῳ
1729 2414 1780 2449 τῆς

984 2459 1098 2494 ἀρίστης
1111 2459 1223 2495 γνώμης
1235 2479 1243 2491 ο
1263 2461 1310 2487 καὶ
1332 2461 1533 2496 ἀπροφασίστῳ
1557 2462 1608 2496 τῆς
1622 2459 1778 2495 θαυμασίου

985 2513 1032 2531 σου
1047 2505 1175 2541 πράξεως
1195 2507 1395 2542 ἐπαιρόμενος,
1421 2507 1462 2534 ὅτι
1483 2507 1590 2534 δέδοικα
1616 2507 1654 2542 μὴ
1677 2506 1779 2538 πολλὰς

984 2550 1054 2586 ἔχων
1068 2560 1109 2579 σοι
1125 2551 1252 2585 τοιαύτας
1275 2554 1425 2589 προσάγειν
1441 2553 1585 2582 ὑποθέσεις
1595 2573 1603 2586 ,
1622 2553 1656 2580 δι’
1668 2550 1707 2580 ὧν
1729 2553 1778 2580 καὶ

984 2598 1033 2633 τὴν
1050 2598 1120 2633 ἐμὴν
1140 2599 1228 2635 χαρὰν
1243 2599 1467 2633 πολυπλασιάσω,
1486 2599 1534 2626 καὶ
1548 2600 1597 2634 τὴν
1614 2599 1663 2634 σὴν
1676 2599 1778 2635 ἀρετὴν

982 2644 1179 2680 λαμπροτέραν
1207 2646 1356 2678 ἐπιδείξων
1388 2646 1450 2673 ἀντὶ⁸
1475 2646 1521 2673 τοῦ
1548 2645 1636 2673 δοκεῖν
1661 2646 1777 2681 ὀχληρος

983 2687 1065 2724 εἶναι,
1083 2690 1120 2726 μὴ
1136 2691 1298 2725 ἀφιλόκαλος
1311 2712 1319 2725 ,
1338 2692 1385 2719 καὶ
1409 2692 1470 2719 τότε
1484 2692 1560 2727 παρά
1574 2692 1618 2719 σοὶ
1639 2694 1720 2728 κριτῇ
1745 2700 1778 2726 γε

983 2735 1031 2770 (τὸ
1058 2735 1230 2772 βαρύτατον)
1258 2737 1427 2773 νομισθείην.
1453 2738 1525 2765 Ἀλλ’
1547 2738 1654 2773 ἐρῤωσό
1678 2747 1723 2772 μοι
1748 2738 1779 2764 έν

982 2781 1089 2817 Κυρίῳ,
1103 2782 1157 2809 κᾶν
1169 2782 1206 2819 μὴ
1222 2783 1416 2819 δοκιμάζωμεν
1430 2785 1523 2819 ἡμεῖς,
1538 2784 1619 2816 αὐτος
1632 2784 1666 2810 δι’
1677 2783 1776 2811 ἑαυτοῦ

982 2826 1084 2859 πολλὰς
1103 2827 1231 2860 τοιαύτας
1256 2829 1426 2864 ἀνευρίσκων
1451 2830 1566 2866 πράξεις
1591 2830 1637 2856 καὶ
1663 2829 1778 2862 ταύταις

982 2872 1240 2910 ἑλλαμπρυνὸμενος
1252 2874 1296 2903 διὰ
1313 2875 1382 2911 βίου.
