1928 3097
127 137 180 170 965

429 189 542 218 ειηετ.
561 188 636 225 Νςν.

209 235 345 272 Θεοφίλῳ
373 235 551 269 ἀσπαθαριφ
568 236 617 265 καί
634 237 838 270 σακελλορίφ.

705 133 976 167 EPISTULARUM
994 134 1109 166 LIBER
1126 135 1185 165 III.

1717 135 1771 167 966

1279 188 1388 217 EPIST.
1404 188 1472 216 LVI.

1121 235 1259 270 Theophila
1273 234 1429 270 aspatltario
1446 238 1471 261 et
1487 234 1636 264 sacellario.

749 283 884 309 Montacut.
902 283 955 316 (ep.
974 283 1028 313 193,
1042 289 1068 314 p.
1081 283 1150 314 292).

165 329 203 356 Τδ
215 329 264 365 μὲν
275 329 353 364 δίκην
366 329 493 357 ἀπαιτεῖν
500 329 546 357 τὸν
560 329 721 365 ἠδικηκότα,
731 330 901 367 ἀνθρώπινον
912 339 920 348 ·

129 375 160 402 τδ
173 375 202 402 δὲ
222 375 260 410 μὴ
275 375 439 410 ἀμύνεσθαι,
461 375 606 410 φιλόσοφον
619 384 625 390 ·
652 376 683 402 τὸ
696 375 725 403 δὲ
740 377 787 403 καὶ
808 377 919 412 εὐεργε-

131 420 204 452 σίαις
231 420 406 456 ἀμείϐεσθαι,
429 421 523 448 λοιπὸν
537 421 588 457 ἤδη
605 421 677 448 θεῖον
691 429 698 436 ·
729 422 777 448 καὶ
798 423 922 458 μιμητὰς

129 465 177 492 τοῦ
194 466 223 492 ὲν
255 466 380 501 οὐρανοῖς
396 467 500 502 πατρὸς
526 467 590 499 τοὺς
605 468 734 503 γηγενεῖς
759 469 920 503 ἀποφαῖνον.

131 511 168 537 Τὸ
189 511 282 546 μέντοι
306 511 406 547 χειρῶν
420 513 514 547 ἄρχειν
525 512 637 546 ἀδίκων,
653 513 715 540 ἐπεὶ
727 513 819 549 χώραν
828 514 856 540 ἐν
866 514 924 546 τοῖς

131 556 287 592 εἰρημένοις
303 556 431 591 οὐδεμίαν
446 556 514 591 ἔχει,
533 557 550 592 ἢ
567 556 670 593 θηρίων
695 557 844 593 πάντως,η
864 557 923 585 δαι-

132 602 221 637 μόνων
228 602 327 637 πρᾶξιν
343 602 498 637 ἐμφανίζει,
513 601 564 629 κᾶν
579 603 750 638 ἀνθρώπινον
768 603 812 638 εἴη
830 604 924 638 σχῆμα

132 647 317 684 περιδεδυκὼς
334 649 348 674 ὁ
361 648 480 684 πράξας.
510 648 658 684 Τεσσάρων
671 648 718 676 οὖν
741 650 925 685 χαρακτήρων

132 696 192 726 ταῖς
207 694 342 730 πράξεσιν
356 694 594 730 ὲνοεωρουμένων,
611 695 693 726 αὐτὸς
719 695 788 721 κατὰ
811 695 926 722 σεαυτὸν

131 740 177 767 τὸν
191 740 318 775 προσφυῆ
328 739 414 767 τύπον
428 742 461 775 τῇ
473 741 530 767 νυνί
544 749 592 768 σου
607 740 705 776 πράξει
715 741 904 776 περιαρμόσας
915 749 923 757 '

132 783 191 812 εἶτα
217 785 335 813 κατιδὼν
360 786 423 822 δψῃ,
440 786 492 813 κᾶν
524 786 604 818 ἄλλος
632 795 674 813 σοι
700 786 738 822 μὴ
754 785 922 813 ὑποδεικνύει

134 830 197 867 (φεῦ
217 830 264 858 τοῦ
290 831 430 866 αἰσχίστου
457 831 618 866 θεάματοςι)
633 832 706 864 τίνος
733 831 840 867 σεαυτῷ
866 832 923 864 τοῖς

133 876 224 912 ἔργοις
237 876 400 911 διεκόλαψας
412 877 516 904 είκόνα.

430 933 545 961 ΕΠΙΣΤ.
557 933 619 961 NZ'.

139 977 225 1013 Ἠλίᾳ.
246 978 424 1014 ἁσπαθαρίῳ
446 978 498 1006 καί
511 979 697 1016 δρουγγαρίῳ
712 981 766 1008 τοῦ
779 981 921 1016 πλοΐμον.

1006 330 1151 358 Actionem
1165 329 1310 357 instituere
1323 333 1418 356 contra
1431 328 1605 364 iniustitiam,
1620 336 1769 357 numanum

972 380 1015 405 est
1047 384 1128 404 :non
1154 376 1261 410 ulcisci,
1291 375 1513 411 pbilosophicum
1542 379 1595 402 :at
1620 375 1770 403 benefactis

972 429 1166 457 compensare,
1195 421 1339 449 divinum:
1365 428 1420 455 quo
1451 419 1552 452 Patris.
1577 419 1624 454 qui
1644 420 1672 446 in
1692 420 1769 447 ctelis

975 473 1028 501 est,
1060 467 1162 495 terreni
1190 467 1317 494 homines
1347 466 1394 493 ﬁlii
1413 473 1462 501 per
1478 465 1660 493 imitationem
1689 465 1769 492 ﬁunt.

975 513 1116 541 Violentas
1144 520 1241 540 manus
1269 511 1381 547 injicere
1405 519 1461 538 non
1491 515 1669 546 provocatum
1704 519 1768 538 cum

973 559 1046 586 inter
1063 558 1189 594 superius
1205 562 1355 585 memorata
1370 557 1459 584 locum
1474 565 1529 585 non
1546 558 1656 591 habeat,
1669 558 1767 586 bellui-

973 612 1036 631 nam
1054 609 1100 631 aut
1123 604 1317 632 daamoniacam
1351 603 1484 630 actionem
1505 607 1600 629 notat:
1615 602 1680 630 licet
1695 606 1770 630 actor

974 650 1025 678 sub
1049 650 1170 677 humana
1188 648 1274 684 ﬁgura
1290 648 1384 675 fuerit.
1415 647 1549 680 Quocirca
1569 650 1631 675 cum
1655 652 1771 683 quatuor

974 696 1028 724 sint
1045 702 1137 722 rerum
1160 699 1253 722 notae:
1272 698 1331 721 tute
1352 701 1402 728 per
1424 697 1511 720 temet
1537 692 1652 721 formam
1667 693 1770 721 actioni

976 744 1029 767 tuae
1053 746 1236 774 congenerem
1264 739 1372 773 adepta,
1396 745 1426 765 re
1452 743 1596 774 perspecta
1623 738 1769 774 intelliges,

940 777 961 806 Β
975 787 1040 814 licet
1052 786 1122 815 alius
1138 793 1194 813 non
1210 785 1376 818 subindieet,
1390 790 1434 813 est
1444 785 1517 812 enim
1532 786 1592 812 visu
1608 792 1652 813 res
1670 785 1770 820 turpis,

976 833 1122 868 cuiusnam
1143 831 1291 868 imaginem
1316 831 1362 860 tibi
1380 839 1430 866 per
1451 839 1535 867 opera
1559 836 1605 859 tua
1619 831 1772 867 insculpse-

976 878 1025 906 rls.

1245 933 1353 962 EPIST.
1372 933 1453 963 LVII.

1079 981 1166 1009 Helice
1180 982 1345 1016 aspatliario,
1360 987 1384 1008 et
1399 981 1543 1017 ἄννηθον-ιο
1560 981 1663 1016 ριυίηιι.

756 1027 890 1052 Montacut.
902 1028 955 1060 (ep.
969 1028 1024 1058 197,
1039 1035 1064 1059 p.
1081 1028 1149 1058 294).

169 1063 252 1093 Εἶπεν
267 1066 301 1094 ἄν
316 1075 358 1099 τις
367 1066 422 1094 τῶν
441 1067 506 1103 παρ’
531 1067 644 1103 Ἕλλησι
657 1068 759 1104 σοφῶν·
780 1069 816 1096 Τὸ
828 1069 921 1103 τάχος

129 1111 228 1145 μόνης
245 1112 351 1148 τύχης.
387 1112 459 1147 Ἐγὼ
479 1114 502 1139 δ’
520 1113 554 1140 ἂν
567 1114 662 1149 φαίην,
678 1114 716 1146 ὼς
732 1115 757 1141 εί
785 1114 822 1149 μὴ
846 1115 922 1147 θείας

133 1157 207 1184 ἐστὶν
226 1157 325 1193 ὁρμῆς,
347 1158 363 1194 ἢ
384 1159 487 1194 καιρῶν
515 1159 650 1195 ἀνάγκης,
677 1159 761 1195 μόνης
782 1161 921 1192 ἀϐουλίας.

133 1202 290 1237 Σκέψασθαι
307 1203 348 1230 δεῖ
363 1204 508 1240 τοιγαροῦν
532 1205 599 1240 περὶ
625 1202 662 1232 ὧν
682 1206 791 1241 ἐπείγῃ,
806 1206 854 1233 καὶ
885 1206 923 1242 μὴ

133 1247 173 1282 τῷ
190 1250 322 1282 προπετεῖ
333 1249 383 1284 τὴν
400 1250 499 1285 πρᾶξιν
515 1250 669 1279 πιστεῦσαι.
686 1251 742 1278 Καὶ
759 1251 814 1286 γὰρ
829 1251 863 1278 ἂν
875 1252 925 1287 μὲν

135 1294 175 1326 εις
191 1294 329 1330 συμφέρον
358 1296 489 1332 ἀποϐαίη,
504 1295 599 1333 ὥσπερ
627 1297 677 1329 τὰς
702 1297 736 1324 ὲκ
759 1297 807 1324 τοῦ
831 1297 925 1328 τέλους

134 1340 279 1375 ὡφελείας,
293 1341 365 1369 οὕτω
378 1342 410 1378 δὴ
429 1344 476 1370 καὶ
499 1343 546 1371 τοῦ
570 1344 766 1379 βουλεύσασθαι
785 1343 925 1380 κερδανεῖς

138 1387 202 1419 τοὺς
218 1387 347 1420 ἐπαίνους
361 1396 368 1404 ·
387 1390 420 1417 ἂν
445 1389 472 1416 δὲ
494 1390 661 1423 τούναντίον,
685 1389 733 1417 τοῦ
752 1390 802 1426 μὲν
828 1390 924 1426 βεϐου-

1012 1070 1083 1097 Dixit
1100 1069 1237 1104 quispiam
1253 1068 1365 1096 Graeciae
1385 1068 1700 1103 sapientum:Celeritas
1720 1069 1772 1096 soli

977 1116 1092 1150 fortuna
1115 1114 1244 1141 convenit.
1278 1112 1335 1148 Ego
1355 1113 1479 1146 dixerim,
1496 1113 1568 1148 quod
1582 1113 1604 1140 si
1627 1120 1682 1140 non
1707 1113 1773 1140 adi-

975 1161 1041 1187 vino
1055 1164 1131 1187 motu
1146 1159 1285 1195 procedat,
1298 1163 1346 1186 aut
1363 1158 1495 1193 temporis
1508 1158 1684 1189 necessitate,
1696 1157 1771 1185 cele-

978 1206 1046 1234 ritas
1059 1205 1213 1233 inconsulla
1228 1208 1279 1232 est.
1293 1204 1530 1232 Considerandum
1555 1211 1618 1238 ergo
1630 1203 1696 1230 illud
1715 1207 1768 1234 est,

978 1251 1051 1287 quod
1076 1251 1170 1285 instat,
1195 1258 1248 1278 nec
1273 1249 1481 1286 praeripitationi
1510 1257 1554 1277 res
1568 1248 1768 1276 concredenda.

976 1297 1044 1324 Nam
1060 1296 1085 1323 si
1097 1297 1163 1324 satis
1174 1296 1317 1324 commode
1342 1295 1480 1327 inciderit,
1498 1295 1571 1330 quod
1585 1294 1689 1322 ﬁnalem
1705 1294 1771 1321 atti-

977 1346 1026 1369 net
1048 1341 1203 1374 utilitatem,
1223 1341 1330 1368 laudem
1351 1347 1384 1367 eo
1403 1340 1591 1374 consequeris,
1613 1339 1691 1374 quasi
1725 1347 1772 1367 re-

979 1392 1056 1415 ctum
1070 1387 1214 1415 consilium
1237 1387 1351 1422 ceperis.
1366 1386 1412 1413 Sin
1430 1390 1524 1413 contra
1545 1386 1675 1418 evenerit,
1690 1393 1771 1420 quam

134 1432 246 1459 λεῦσθαι
258 1433 312 1460 οὐδ’
328 1433 399 1461 οὕτω
413 1434 463 1470 τὴν
478 1435 568 1471 κρίσιν
592 1435 760 1471 ὲζημιώθης,
778 1435 824 1462 τοῦ
841 1436 870 1463 δέ
893 1445 922 1470 γε

977 1433 1091 1461 consilio
1106 1437 1187 1469 capto
1208 1432 1375 1468 opinabaris,
1391 1432 1489 1467 indicii
1505 1431 1701 1459 detrimentum
1714 1439 1769 1458 non

137 1478 176 1513 μὴ
192 1478 367 1513 ὡφελεῖσθαι,
385 1480 399 1506 ὃ
416 1480 544 1516 μέγιστόν
570 1482 644 1508 ἐστιν
669 1483 696 1509 ὲν
713 1483 782 1510 πᾶσι
798 1483 855 1515 τοῖς
869 1491 926 1510 τοι·

135 1523 224 1556 ούτοις
237 1525 423 1561 παραμύθιον,
437 1527 467 1553 οὺ
483 1527 581 1554 σαυτὸν
597 1528 718 1565 αἰτιάσῃ.

435 1613 548 1642 ΕΠΙΣΤ.
569 1614 639 1643 Nﬂ'.

309 1660 419 1696 Σεργίῳ
436 1661 613 1696 ἁσπιιθαρίῳ
627 1662 760 1690 ἀδελφώ.

975 1480 1016 1508 sic
1043 1479 1159 1512 subibis,
1187 1487 1239 1507 nec
1267 1479 1338 1514 quod
1357 1479 1504 1506 utilitatem
1530 1479 1726 1514 nonceperis,
1744 1483 1771 1505 te

974 1525 1048 1561 iuste
1064 1525 1214 1559 incnsabis,
1238 1525 1312 1560 quod
1338 1524 1366 1551 in
1384 1524 1485 1553 talibus
1500 1524 1621 1552 solamen
1642 1532 1698 1552 non
1710 1524 1769 1552 exi-

976 1579 1058 1608 guum
1071 1571 1133 1599 erit.

1264 1615 1376 1644 EPIST.
1392 1615 1486 1643 LVIII.

1195 1664 1285 1700 Sergio
1301 1663 1457 1699 aspathario
1479 1662 1570 1699 fratri.

751 1707 886 1733 Montacut.
905 1709 958 1740 (ep.
976 1709 1031 1740 200,
1048 1716 1073 1741 p.
1084 1710 1153 1742 295).

171 1747 303 1782 Ἔλεγχος
328 1747 447 1782 ἄκρατος
459 1749 500 1780 είς
519 1747 567 1775 δύο
591 1748 766 1784 περιίσταται
786 1750 893 1777 ταῦτα’
909 1750 924 1777 ὃ

137 1792 188 1827 μὲν
210 1791 334 1828 βούλεται
352 1794 450 1827 ποιεῖν,
467 1794 498 1820 οὐ
529 1794 652 1829 περαίνει
667 1802 675 1810 ·
692 1795 740 1821 καὶ
751 1792 792 1826 οἷς
808 1795 847 1831 μὴ
862 1795 924 1831 βού-

135 1837 222 1870 λεται,
238 1837 418 1873 περιπίπτει·
436 1837 560 1872 βούλεται
575 1838 625 1873 μὲν
654 1838 709 1873 γὰρ
722 1839 764 1871 εις
781 1841 924 1874 μετάνοιαν

135 1883 181 1910 τὸν
192 1882 370 1918 ἐλεγχόμενον
382 1883 460 1917 ἄγειν
471 1891 478 1899 ·
493 1883 562 1911 ἀλλὰ
572 1884 652 1910 τοῦτο
665 1884 715 1919 μὲν
731 1884 782 1911 οὐκ
795 1885 903 1917 ὲξανύει
914 1893 923 1902 '

134 1928 311 1962 περιίσταται
324 1929 353 1956 δὲ
369 1928 445 1964 αὐτῷ
462 1929 497 1956 τὰ
509 1930 558 1964 τῆς
571 1930 689 1966 σπουδῆς
703 1931 743 1963 είς
758 1931 922 1959 τούναντίον·

135 1973 296 2009 ἐκτραχύνει
314 1974 368 2009 γὰρ
385 1973 496 2009 μᾶλλον,
518 1975 565 2001 καὶ
583 1975 624 2007 εις
646 1975 774 2003 ἀπόνοιαν
795 1978 924 2013 περιτρέ-

133 2027 198 2046 πει·
224 2019 321 2046 ἑαυτόν
344 2028 374 2046 τε
390 2020 482 2047 δίδωσι
501 2022 673 2056 νομισθῆναι,
697 2022 735 2054 ὡς
750 2023 811 2058 οὐχὶ
828 2023 924 2058 φιλαν-

133 2065 236 2099 θρώπῳ
250 2065 357 2101 γνώμῃ,
385 2066 431 2092 καὶ
458 2067 599 2102 συμπαθεῖ
625 2067 755 2101 διαθέσει,
784 2069 923 2105 ἐπιχαιρε-

1009 1751 1190 1780 Immoderata
1213 1751 1371 1787 redargutio
1385 1751 1414 1778 in
1427 1750 1485 1778 haec
1500 1750 1553 1777 duo
1567 1750 1663 1778 incidit
1676 1759 1682 1777 :
1698 1752 1771 1786 quod

974 1797 1100 1831 intendit,
1124 1797 1198 1825 liaud
1225 1797 1347 1832 perﬁcit:
1365 1796 1464 1831 quibus
1478 1796 1574 1829 nollet,
1589 1796 1698 1824 incidit.
1725 1797 1771 1824 ln-

980 1843 1079 1876 tendit,
1113 1844 1146 1871 ad
1175 1841 1391 1878 resipiscentiam
1418 1842 1552 1869 inducere
1576 1842 1769 1876 redargutum:

974 1890 1026 1917 hoc
1043 1897 1099 1916 non
1110 1893 1243 1925 praestat;
1261 1888 1381 1915 studium
1393 1887 1536 1916 divertitur
1550 1887 1576 1915 in
1591 1888 1770 1921 contrarium,

979 1935 1125 1963 exacerbat
1141 1935 1231 1970 potius
1247 1939 1275 1962 et
1290 1934 1324 1961 ad
1344 1934 1565 1969 desperationem
1589 1934 1693 1970 adigit:
1710 1935 1771 1970 opi-

978 1982 1089 2009 nionem
1112 1981 1146 2009 de
1167 1989 1197 2009 se
1222 1981 1344 2013 suscitat,
1370 1980 1443 2015 quod
1462 1980 1616 2016 opprobriis
1638 1980 1771 2018 indulget,

979 2026 1055 2062 quasi
1083 2026 1162 2054 malis
1180 2026 1262 2053 vieini
1286 2026 1328 2053 sui
1350 2025 1470 2062 gavisus,
1486 2033 1540 2053 non
1564 2026 1637 2061 quod
1650 2026 1771 2055 humano

979 2072 1077 2100 aﬁectu
1090 2075 1138 2099 aut
1149 2072 1338 2107 compassione
1351 2076 1487 2108 tangatur.
1501 2072 1634 2105 Quocirca
1646 2074 1771 2102 consulto

133 2109 271 2136 κακοῦντα
287 2110 315 2136 δὲ
328 2110 367 2145 τῷ
381 2111 534 2147 πταίσματι
550 2111 598 2139 τοῦ
615 2113 729 2148 πλησίον
751 2115 807 2145 τοῖς
824 2114 922 2141 ὀνείδε-

976 2123 1003 2145 et
1030 2118 1178 2153 sapienter,
1202 2125 1265 2145 cum
1293 2116 1402 2144 Nathan
1430 2117 1534 2149 Davidi,
1558 2123 1615 2145 tum
1645 2118 1772 2147 Ilichaeas

134 2163 176 2180 σιν
190 2154 375 2188 ἐπεμϐαίνειν.
391 2155 438 2182 Διὸ
457 2156 575 2188 συνετῶς
592 2157 662 2192 ἄγαν
684 2157 733 2185 καὶ
750 2157 850 2193 σοφῶς,
874 2159 922 2185 καὶ

132 2199 228 2226 Νάθαν
258 2199 272 2225 6
301 2201 443 2236 προφήτης
462 2201 502 2236 τῷ
525 2202 625 2235 Δαὸὶδ,
659 2203 707 2230 καὶ
732 2204 853 2239 Μιχαίας
883 2203 922 2239 τῷ

139 2244 252 2280 Ἀχαὰϐ,
275 2245 327 2272 ὑπὸ
343 2247 510 2282 προσωπείῳ
525 2248 587 2279 τοὺς
601 2248 731 2284 ἐλέγχους
756 2250 923 2285 προσενηνό-

132 2300 213 2328 χασιν
226 2300 232 2307 ·
252 2292 310 2327 ἅμα
333 2292 384 2327 μὲν
409 2294 572 2329 πραοτέροις
588 2295 790 2328 ὑπολεαίνοντες
812 2296 920 2328 λόγοις·

131 2339 191 2373 ἅμα
205 2338 234 2364 δὲ
249 2341 296 2365 καὶ
309 2338 353 2366 διὰ
369 2339 416 2366 τοῦ
431 2340 549 2373 ἀγνοεῖν,
571 2341 611 2372 εἰς
627 2341 641 2367 ὃ
658 2341 741 2368 τείνει
760 2342 808 2369 καὶ
830 2343 921 2378 ἀφορᾷ

130 2383 163 2410 τὸ
176 2383 224 2410 τοῦ
250 2384 400 2419 δράματος,
431 2386 530 2417 αὐτοὺς
553 2386 676 2419 ὲκείνους
698 2388 797 2423 κριτὰς
821 2388 921 2416 ἀδεκά-

131 2437 212 2461 στους
226 2429 281 2456 τῶν
296 2430 372 2466 παρὰ
396 2430 488 2466 σφίσιν
510 2432 602 2465 αὐτοῖς
615 2433 827 2468 ἡμαρτημένων,
852 2434 922 2470 λαμ-

131 2473 269 2507 ϐάνοντες.
287 2476 338 2503 Διὰ
359 2476 440 2503 τοῦτο
458 2476 513 2513 γὰρ
541 2478 588 2505 καὶ
611 2478 625 2504 ὁ
641 2479 689 2514 μὲν
711 2480 793 2514 ἧνυσε
812 2480 842 2506 τὺ
866 2482 921 2508 πᾶν

131 2521 230 2557 (ἄνδρα
250 2521 304 2558 γὰρ
324 2523 426 2558 ἀρετῆς
453 2523 589 2560 ἐραστὴν,
623 2526 649 2552 τί
672 2526 720 2552 καὶ
745 2526 921 2563 παρωλισθη-

130 2566 209 2598 κότα.
231 2567 261 2594 ὲν
282 2568 409 2603 νουθεσίᾳ
428 2569 578 2606 διήλεγξεν)
593 2578 601 2586 ⁸
613 2571 628 2597 ὸ
646 2571 687 2605 δὲ,
701 2572 740 2604 ὼς
757 2573 826 2608 πρὸς
846 2573 918 2609 τηλι-

130 2612 229 2639 κοῦτον
256 2613 368 2648 θηρίον,
388 2615 413 2641 ει
437 2616 485 2642 καὶ
517 2617 555 2652 μὴ
580 2617 701 2651 ὁμοίως,
718 2618 776 2645 ἀλλ’
793 2618 841 2646 οὖν
871 2629 921 2655 με-

131 2659 202 2694 γάλα
214 2659 344 2695 ἐξήνυσεν
355 2669 362 2676 ·
380 2662 420 2693 εἰς
432 2661 515 2697 ἄλγος
529 2664 584 2699 γὰρ
599 2665 647 2691 καὶ
673 2665 780 2701 δάκρυα
809 2675 920 2701 παραυ-

129 2706 203 2736 τίκα.
221 2707 245 2733 εἰ
260 2707 307 2733 καὶ
333 2707 402 2742 πρὸς
426 2708 461 2735 τὰ
483 2709 533 2745 τῆς
561 2710 722 2744 δυσσεϐείας
751 2713 810 2748 μετ’
829 2713 919 2748 ὀλίγον

130 2752 359 2788 ἐπαλινδρόμησε,
385 2755 556 2782 συνέστειλεν
579 2757 664 2784 αὐτοῦ
690 2759 740 2793 τῆς
760 2758 874 2795 γνώμης
888 2760 918 2786 τὸ

974 2164 1095 2196 Acbabo,
1119 2169 1293 2199 personatam
1308 2168 1509 2199 repraesentant
1523 2164 1743 2200 redargutionem
1759 2174 1767 2192 :

973 2210 1089 2237 molliori
1122 2217 1248 2238 sermone
1270 2210 1453 2243 deﬁnientes;
1477 2214 1505 2237 et
1519 2211 1582 2245 quia
1609 2211 1769 2239 nesciebant

973 2263 1028 2290 qno
1041 2263 1123 2283 scena
1151 2256 1286 2289 tenderet,
1304 2256 1377 2290 ipsos
1391 2256 1497 2291 jndices
1520 2256 1652 2284 habentes
1675 2258 1769 2285 crimi-

972 2309 1040 2328 num
1071 2302 1110 2329 ab
1139 2301 1206 2337 ipsis
1229 2306 1408 2336 patratorum.
1436 2301 1498 2329 Ideo
1525 2301 1631 2330 Nathan
1655 2303 1769 2338 perfecit

973 2347 1046 2382 quod
1062 2347 1179 2375 volebat.
1202 2347 1301 2376 Virum
1315 2347 1388 2374 enim
1410 2347 1520 2375 virtutis
1544 2353 1691 2382 amantem,
1705 2350 1768 2377 licet

973 2393 1008 2420 ab
1029 2400 1061 2420 ea
1093 2393 1302 2426 exorbitaverat,
1328 2393 1499 2421 admonendo
1514 2394 1651 2430 redarguit
1669 2404 1676 2422 :
1698 2395 1767 2424 alter

973 2443 1075 2472 autem,
1088 2439 1152 2466 licet
1166 2438 1290 2465 similiter
1304 2439 1376 2474 apud
1402 2439 1482 2466 talem
1499 2439 1612 2466 bestiam
1629 2448 1684 2467 non
1700 2449 1766 2476 pro-

973 2483 1049 2515 fecit,
1073 2483 1188 2510 multum
1207 2488 1297 2510 tamen
1319 2482 1401 2516 fecit;
1419 2483 1448 2510 in
1474 2491 1619 2511 maerorem
1643 2485 1768 2520 protinus

972 2529 1038 2556 etin
1056 2529 1158 2556 luctum
1175 2528 1302 2564 conjecit,
1316 2533 1454 2564 utcunque
1466 2529 1558 2557 statim
1573 2529 1608 2557 ad
1623 2531 1767 2565 pristinam

971 2575 1141 2610 impietatem
1164 2575 1363 2608 revertebatur,
1389 2579 1480 2602 tamen
1501 2575 1676 2610 desperatum
1707 2577 1767 2612 ejus

971 2621 1092 2648 animum
1108 2625 1135 2648 et
1150 2621 1272 2648 inllatnm
1287 2620 1419 2648 coercuit.
1439 2620 1480 2648 Tu
1496 2625 1588 2648 autem
1601 2622 1708 2656 quoties
1718 2630 1767 2649 ηιμ

971 2674 1047 2694 cesse
1060 2666 1152 2699 fuerit,
1174 2666 1439 2702 reprehensionibus
1459 2666 1580 2695 admisce
1597 2667 1765 2700 comitatem,

970 2717 998 2740 et
1021 2713 1072 2740 sub
1098 2717 1194 2747 parato
1219 2713 1385 2745 velamento,
1409 2713 1557 2740 admonitis
1590 2717 1616 2740 te
1647 2713 1764 2748 applica,

970 2765 1052 2795 atque
1069 2759 1106 2788 ita
1121 2760 1218 2795 magis,
1233 2760 1305 2796 quod
1321 2761 1441 2794 conaris,
1461 2759 1611 2795 perfectum
1627 2760 1713 2788 dabis.

131 2797 348 2843 ἀπονενοημένον
366 2799 415 2827 καὶ
435 2801 605 2837 φυσώμενον.
632 2804 688 2831 Καὶ
710 2803 743 2831 σὺ
769 2806 873 2839 τοίνυν,
890 2807 919 2833 ὲν
938 2803 980 2838 οἷς
1013 2807 1030 2841 ἡ
1043 2807 1122 2841 χρεία
1139 2806 1227 2840 καλεῖ,
1265 2807 1401 2843 ἐπιεικείᾳ
1421 2807 1525 2843 κιρνῶν
1543 2807 1605 2839 τοὺς
1624 2807 1763 2843 ἐλέγχους,

133 2843 177 2869 καὶ
192 2842 244 2870 ὑπὸ
257 2845 404 2881 προσφόρῳ
418 2848 650 2883 παραπετάσματι
666 2851 721 2883 τοῖς
731 2851 954 2887 νουθετουμένοις
973 2860 1078 2887 προσςε
1085 2852 1208 2888 ρόμενος,
1219 2852 1320 2888 μᾶλλον
1337 2842 1476 2885 ἐξανύσεις
1488 2852 1518 2880 τὸ
1533 2842 1761 2888 σπουδαζόμενον.
