1931 3080
135 149 188 182 967

435 199 543 227 EPIST.
560 198 628 226 LIX.

325 243 525 282 qlieophylut'to
541 244 708 280 aspallmn‘o.

707 140 839 172 PHOTII
857 140 1109 172 PATRIARCH/E
1129 140 1185 171 ΟΡ.

1722 141 1775 173 968

1273 192 1385 221 ΕΠΙΣΤ.
1406 193 1470 221 NG’.

1176 239 1372 275 Θεοφυλάκτῳ
1401 239 1548 274 ἀσπαθαρι
1554 247 1586 271 ῳ.

751 300 885 325 Montaeut.
903 299 955 331 (ep.
974 299 1029 330 224,
1046 305 1071 330 p.
1088 298 1155 329 335).

171 359 294 390 Orarcm,
311 361 341 384 ut
367 362 507 390 nunquam
536 353 558 381 si
579 353 635 381 ﬁeri
660 353 696 380 ita
711 358 816 388 posset,
835 352 930 380 morbo

135 407 255 436 labores,
278 411 330 431 nec
345 402 450 429 medica
464 406 524 428 arte
544 399 684 434 indigeas:
701 400 755 432 sin,
771 400 835 434 quia
849 400 930 426 homo

134 459 178 484 es,
193 448 350 478 necessario
376 451 501 482 aegrotas,
521 446 653 478 secundo,
671 450 697 472 te
722 445 777 472 cito
806 445 933 473 convale-

135 504 221 529 scere,
237 500 264 523 et
280 495 378 522 talibus
395 501 439 521 me
459 493 539 521 donis
565 499 752 524 remunerare,
767 499 864 526 nempe
880 489 934 519 Deo

136 544 260 578 ingentes
282 542 429 568 habentem
455 539 565 575 gratias,
594 536 761 572 pauperibus
785 536 927 571 opitulan-

137 595 203 621 tem,
244 587 414 616 debitoribus
451 586 652 613 contionantem
678 583 779 610 debita.
805 582 930 610 Talibus-

136 635 210 662 modi
238 633 395 669 ingentibus
410 639 476 660 sane
490 631 569 659 donis
592 637 763 665 nequaquam
778 628 930 656 exsaturari

136 680 180 708 vel
199 679 285 707 laetari
300 678 434 706 desinam.

473 731 583 759 EPIST.
599 728 657 758 LX.

432 778 549 806 Manueli
560 777 672 810 patricio

1015 350 1153 385 Εὐξαίμην
1177 358 1220 378 αν.
1241 357 1321 384 ε.περ
1349 349 1424 384 ἐνῆν,
1456 348 1593 389 μηδέποτε
1608 351 1638 375 σε
1654 356 1772 384 περιπει

981 397 1039 423 σεῖν
1055 397 1137 431 νόσῳ,
1156 395 1217 432 μηδ’
1233 394 1399 430 ἀκεστορίης
1413 394 1509 421 ἐπιδεᾶ
1524 395 1652 429 γενέσθαι
1665 395 1773 430 τέχνης.

981 443 1012 470 Εἰ
1025 443 1046 469 δ’
1061 442 1205 478 ἄνθρωπον
1225 441 1301 474 ΰντα,
1315 441 1363 468 καὶ
1377 442 1465 467 νοσεῖν
1481 440 1588 475 ἀνάγκη
1602 448 1609 455 ·
1628 441 1686 467 ἀλλ’
1702 440 1774 468 οὑτω

981 498 1011 517 τε
1033 489 1124 525 ῥᾳδίου
1141 489 1284 523 τυγχάνειν
1317 487 1368 522 τῆς
1387 486 1545 522 θεραπείας,
1569 486 1617 514 καὶ
1645 488 1774 519 τοιούτοις

984 535 1058 570 ἡμᾶς
1073 531 1236 569 ἁμείῦεσθαι
1254 532 1353 569 δώροις
1365 541 1372 549 ·
1391 531 1451 568 Θεῷ
1468 532 1519 567 μὲν
1537 530 1656 567 μεγάλας
1669 532 1773 567 ἀναφέ-

982 589 1062 616 ροντα
1074 580 1123 612 τὰς
1138 580 1324 615 εὐχαριστίας,
1341 579 1439 614 πένησι
1455 579 1483 605 δὲ
1499 578 1659 613 βοηθοῦντα,
1673 579 1773 606 λύοντα

981 627 1009 654 δὲ
1025 628 1072 653 καὶ
1087 628 1143 658 τοῖς
1152 626 1321 662 χρεωστοῦσι
1340 625 1417 656 δίκας
1438 625 1488 656 τὰς
1504 625 1614 660 ὀφειλάς
1625 633 1633 641 ⁸
1647 627 1706 658 ταῖς
1720 626 1775 661 γὰρ

979 672 1119 705 τοιαύταις
1138 672 1199 698 οὐδὲ
1215 671 1295 707 κόρον
1311 671 1391 706 ῐσμεν
1403 671 1530 706 ἡδόμενοι
1547 672 1773 707 μεγαλοδωρεαῖς.

1287 726 1400 753 ΕΠΙΣΤ.
1426 727 1464 753 Ξ¹.

1211 772 1358 806 Μανουὴλ
1389 773 1546 807 πατρικίῳ.

757 835 892 860 Montacut.
905 835 957 867 (ep.
969 834 1024 866 216,
1044 841 1070 865 ρ.
1082 829 1111 859 53
1117 833 1138 864 ι)

179 891 238 919 Νοη
254 889 361 922 latebis,
378 889 485 917 etiamsi
509 888 606 921 lateas,
626 887 674 915 Dei
692 889 799 916 oculum
823 897 876 916 nou
893 889 932 916 las

1019 888 1076 915 Οὐκ
1084 888 1117 915 ἂν
1128 887 1231 919 λαυοις,
1245 886 1300 913 οὐδ’
1311 885 1344 913 ἂν
1359 886 1460 919 λάθοις,
1472 885 1519 913 τὸν
1532 886 1666 922 ἀλάθητον
1679 882 1777 921 όφθαλ.

141 938 258 970 tibilem,
278 936 325 971 qui
341 943 373 964 ea
384 936 451 971 agis,
470 940 497 963 et
509 942 635 970 apparas,
652 935 751 970 quibus
765 943 808 962 me
822 943 870 970 per
880 936 935 963 vim

141 991 157 1010 e
179 983 233 1011 vlta
263 982 401 1010 extrahas.
424 981 477 1014 Qui
507 985 606 1016 pratter
632 981 786 1008 ordinatam
809 986 935 1014 mortem,

142 1037 191 1064 per
205 1028 285 1055 aliam
302 1028 375 1055 viam
391 1027 446 1054 vita
459 1027 587 1055 homines
599 1027 700 1061 privat,
716 1027 780 1054 licet
797 1034 879 1054 manu
890 1034 938 1054 en-

143 1081 201 1102 Sem
225 1081 282 1101 non
305 1078 407 1105 teneat,
441 1079 491 1100 nec
520 1072 607 1108 tingat
631 1072 708 1099 illum
726 1072 869 1107 sanguine.
897 1076 939 1100 est

143 1119 324 1147 nihilominus
348 1118 503 1151 homicida;
524 1118 605 1145 etiam
626 1124 688 1144 cum
704 1117 862 1144 carnificem
883 1124 939 1144 non

144 1164 274 1200 appellet.
298 1164 326 1190 Si
340 1163 402 1190 talia
415 1167 534 1198 patrare,
551 1161 696 1189 tribunalia
712 1161 832 1189 coelestia
845 1160 941 1188 reddat

147 1208 375 1244 implacabili-ora,
401 1214 544 1242 quousque
562 1211 590 1234 tu
618 1210 645 1233 te
675 1213 730 1233 non
748 1205 879 1240 expedies
903 1204 940 1231 ab

146 1256 212 1287 illis,
227 1255 275 1290 qui
291 1259 345 1282 tam
361 1255 462 1281 acerbe
475 1253 543 1281 olim
559 1252 606 1285 ibi,
620 1253 692 1287 quod
708 1259 760 1287 ego
778 1251 878 1278 nollem
890 1250 939 1278 tibi

146 1301 318 1337 contingere,
333 1308 369 1328 ne
384 1300 494 1335 quidem
511 1299 534 1326 si
553 1298 642 1326 adhuc
658 1298 744 1333 magis
758 1298 786 1324 in
808 1304 851 1324 me
867 1297 939 1324 fera-

147 1347 195 1379 ris,
213 1347 314 1374 frustra
328 1351 419 1374 tamen
436 1350 464 1372 et
486 1345 546 1372 sine
570 1344 671 1377 fructu,
691 1344 725 1371 ad
736 1351 797 1371 quae
813 1343 940 1370 homines

147 1393 267 1427 undique
280 1395 422 1428 gementes
443 1390 673 1418 transmittuntur.

459 1447 546 1475 PIST.
564 1447 633 1474 LXI.

238 1494 340 1522 'Leonu‘
364 1498 389 1522 et
404 1493 527 1523 σιτίοιοηὶ
542 1493 678 1530 fratribus,
697 1502 712 1520 a
727 1498 840 1520 secretis.

987 934 1037 970 μὸν
1049 933 1097 960 τοῦ
1111 932 1189 965 Θεοῦ,
1205 933 1301 959 ἐκεῖνα
1316 932 1443 966 πράττων
1463 931 1510 958 καὶ
1529 931 1775 967 κατασκευαζόμε-

986 988 1042 1012 νος,
1054 980 1087 1006 δι’
1100 977 1138 1006 ῶν
1158 979 1233 1014 ἡμᾶς
1249 978 1361 1012 ὲξάγοις
1377 977 1423 1013 βίᾳ
1433 978 1480 1004 τοῦ
1494 977 1555 1012 ζῇν.
1575 977 1605 1004 '0
1622 979 1676 1014 γὰρ
1695 979 1775 1014 παρὰ

986 1026 1032 1053 τὸν
1046 1024 1190 1061 ὁρισθέντα
1201 1026 1234 1060 τῇ
1248 1024 1328 1059 φύσει
1340 1024 1465 1056 θάνατον,
1477 1024 1571 1060 ἕτερον
1584 1024 1685 1059 τρόπον
1699 1024 1763 1050 ἐλαύ

987 1080 1041 1099 νων
1053 1070 1214 1106 ἀνθρώπους
1225 1069 1272 1097 τοῦ
1286 1070 1355 1105 βίου,
1374 1070 1398 1096 εί
1409 1069 1458 1096 καὶ
1475 1069 1513 1105 μὴ
1527 1071 1559 1105 τῇ
1573 1070 1644 1105 χειρὶ
1655 1069 1685 1096 τὺ
1699 1068 1777 1104 ξίφος

989 1119 1081 1154 φέρων
1101 1117 1199 1152 βάπτοι
1224 1118 1258 1153 τῇ
1275 1118 1378 1152 σφαγῇ,
1396 1116 1453 1142 ἁλλ’
1469 1115 1515 1143 οὖν
1531 1115 1693 1151 ἀνδροφόνος
1706 1117 1776 1142 ἑστί-

989 1164 1043 1191 κᾶν
1060 1164 1146 1199 μήπω
1157 1163 1203 1190 τδν
1213 1163 1311 1198 δήμιον
1325 1163 1386 1198 ὁρᾷ.
1402 1163 1434 1189 El
1451 1161 1479 1188 δὲ
1491 1161 1539 1188 καὶ
1554 1162 1584 1188 τδ
1599 1164 1611 1181 ι·
1621 1161 1708 1188 ταῦτα
1720 1161 1779 1188 δια-

990 1210 1095 1244 φυγεῖν,
1116 1208 1297 1244 χαλεπώτερα
1313 1208 1349 1234 τὰ
1363 1208 1468 1235 ἐκεῖθεν
1491 1207 1671 1242 δικαιωτήρια
1693 1208 1778 1238 ποιεῖ,

990 1254 1071 1289 μέχρι
1095 1254 1170 1286 τίνος
1183 1254 1233 1280 οὐκ
1255 1253 1399 1289 ἀποστήσῃ
1416 1252 1513 1280 σαυτὸν
1542 1252 1597 1279 τῶν
1614 1253 1714 1285 ἐκεῖσε,
1733 1261 1779 1279 πι-

987 1299 1063 1334 κρῶς
1077 1299 1158 1332 οὕτω,
1176 1299 1224 1326 καὶ
1245 1299 1283 1330 ὡς
1293 1298 1344 1325 οὑκ
1362 1298 1395 1325 ἂν
1414 1298 1502 1332 ἔγωγε
1526 1297 1697 1333 βουληθείην,
1722 1298 1778 1324 οὐδ’

989 1345 1022 1372 ἂν
1037 1345 1118 1371 πλέον
1133 1344 1367 1379 ἐπιϐουλευθείην,
1391 1345 1486 1380 μακρὰ
1515 1344 1563 1370 καὶ
1587 1343 1677 1379 μάτην
1695 1343 1779 1378 οἰμώι

989 1390 1079 1423 ζοντα,
1095 1390 1144 1418 καὶ
1158 1390 1423 1425 κατολοφυρόμενον,
1441 1389 1692 1426 παραπεμπόντων.

1289 1446 1401 1472 ΕΠΙΣΤ.
1417 1446 1477 1472 EA’.

1027 1492 1133 1520 Λέοντι
1152 1491 1203 1520 καὶ
1231 1492 1388 1519 Γαλάτωνι
1405 1491 1548 1527 ἀδελφοις
1567 1491 1744 1526 dri-nuptiae.

771 1553 906 1578 Monlacut.
925 1553 975 1585 (ep.
987 1553 1079 1584 232,p.
1098 1551 1154 1583 546)

187 1604 312 1632 Anatolio
326 1604 373 1632 illo
394 1604 467 1632 bono
482 1604 597 1639 (nescio
616 1612 652 1631 an
664 1604 723 1640 ipse
744 1604 866 1633 ﬁctiones
880 1604 938 1632 illas

1028 1603 1089 1630 Τῶν
1109 1602 1262 1630 ’Δνατολιου
1285 1610 1333 1629 του
1357 1601 1441 1629 καλοῦ
1455 1602 1623 1637 πλασμάτων
1636 1603 1697 1636 (οὐκ
1721 1601 1781 1631 οἴδα

153 1654 326 1678 commentus
338 1654 392 1680 est.
408 1658 442 1677 an
456 1650 568 1677 alterius
584 1650 668 1677 fetum
696 1650 896 1685 suppositilium
911 1651 938 1677 in

154 1704 233 1724 suum
258 1695 369 1730 adoptat
380 1695 391 1715 ⁷
405 1695 414 1730 )
435 1695 539 1723 Pontus
558 1695 705 1730 impletur;
721 1700 775 1723 tam
791 1695 940 1724 vehemen-

154 1745 206 1773 tes.
229 1745 284 1769 tam
309 1741 467 1776 frequentes
492 1745 556 1768 sunt
573 1741 778 1770 mendaciorum
797 1742 887 1776 venti;
903 1742 939 1770 ita

153 1786 274 1822 undique
293 1786 417 1822 perﬂant,
435 1791 465 1814 ut
481 1795 532 1814 nec
546 1787 640 1823 Argoa
650 1788 751 1823 puppis
763 1788 859 1816 Nautaa
870 1789 941 1816 cele-

153 1833 277 1868 brentur,
303 1841 355 1861 nec
371 1833 458 1860 vellus
477 1840 600 1866 aureum,
623 1841 675 1862 nec
697 1834 833 1869 spirantes
851 1835 940 1870 ignem

155 1879 236 1912 tauri,
269 1879 312 1906 vel
344 1878 699 1912 multilormes;dracones,
722 1886 775 1907 nec
791 1887 852 1914 quae
877 1884 942 1907 sunt

154 1927 214 1954 aliae
226 1930 387 1954 monstrosa:
405 1925 502 1953 fabulae
518 1926 649 1961 deinceps
671 1926 819 1962 (iugantur.
836 1925 941 1953 Novitia

155 1971 355 1998 mendaelorem
372 1970 517 2006 hyperbole
530 1970 637 2003 etiiciet,
650 1975 680 1997 ut
690 1970 736 1997 illa
750 1970 870 1997 absoleta
884 1970 942 1997 fere

157 2014 237 2041 ﬁdem
256 2018 422 2047 mereantur,
441 2022 530 2049 neque
559 2014 632 2042 enim
658 2019 722 2041 ante
741 2014 860 2049 quinque
872 2014 941 2047 dies,

157 2067 212 2086 non
228 2064 293 2086 ante
317 2059 396 2092 duos,
413 2059 467 2086 imo
489 2067 524 2086 ne
544 2064 609 2087 ante
635 2067 718 2086 unam
733 2060 828 2087 horam
841 2060 875 2087 ad
892 2067 943 2087 nos

158 2105 273 2133 accessit
286 2104 384 2139 aliquis
397 2105 468 2132 inter
486 2112 534 2132 eos
549 2109 719 2137 numeratus,
733 2105 780 2140 qui
796 2109 862 2132 sunt
881 2114 942 2134 cum

158 2150 282 2186 imperio,
297 2158 349 2177 nec
367 2150 413 2185 qui
431 2149 545 2185 imperio
568 2155 683 2185 parcnt;
709 2158 763 2178 non
777 2151 942 2184 tabellarius,

162 2204 217 2223 non
231 2196 335 2223 litteras
349 2200 494 2226 annotans,
512 2202 567 2223 non
590 2196 723 2223 bonorum
741 2196 867 2229 nuntius,
888 2205 942 2224 non

158 2241 361 2269 adversantium
379 2241 512 2274 famulus;
535 2241 590 2269 imo
601 2249 662 2277 qua:
674 2250 749 2270 nunc
760 2242 787 2269 in
803 2243 945 2277 promissis

159 2287 304 2320 dabantur,
321 2294 383 2314 cum
397 2287 534 2322 prioribus
559 2287 717 2323 disperiere,
735 2296 826 2316 aerem
840 2293 945 2316 tantum

160 2332 355 2360 verberantia?
379 2332 451 2365 Quid
477 2333 539 2360 dico
556 2333 584 2360 in
607 2335 774 2369 promissis?
792 2343 847 2363 non
875 2337 948 2364 enim

161 2379 388 2414 promittebantur
398 2384 513 2412 tantum,
530 2379 577 2408 sed
592 2381 731 2415 placituris
746 2381 858 2409 isthisce
877 2382 950 2410 clare

161 2425 196 2451 ub
211 2425 304 2452 oculos
332 2424 607 2459 reprutsentabantur,
631 2431 769 2461 utcunque
786 2434 821 2454 ne
846 2434 895 2462 per
908 2427 952 2454 in-

162 2471 300 2497 somnium
327 2470 522 2498 cernebantur.
539 2470 620 2498 'Nam
638 2471 670 2498 ab
692 2471 772 2499 initio
787 2480 837 2507 per
859 2473 952 2508 .magi-

162 2512 285 2539 nationes
309 2511 378 2539 haud
402 2512 501 2539 alicubi
523 2512 704 2540 subsistentes
731 2514 857 2547 conﬁcta,
877 2515 949 2542 circa

162 2558 271 2585 easdem
289 2565 396 2592 quoque
408 2558 568 2586 dillluxere:
585 2564 786 2593 verumtamen,
799 2561 871 2596 quod
887 2562 951 2589 nul-

163 2603 206 2630 lus
215 2603 342 2635 arbitror,
353 2604 486 2631 mendacii
502 2604 672 2632 continuatio
686 2605 773 2634 cuivis
788 2606 822 2634 de
837 2607 870 2634 iis
884 2607 953 2634 divi-

164 2648 248 2675 nandi
275 2647 357 2675 faciet
385 2652 549 2682 potestatem
579 2655 778 2678 exaccuratam.
812 2651 888 2684 Quod
913 2651 953 2683 si.

165 2697 261 2720 contra
278 2693 448 2728 opinionem,
471 2700 532 2720 cum
556 2694 672 2723 veritate
691 2695 956 2730 coinciderint;om-

992 1649 1021 1676 δὲ
1032 1649 1148 1684 πότερον
1160 1647 1242 1679 αὑτός
1254 1648 1314 1674 ἐστι
1329 1648 1432 1682 πατὴρ,
1450 1647 1466 1683 ἢ
1488 1647 1700 1683 ὑποϐολιμαίους
1722 1649 1782 1675 ἑτέ-

996 1703 1051 1730 ρων
1066 1695 1185 1720 ποιεϊται
1199 1693 1294 1728 γονὰς)
1316 1693 1424 1729 πλήρης
1442 1694 1457 1720 ὁ
1474 1693 1572 1725 πόντος
1590 1694 1720 1729 ἐγένετο·
1735 1696 1782 1722 καὶ

992 1739 1066 1767 οὕτω
1084 1740 1132 1773 μὲν
1151 1739 1277 1773 σφοδραὶ,
1293 1738 1366 1765 οὕτω
1377 1739 1407 1766 δὲ
1422 1740 1544 1774 συνεχεῖς
1556 1740 1584 1766 αῑ
1599 1739 1646 1766 τοῦ
1667 1740 1781 1775 ψεύδους

993 1782 1076 1821 αὖραι
1095 1785 1305 1817 καταπνέουσιν,
1332 1785 1370 1817 ὥς
1393 1784 1455 1820 μηδ’
1476 1783 1517 1817 οἷς
1532 1786 1549 1820 ή
1563 1785 1617 1811 τῶν
1643 1785 1673 1812 ἑν
1693 1785 1783 1820 ’Λργῶ

994 1831 1145 1866 πλωτήρων
1157 1831 1244 1866 πλάνη
1260 1831 1431 1866 σεμνύνεται,
1448 1830 1479 1858 τὺ
1491 1831 1681 1866 χρυσόμαλλον
1690 1832 1781 1867 δέρας,

994 1878 1041 1904 καὶ
1057 1879 1120 1909 τοὺς
1131 1877 1295 1912 πυριπνόους
1307 1876 1436 1912 ταύρους,
1454 1877 1503 1904 καὶ
1518 1878 1582 1909 τοὺς
1592 1877 1783 1912 πολυμόρφως

994 1923 1155 1958 δράκοντας,
1170 1922 1218 1950 καὶ
1228 1922 1278 1958 τὴν
1286 1922 1369 1958 ἄλλην
1379 1923 1534 1958 τερατείαν,
1547 1923 1616 1959 μηδὲ
1626 1923 1712 1950 ταῦτα
1728 1923 1784 1949 λοι-

995 1969 1046 1995 πὺν
1067 1969 1109 1999 εἰς
1127 1968 1229 2003 μύθους
1252 1968 1454 2003 ἀναφέρεσθαι·
1470 1970 1504 2004 τῇ
1523 1969 1580 2005 γὰρ
1598 1970 1719 2005 νεωτέρα
1735 1964 1785 1996 τοῧ

995 2013 1108 2048 ψεύδους
1125 2012 1275 2048 ὑπερϐολῇ,
1289 2013 1369 2048 ἔσχεν
1387 2009 1511 2041 ἆνελθεῐν
1525 2014 1617 2040 ἐκεῖνα
1635 2014 1670 2041 τὰ
1681 2014 1785 2041 παλαιὰ

995 2059 1036 2090 εἰς
1053 2059 1145 2085 εἰκόνα
1156 2057 1203 2085 τοῦ
1227 2057 1416 2085 πιστεύεσθαι.
1431 2059 1499 2085 Οὐδὲ
1515 2059 1582 2094 γὰρ,
1607 2059 1786 2094 οὐδ’ὴμερῶν

996 2104 1050 2138 πρὸ
1058 2103 1151 2136 πέντε,
1168 2103 1228 2131 οὐδὲ
1246 2103 1299 2138 πρὸ
1318 2103 1375 2136 δύο,
1401 2104 1431 2130 οὺ
1453 2104 1503 2140 μὲν
1520 2104 1567 2131 οὖν
1581 2103 1640 2131 ἀλλ’
1656 2105 1717 2131 οὐδὲ
1733 2105 1787 2140 πρὸ

999 2151 1063 2185 μιᾶς
1076 2148 1161 2186 ὥρας,
1176 2149 1262 2181 οὐδεὶς
1274 2150 1389 2184 ἀφίκετο
1404 2150 1473 2186 πρὸς
1483 2151 1569 2186 ἡμᾶς,
1584 2151 1615 2178 οὺ
1626 2151 1679 2178 τῶν
1691 2152 1787 2186 ἄρχειν

996 2196 1144 2231 λαχόντων,
1162 2196 1193 2223 οὐ
1205 2196 1260 2223 τῶν
1273 2196 1378 2231 ἑτέροις
1390 2195 1613 2233 πειθαρχούντων
1623 2205 1631 2213 ·
1648 2197 1679 2224 οὐ
1694 2206 1787 2233 γραμά

1000 2242 1176 2277 ματηφόρος·
1206 2241 1257 2269 οὐκ
1280 2242 1481 2278 ἐπισημότερος
1511 2243 1705 2279 γραμμάτων
1737 2243 1788 2270 οὐκ

998 2287 1108 2321 ἀγαθῶν
1122 2287 1252 2321 ἄγγελος·
1267 2287 1315 2322 οὐχ
1334 2288 1558 2323 ὐπηρετούμενος
1570 2290 1627 2320 τοῖς
1641 2287 1786 2319 ἐναντίοιςί

998 2332 1068 2359 ἀλλὰ
1081 2333 1137 2368 γὰρ
1160 2333 1207 2360 καὶ
1231 2333 1268 2359 τὰ
1291 2333 1339 2360 νῦν
1353 2332 1533 2369 ὑπεσχημένα
1553 2334 1611 2365 τοϊς
1632 2333 1788 2368 ἔμπροσθεν

999 2377 1186 2412 συναπώλετο,
1203 2379 1250 2406 τὸν
1262 2379 1330 2414 ἀέρα
1351 2380 1433 2414 μόνον
1449 2380 1640 2416 κτυπήσαντα.
1658 2380 1691 2406 Τί
1705 2380 1735 2406 δὲ
1747 2380 1789 2406 δεῖ

999 2424 1090 2460 λέγειν
1105 2425 1299 2461 ὑπεσχημένας
1312 2426 1342 2452 οὐ
1357 2427 1411 2461 γὰρ
1423 2426 1602 2461 ὑπεσχημένα
1616 2426 1707 2461 μόνον,
1721 2426 1789 2452 ἀλλὰ

1001 2478 1033 2504 γε
1047 2471 1105 2502 τοῖς
1134 2471 1325 2506 χαριεστάτοις
1343 2471 1464 2497 τουτοισὶ
1485 2471 1533 2497 καὶ
1561 2472 1616 2506 πρὸ
1641 2470 1789 2506 ὀφθαλμῶν

999 2515 1134 2551 λαμπρῶς
1148 2516 1274 2551 κείμενα,
1290 2517 1315 2544 εί
1331 2517 1378 2544 καὶ
1400 2517 1462 2552 μηδ’
1482 2516 1599 2552 ὀνείροις
1619 2516 1767 2552 ὼράθησαν
1780 2521 1788 2533 ⁸

1000 2562 1048 2590 καὶ
1061 2563 1116 2597 γὰρ
1127 2562 1176 2597 τὴν
1190 2563 1288 2598 ἀρχὴν,
1300 2563 1345 2594 είς
1358 2563 1550 2598 ἀνυπάρκτους
1564 2563 1789 2598 διαπεπλασμένα

1002 2608 1162 2642 φαντασίας,
1193 2609 1257 2643 περὶ
1274 2609 1367 2640 αὑταῖς
1391 2609 1439 2635 καὶ
1459 2609 1684 2645 κατερρυήκεσαν
1697 2617 1703 2624 ·
1720 2609 1790 2644 πλὴν

1004 2652 1071 2685 ἀλλ’,
1093 2653 1161 2688 ὓπερ
1173 2654 1223 2688 οὐχ
1237 2654 1371 2688 ἡγοῦμαι,
1384 2655 1400 2689 ἡ
1417 2654 1544 2690 συνέχεια
1556 2655 1586 2681 δὲ
1600 2654 1648 2681 τοῦ
1665 2654 1789 2689 ψεύδους,

1004 2698 1053 2732 τὴν
1070 2698 1114 2724 ἐπ’
1130 2699 1220 2731 αὐτοῖς
1238 2700 1371 2736 μαντικὴν
1394 2700 1476 2727 παντὶ
1497 2700 1646 2736 παρέχεται
1667 2700 1790 2735 inﬁt“:-

841 2774 956 2803 ΥΑΒΙᾹΞ
972 2775 1173 2804 LECTIONES-

207 2853 218 2868 ι’
234 2850 275 2878 lc.
291 2851 339 2879 καὶ
353 2851 422 2887 μετὰ
432 2850 474 2879 τό..
