1928 3097
127 164 177 196 969

690 170 959 201 EPISTOLARUM
979 172 1094 203 LIBER
1117 175 1173 206 III.

1709 177 1761 210 970

125 220 234 247 σασθαι.
255 219 325 247 Ἀλλ’
341 218 387 247 οὖν
399 221 424 247 εἰ
442 221 489 248 καὶ
511 222 586 258 παρὰ
606 223 697 255 δόξαν,
717 225 793 260 ὅμως
805 225 833 251 εἴ
848 233 905 252 ποτι

965 227 1009 254 nia
1024 228 1068 256 ille
1079 230 1152 263 apud
1169 237 1211 257 tne
1232 230 1376 262 obtinebit,
1390 239 1449 266 qua:
1473 239 1521 267 per
1535 240 1583 260 vos
1603 236 1630 260 ut
1650 233 1760 262 obtine-

124 265 193 300 πρὸς
209 266 339 301 ἀλήθειαν
356 269 604 304 περιτραπείησαν,
630 269 719 296 ἔσοιτο
735 271 826 298 πάντα
850 272 916 306 παρ’

122 310 203 345 ἡμῶν
232 311 271 346 τῷ
287 312 375 346 ἀνδρὶ,
396 313 447 339 ὅσα
462 313 590 348 γενέσθαι
607 314 681 350 αὺτῷ
692 314 728 343 δι’
752 316 830 351 ὑμῶν
846 325 918 352 παρ-

129 355 260 392 ῃτήσατο.
276 357 430 393 Ἔρρωσθε.

423 416 537 444 ΕΠΙΣΤ.
556 416 616 445 EB’.

336 462 486 497 Ἀρσαϐὴρ
504 462 703 499 Ἀσπαθαρίφ.

965 278 1008 299 ret
1022 274 1169 301 recusavit.
1190 274 1294 302 Valete.

1167 442 1191 464 1
1237 416 1366 464 VEPIST.
1387 419 1467 447 LXII.

1189 462 1191 465 ’
1225 463 1342 491 Arsaber
1350 466 1512 501 eaput/tario.

739 521 865 546 Montacut.
891 519 944 550 (ep.
960 516 1015 548 235,
1031 525 1056 549 p.
1072 519 1139 551 547).

159 570 196 597 Τὺ
209 570 259 606 μὲν
273 570 371 606 δῶρον,
400 571 611 608 μεγαλοπρεπὲς
634 573 676 605 ὃν,
692 572 741 601 καὶ
765 572 850 608 χωρὶς
867 572 916 608 τῆς

121 615 204 651 ἄλλης
218 616 366 648 διαθέσεως
380 616 395 644 ὃ
408 618 456 644 καὶ
473 617 571 650 ἄλλους
589 618 624 646 ἂν
647 619 804 652 ἐπεπείκει,
830 627 916 654 μεγα-

120 660 266 697 λοπρεπῶς
278 663 353 697 ἡμᾶς
365 664 560 698 παρεσκεύασε
571 663 710 696 δέξασθαι.
731 665 766 692 Ἠ
782 665 813 691 δὲ
824 664 916 692 διάθε-

122 716 166 740 σις
180 708 229 734 καὶ
242 709 327 743 χωρὶς
341 708 390 736 τοῦ
405 709 493 745 δώρου
512 710 544 736 τὸ
563 711 663 737 οίκεῖον
681 713 768 737 ποιεῖν
793 710 915 737 διανοου-

122 753 202 788 μένη,
217 753 264 780 ἆτε
280 754 313 789 δὴ
330 754 432 790 μείζων
449 755 499 790 μέν
522 756 614 791 πάσης
638 755 729 791 ἄλλης
743 755 912 790 φιλοτιμίας,

121 797 222 832 μείζων
242 797 270 824 δέ
294 798 396 830 παντὸς
407 799 632 835 εὖεργετήματος
645 800 692 827 καὶ
708 797 778 828 εἶναι
795 800 843 827 καὶ
854 800 914 827 όνο-

120 843 256 879 μάςεσθαι
278 844 519 880 μεγώοφρονοῦσα
545 846 633 873 οὐδενὶ
659 847 746 883 ἑτέρῳ
761 846 816 873 τῶν
837 855 914 882 πρω-

119 890 201 916 τείων
218 889 409 923 ὑπεξίσταται.
422 892 454 918 EI
463 892 493 919 δὲ
507 892 594 919 ταῦτα
606 893 639 920 ἄν
650 901 681 919 τε
692 893 767 928 παρῇ
782 892 816 920 τὰ
826 892 912 928 δῶρα,
926 905 951 936 Β

119 935 171 963 κᾶν
187 937 304 972 μέγιστα
315 935 344 973 ᾖ,
360 938 437 965 οὐδὲν
452 938 544 974 ἐκείνη
558 939 593 965 δι’
614 939 706 966 αὐτῶν
718 939 912 975 περιϐάλλεται

120 982 203 1018 μέγα.
215 983 249 1010 ἄν
260 992 291 1010 τε
311 985 349 1020 μὴ
365 986 452 1020 παρῇ,
474 986 509 1021 τῇ
541 985 659 1020 μονώσει
677 985 760 1012 πλέον
770 984 914 1020 ἀπαστρά-

119 1035 193 1055 πτει.
214 1029 322 1064 ’Ὠσπερ
339 1030 422 1065 νέφος
434 1031 512 1065 ἥλιος
527 1030 577 1066 τὴν
592 1031 659 1067 ὓλην
671 1031 843 1066 διαφυγοῦσα
865 1031 913 1058 καὶ

116 1075 240 1111 καθαρὰς
256 1076 304 1103 καὶ
313 1077 412 1109 ἀΰ).ους
420 1078 471 1109 τὰς
478 1078 566 1112 αὐγὰς
573 1079 623 1114 τῆς
630 1078 741 1113 φιλικῆς
750 1078 913 1115 προ[σ]αγο-

117 1120 239 1156 ρεύσεως
246 1123 279 1148 ἐκ
287 1122 334 1149 τοῦ
340 1122 489 1158 δεχομένου
498 1124 659 1151 ἀντανακλῶ
667 1132 707 1151 σοι
714 1124 754 1159 τῷ
763 1124 911 1159 πέμποντι.

116 1167 163 1194 Διὸ
181 1167 281 1203 μηκέτι
298 1177 339 1195 σοι
361 1168 457 1204 δώρων
471 1170 576 1206 ἀπορίᾳ
589 1171 607 1206 ἡ
638 1170 792 1206 πρόσρησις
813 1169 912 1206 βραδυ-

117 1213 199 1247 νέτω,
218 1213 276 1241 ἀλλ’
293 1215 465 1251 ἐποχουμένη
477 1217 512 1252 τῇ
526 1216 647 1244 διαθέσει
661 1216 709 1243 καὶ
723 1216 773 1248 τὰς
786 1216 836 1248 σὰς
847 1224 911 1243 συν-

114 1260 315 1295 επικομίζουσα
342 1262 438 1296 ὑγείας
458 1262 556 1290 θᾶττον
582 1262 762 1298 άφικνείσθω.
795 1262 834 1289 Οὐ
856 1261 912 1297 γὰρ
932 1300 935 1303 Ι

114 1306 204 1339 ἐστιν,
221 1307 271 1334 οὐκ
287 1307 362 1335 ἐστιν
376 1308 431 1335 οὐδ’
443 1310 473 1336 οὐ
486 1309 524 1345 μὴ
538 1309 627 1337 εσοιτο
640 1309 689 1345 τῆς
700 1309 734 1336 δι’
745 1309 832 1344 αὐτῆς
844 1309 912 1345 ἡμῖν

113 1352 298 1389 ἐγγινομένης
309 1355 398 1389 χαρᾶς
409 1355 457 1382 καὶ
466 1355 601 1391 θυμηδίας
614 1355 692 1383 οὐδὲν
700 1355 756 1382 τῶν
764 1355 912 1390 περιγειων

116 1397 205 1434 δῶρον
222 1403 234 1417 ·
248 1399 438 1436 χαριέστερον.

411 1501 524 1529 ΕΠΙΣΤ.
545 1501 604 1530 ΞΡ.

114 1544 254 1580 Ταρασίῳ
285 1547 435 1586 (Iurgium)
460 1547 582 1586 ᾁδολφῷ
600 1549 832 1586 παραμυθητικὴ
860 1547 912 1575 ἐπὶ

353 1583 478 1617 θυγατρὶ
490 1583 664 1619 τεθνηκυίᾲ.

1003 570 1104 599 Munus
1118 572 1230 607 quidem
1245 581 1308 602 cum
1324 575 1360 603 sit
1375 577 1561 612 magniﬁcum,
1571 580 1683 614 etquod
1698 581 1759 609 sine

964 615 1145 651 dispositione
1161 618 1212 646 alia
1222 620 1334 654 quosvis
1344 620 1492 654 allexisset,
1506 630 1561 656 me,
1574 629 1603 651 ut
1615 625 1758 660 magniﬁce

965 663 1129 699 acciperem,
1144 664 1282 694 invitavit.
1306 667 1506 704 Atdispositio,
1527 675 1634 698 semoto
1646 672 1757 706 quidem

964 708 1048 741 dono,
1066 717 1127 737 cum
1145 712 1218 746 quod
1237 719 1317 740 suum
1336 719 1396 742 erat
1410 722 1542 751 peragere
1558 717 1700 753 cogitaret,
1715 723 1760 747 nt-

967 761 1033 789 p0te
1045 755 1127 783 aliam
1147 757 1298 791 quamlibet
1314 759 1467 788 honorandi
1484 769 1595 789 causam
1611 763 1758 798 excedens,

967 801 1041 828 omni
1058 801 1193 830 beneﬁcio
1207 805 1307 839 majus,
1327 808 1356 832 et
1369 812 1432 833 eum
1458 814 1509 841 pro
1531 808 1578 835 tali
1598 810 1705 838 censeri
1730 814 1760 837 et

967 844 1106 873 nominari
1121 854 1288 883 magnopere
1304 854 1426 884 cuperet,
1451 851 1478 878 in
1493 852 1567 880 nulla
1587 860 1617 881 re
1631 861 1648 881 a
1662 854 1759 890 primis

966 890 1069 919 deﬁcit.
1087 891 1117 919 Si
1140 893 1276 928 ejusmodi
1300 902 1415 923 munera
1439 896 1600 931 atl‘erantur,
1618 903 1759 935 utcunque

964 937 1065 965 eximia
1079 937 1145 972 sint,
1164 938 1234 967 nihil
1253 947 1302 974 per
1316 940 1362 968 illa
1383 945 1474 969 tamen
1490 942 1625 971 voluntati
1646 946 1760 974 accedet

964 991 1106 1020 magnum,
1126 984 1181 1012 nisi
1200 989 1229 1012 et
1245 985 1290 1013 illa
1307 986 1393 1020 adsit;
1413 987 1562 1016 solitudine
1578 989 1666 1024 magis
1692 990 1756 1017 illu-

964 1034 1068 1058 stratur
1083 1037 1091 1057 :
1105 1034 1137 1058 ut
1151 1031 1192 1058 sol
1205 1039 1222 1059 a
1235 1031 1307 1060 nube
1319 1032 1481 1068 subductus,
1495 1039 1523 1062 et
1530 1036 1672 1063 materiam
1686 1036 1758 1064 illam

963 1075 1124 1112 dispellens,
1156 1077 1265 1109 illimes.
1279 1083 1308 1106 et
1331 1086 1415 1114 puros
1439 1084 1467 1108 et
1495 1081 1642 1110 defatcatos
1662 1084 1758 1112 amica:

964 1122 1182 1157 eompellationis
1206 1123 1307 1157 radios,
1323 1125 1358 1153 ab
1372 1125 1526 1161 accipiente
1548 1128 1682 1157 retractos
1704 1130 1756 1158 ad-

963 1168 1120 1196 mittentem
1146 1170 1269 1198 mittunt.
1299 1170 1390 1204 Quare
1416 1179 1471 1200 non
1503 1173 1620 1202 ulterius
1643 1180 1756 1210 propter

963 1221 1109 1242 munerum
1126 1214 1305 1251 indigentiam
1320 1216 1398 1244 aﬁ‘ari
1412 1221 1438 1244 te
1457 1217 1580 1246 tardabo.
1601 1219 1656 1247 Sed
1676 1220 1758 1248 salu—

963 1260 1030 1287 tatio
1046 1261 1074 1288 in
1088 1260 1172 1289 animi
1188 1261 1288 1290 aﬁ'ectu
1299 1267 1405 1297 evecta,
1420 1268 1448 1291 et
1461 1271 1515 1292 una
1527 1272 1622 1293 secum
1632 1270 1693 1294 tuas
1709 1275 1758 1302 ap-

963 1310 1077 1341 portans
1093 1306 1282 1340 salutationes,
1303 1307 1385 1336 citius
1403 1308 1512 1337 advolet
1527 1318 1534 1337 :
1551 1317 1607 1339 non
1625 1316 1684 1345 est,
1705 1320 1757 1341 nec

962 1353 1015 1380 erit
1029 1357 1203 1381 terrenarum
1216 1354 1351 1382 donorum
1367 1355 1478 1391 aliquod
1492 1357 1577 1393 magis
1589 1358 1754 1393 jucundum.

963 1402 1010 1437 aut
1026 1398 1100 1433 quod
1115 1399 1329 1428 oblectationem
1344 1401 1477 1436 majorem
1496 1407 1525 1430 et
1543 1403 1673 1439 gaudium
1687 1413 1755 1441 ope-

963 1449 1050 1473 νοιιιτ.

1247 1503 1358 1533 EPIST.
1377 1504 1470 1533 LXIII.

965 1547 1075 1576 Taracia
1098 1550 1221 1585 patricio,
1240 1551 1329 1612 fratri;
1344 1552 1380 1593 de
1403 1551 1474 1580 obitu
1489 1552 1551 1587 ﬁlim
1564 1560 1621 1581 sum
1636 1555 1755 1582 consola-

1325 1595 1393 1612 orm.

1325 1595 1381 1614 orta
1387 1607 1393 1614 .

734 1640 871 1666 Montacut.
884 1639 938 1669 (ep.
955 1639 1010 1673 ΞΜ,
1022 1649 1047 1673 p.
1061 1642 1128 1674 547).

145 1686 183 1716 Ὠ
197 1690 249 1718 ποῦ
265 1689 314 1718 νῦν
329 1691 442 1726 Ἢλίας;
457 1692 510 1720 ποῦ
521 1693 550 1720 δὲ
571 1693 723 1726 Ἐλισσαῖος
732 1703 740 1728 ;
749 1693 802 1721 ποῦ
813 1693 841 1721 δὲ
852 1694 904 1721 Πέ-

110 1744 186 1770 τρος,
202 1736 219 1772 ἢ
232 1737 349 1771 Παῦλος,
362 1738 380 1773 ἦ
393 1747 467 1769 τινες
479 1739 534 1766 τῶν
551 1740 613 1766 κατ’
624 1740 747 1772 ἐκείνους
763 1741 844 1776 ιερῶν
856 1741 904 1767 καὶ

109 1781 197 1815 ἁγίων
208 1782 315 1816 ἀνδρῶν
329 1791 336 1816 ;
354 1783 385 1809 οὐ
397 1783 452 1819 γὰρ
467 1783 500 1811 ἂν
515 1784 663 1820 ἐπιστολῆς
674 1785 801 1821 ἐδεήθην,
814 1785 904 1813 αὐτῶν

108 1827 139 1854 δέ
149 1836 221 1859 τινος
230 1828 381 1864 λαϐόμενος
394 1830 449 1857 τῶν
461 1830 560 1862 ποδῶν,
570 1831 632 1857 ἐπεὶ
640 1831 689 1865 τὴν
700 1831 779 1867 χάριν
789 1832 840 1858 οὐκ
850 1831 903 1867 ἔχω

108 1873 165 1900 τῶν
180 1874 292 1910 χειρῶν,
309 1875 360 1902 οὐκ
374 1874 408 1902 ἂν
422 1876 545 1912 ἀπέστην
564 1877 675 1905 ἅπαντα
690 1878 784 1911 ποιῶν,
804 1879 856 1911 ἕως
869 1879 903 1906 ἂν

110 1918 204 1951 ζῶσαν
214 1919 272 1951 τοίς
287 1921 503 1956 γεννησαμένοις
518 1922 670 1958 παρέθεντο
679 1924 729 1958 τὴν
738 1924 829 1951 παῖδα.
844 1924 903 1951 Νὖν

108 1964 139 1991 δέ
155 1963 201 1997 τίς
216 1964 278 1991 οὐδὲ
295 1965 360 2000 γὰρ.
385 1965 447 1992 οὑδέ
462 1968 522 1998 ταῖς
545 1967 723 2002 τηλικαύταις
748 1970 902 2005 συμφοραῖς

107 2009 156 2036 τοῦ
166 2010 274 2043 γένους,
288 2012 305 2046 ἠ
319 2011 380 2037 καθ’
391 2011 470 2047 ἡμῶν
483 2011 633 2048 ὑπερόριος
642 2014 899 2050 φυγὴδυσωπείται.

113 2056 276 2092 Ἐπιστολῆς
291 2056 399 2092 δέομαι,
415 2057 573 2094 ἐπιστολῆς,
584 2060 612 2087 οῐ
627 2060 688 2095 pot!
706 2060 805 2096 θρῆνον
821 2061 901 2089 ἀδελ-

106 2102 171 2137 φοῦ,
182 2104 229 2131 ἐπὶ
240 2104 356 2142 θυγατρὶ
370 2107 486 2144 κειμένῃ
494 2107 718 2144 διαπραῠνούσης
727 2118 734 2125 ·
745 2110 789 2137 ὅτε
797 2110 901 2138 τέκνων

109 2149 241 2184 παρῆσαν
255 2150 376 2185 ἐλπίδες,
390 2153 439 2180 καὶ
453 2153 500 2180 τὸν
512 2154 603 2189 γάμον
615 2153 674 2191 εἶχε
686 2155 843 2191 δυσφημίαο
857 2156 900 2184 ὅτι

110 2193 151 2229 μὴ
169 2194 268 2222 θᾶττον
280 2195 332 2231 τὴν
357 2197 444 2224 παῖδα
461 2198 568 2234 μητέρα
585 2199 703 2232 ἐδείκνυ,
724 2201 790 2236 μηδὲ
805 2201 900 2233 παιδὸς

107 2239 177 2271 παῖς
193 2239 275 2275 χερσὶ
291 2241 477 2277 προπατόρων
490 2243 616 2280 ἐναθύρει
629 2253 659 2271 τε
681 2245 730 2273 καὶ
745 2246 898 2280 ἐνάλλεται,

107 2285 265 2320 περιλαλῶν
293 2287 350 2318 τοῖς
364 2287 559 2324 ψελλίσμασιν.
583 2290 654 2318 Ἀλλ’
682 2292 726 2319 ὅτε
752 2293 786 2320 τὰ
811 2293 898 2329 μείζω

106 2330 248 2366 ἠλπίζετο,
261 2331 323 2359 τότε
340 2333 387 2360 καὶ
404 2332 422 2360 ἃ
432 2334 596 2370 κατείχομεν
609 2336 799 2372 ἀνηρπάζετο·
812 2338 841 2365 οῖ
851 2348 898 2374 μοι

106 2376 163 2403 τῶν
179 2376 303 2404 παλαιῶν
317 2379 499 2414 προπατόρων
513 2381 606 2417 ἀπάτη
617 2382 665 2408 καὶ
683 2383 839 2419 παράϐασις
850 2385 897 2411 καὶ

103 2423 168 2458 δίκη
183 2423 265 2456 tuo;
286 2425 326 2457 εις
342 2424 389 2452 τὸν
405 2426 571 2461 παράδεισον
591 2428 721 2464 εἵρπυσεν
743 2430 757 2455 ὁ
778 2431 896 2466 πονηρὸς

103 2470 209 2501 ἐκεῖνος
231 2470 278 2497 καὶ
304 2470 412 2503 σκολιὸς
425 2471 508 2506 δφις;
533 2473 593 2505 πῶς
615 2473 725 2502 ἔπεισεν
743 2475 771 2510 ί;
796 2476 812 2512 ἢ
835 2477 895 2509 πῶς

102 2515 210 2542 ἐκεῖθεν
226 2516 307 2552 μέχρι
323 2516 370 2543 τοῦ
390 2516 438 2545 νῦν
455 2518 486 2545 τὸ
497 2518 595 2555 πικρὸν
608 2520 656 2547 τοῦ
670 2520 784 2549 θανάτου
804 2532 894 2560 παρα-

102 2559 224 2587 τείνεται
246 2562 378 2598 κέντρον;
404 2562 524 2598 ἔφθασεν
546 2564 615 2601 αὓτη
631 2566 679 2593 καὶ
702 2567 764 2594 καθ’
784 2569 894 2606 ἡμῶνή

103 2606 197 2642 πληγὴ
214 2606 310 2642 βέλους
323 2607 464 2644 ὀξύτερον,
489 2611 612 2646 σκηπτοῦ
629 2612 831 2650 φοϐερώτερον·
848 2616 895 2642 καὶ

101 2654 192 2680 κεῖται
217 2655 299 2687 παῖς,
329 2654 392 2689 ἄρτι
410 2655 460 2691 τὴν
479 2655 555 2691 ὥραν
581 2657 711 2692 άνθοῦσα,
737 2660 822 2687 δεινὸν
847 2662 895 2690 καὶ

103 2696 267 2732 σκυθρωπὸν
278 2696 428 2733 ὀφθαλμοῖς
439 2699 575 2728 τεκόντων
590 2701 681 2738 θέαμα
690 2712 697 2719 ·
710 2705 754 2731 ὅτε
773 2706 803 2732 τὸ
813 2706 894 2739 ἄνθος

101 2741 201 2776 ἐφύετο
221 2743 271 2778 τῆς
288 2742 473 2778 παιδοποιίας,
492 2745 554 2772 τότε
575 2747 642 2775 αὐτῦ
663 2749 693 2776 τὸ
719 2752 804 2786 φυτὸν
827 2761 892 2781 συν-

994 1693 1046 1723 Ubi
1063 1703 1138 1724 nunc
1149 1695 1239 1724 Elias?
1252 1697 1297 1725 ubi
1320 1696 1457 1726 Eliszeus?
1477 1699 1523 1727 ubi
1536 1699 1643 1734 Petrus,
1653 1699 1754 1729 Paulus

956 1745 1004 1769 aut
1017 1742 1114 1777 aliquis
1129 1743 1228 1771 similis
1241 1747 1352 1771 sanctus
1364 1748 1392 1771 et
1405 1751 1483 1773 sacer
1493 1745 1592 1773 homo?
1605 1745 1686 1774 Certe
1696 1755 1752 1775 non

955 1791 1030 1814 esset
1049 1787 1193 1822 epistolam
1209 1788 1330 1816 scribere
1347 1796 1427 1824 opus,
1445 1790 1468 1817 si
1487 1790 1530 1818 vel
1544 1791 1629 1828 pedes
1643 1792 1750 1819 illorum

955 1832 1071 1868 alicujus
1086 1833 1339 1868 iapprelienderem,
1353 1843 1443 1870 neque
1462 1837 1535 1863 enim
1562 1844 1605 1864 res
1624 1837 1751 1866 manibus

955 1882 1062 1914 agetur,
1074 1886 1142 1907 sane
1153 1880 1246 1908 omnia
1257 1884 1402 1914 tentarem,
1415 1889 1467 1909 nec
1477 1882 1650 1916 absisterem,
1662 1883 1750 1911 donec

954 1924 1017 1952 vitae
1032 1925 1186 1953 restitutam
1206 1926 1367 1961 parentibus
1382 1927 1439 1954 suis
1454 1927 1573 1962 puellam
1597 1929 1746 1957 traderent.

953 1970 989 1998 At
1026 1979 1102 1999 nunc
1126 1971 1209 2006 quid?
1238 1977 1313 2000 certe
1350 1972 1451 2001 talibus
1480 1975 1747 2010 consanguineorum

953 2017 1083 2045 arumnis
1096 2017 1224 2046 exsilium
1242 2023 1368 2046 nostrum
1385 2026 1440 2046 non
1453 2019 1607 2048 alleviatur.
1625 2020 1746 2056 Epistola

953 2069 1023 2098 opus
1038 2067 1091 2096 est,
1111 2063 1156 2091 hei
1173 2063 1253 2097 mihi,
1268 2071 1321 2099 qua
1333 2065 1438 2092 luctum
1456 2066 1509 2093 mei
1527 2066 1618 2095 fratris
1635 2067 1670 2095 ob
1684 2067 1746 2096 ﬁliae

952 2112 1095 2134 excessum
1109 2107 1220 2135 leniam.
1234 2108 1302 2136 Cum
1317 2108 1464 2137 liberorum
1477 2118 1542 2146 spes
1560 2116 1644 2145 esset,
1655 2117 1683 2140 et
1697 2120 1745 2141 ac-

951 2157 1114 2181 cusarentur
1128 2153 1245 2190 nuptias,
1261 2155 1334 2190 quod
1348 2155 1429 2183 citius
1448 2155 1532 2184 ﬁliam
1554 2162 1669 2185 matrem
1687 2166 1743 2186 non

952 2197 1140 2233 declararent;
1157 2207 1210 2228 nec
1226 2200 1274 2228 ﬁlii
1293 2200 1365 2229 ﬁlius
1380 2202 1408 2229 in
1428 2209 1542 2230 avorum
1559 2203 1684 2232 manibus
1700 2204 1742 2232 lu-

950 2246 1001 2279 dit,
1022 2251 1051 2274 ct
1073 2246 1269 2282 circumsaltat,
1299 2248 1454 2283 crepundiis
1484 2248 1628 2278 blandiens
1657 2258 1665 2278 :
1694 2251 1742 2279 sed

913 2309 937 2338 Β
950 2300 1013 2321 cum
1025 2294 1128 2329 majora
1140 2295 1330 2330 sperabantur,
1346 2299 1402 2322 tum
1416 2303 1476 2330 quae
1489 2295 1667 2330 habebamus,
1684 2298 1741 2325 eri-

950 2339 1108 2374 piebantur.
1136 2339 1185 2368 Hei
1207 2340 1455 2368 vetustissitnorum
1479 2349 1643 2377 proavorum
1664 2342 1741 2370 frau-

950 2384 1023 2418 dem,
1038 2385 1296 2421 transgressionem,
1313 2394 1423 2421 pwnam
1443 2395 1449 2413 :
1464 2388 1600 2423 quomodo
1613 2388 1643 2415 in
1658 2396 1739 2423 para-

948 2431 1038 2459 disum
1047 2440 1077 2459 se
1087 2432 1237 2459 insinuavit
1251 2432 1296 2459 ille
1312 2433 1399 2460 malus
1424 2438 1605 2469 etpervcrsus
1615 2436 1741 2470 serpens?

948 2477 1085 2512 quomodo
1096 2478 1248 2513 persuasit?
1263 2479 1399 2514 quomodo
1410 2479 1509 2507 exinde
1520 2480 1552 2507 ad
1566 2481 1640 2508 hunc
1651 2488 1739 2516 usque

945 2523 1019 2551 diem
1041 2523 1158 2551 acerbus
1182 2523 1227 2551 ille
1246 2523 1343 2552 mortis
1359 2524 1487 2552 stimulus
1502 2525 1675 2552 extenditur?
1698 2526 1738 2553 Ad

946 2579 996 2601 nos
1011 2571 1138 2600 transivit
1153 2570 1203 2598 ista
1221 2570 1310 2606 plaga,
1328 2571 1382 2599 telo
1396 2571 1526 2604 velocior,
1540 2571 1646 2608 fulgure
1659 2572 1739 2600 terri-

946 2617 1043 2650 bilior;
1063 2617 1099 2645 ita
1111 2622 1141 2644 ut
1153 2617 1243 2652 jaceat
1257 2616 1385 2644 defuncta
1401 2617 1491 2652 puella
1503 2617 1548 2644 vix
1560 2618 1634 2646 liora:
1650 2619 1739 2653 spatio

946 2663 1129 2697 elllorescens,
1148 2671 1229 2699 grave
1244 2667 1271 2691 ct
1285 2663 1466 2691 avcrsandum
1481 2668 1625 2699 parentum
1649 2665 1737 2691 oculis

945 2709 1151 2745 spectaculum;
1170 2716 1225 2744 quo
1239 2709 1357 2745 primum
1377 2714 1517 2739 momento
1531 2709 1668 2745 puerperii
1687 2709 1737 2738 ﬂes

943 2756 1050 2783 exeruit
1064 2763 1105 2790 se,
1116 2756 1212 2785 eodem
1228 2755 1346 2788 exaruit,
1365 2756 1448 2784 etiam
1470 2755 1611 2784 radicitus.
1635 2754 1737 2783 Natura

748 2835 866 2866 νΑιιιΑξ
882 2838 1083 2870 LECTIONES.

138 2903 148 2917 ε
166 2897 208 2925 ἷσ.
221 2897 325 2933 δώρων.
384 2898 393 2916 ί
414 2898 475 2930 Πῶς
487 2896 573 2928 εἶπεν.

264 2945 398 2976 l‘unon.
414 2947 471 2976 Gn.
491 2946 557 2978 Cll.

1509 2954 1548 2987 3i,
