1931 3080
154 171 204 203 971

722 164 853 195 PHOTII
869 163 1123 193 ΡΑΤΒΙΑΒΕΗᾹΞ
1143 163 1198 194 CP.

1727 161 1781 192 972

152 229 246 260 parata
262 226 303 248 est
317 221 350 247 ad
365 219 607 256 germinationem,
623 221 650 245 et
665 217 717 245 falx
734 217 876 245 mortifera
900 218 941 245 vi-

1004 218 1199 253 ιπεμαραίνετο
1216 218 1277 249 ταῖς
1291 217 1398 253 ῥίζαις·
1415 218 1432 253 ἡ
1459 217 1540 252 φύσις
1566 217 1634 252 πρὸς
1662 217 1781 252 βλάστην

149 268 275 296 sceribus
290 267 371 294 altius
385 266 505 292 immissa
521 265 584 292 vitae
602 264 684 292 vitam
701 262 942 297 demessuit._Qua:

148 314 303 341 suffectura:
330 312 393 338 huic
423 310 499 337 casui
515 309 656 345 laerymte?
683 309 787 340 luctus.
808 308 940 340 lamenta,

150 359 266 395 gemitus
288 358 394 393 qualis?
417 365 448 384 os
468 356 613 392 longoLillo
630 360 658 381 et
680 354 808 389 fugiendo
833 353 941 381 silentio

150 405 304 435 obturalur,
329 403 494 430 clauduntur
519 401 607 433 labia,
629 407 684 426 non
710 399 868 435 gravitatem
892 398 941 425 de-

149 450 339 481 monstrantia,
355 457 411 476 non
426 455 517 475 mores
533 446 702 482 compositos
723 444 879 477 referentia,
894 443 942 471 sed

149 496 183 523 ad
201 495 407 523 dissolutionem
426 493 554 520 conclusa
575 501 581 519 :
600 496 629 518 at
645 490 730 526 quid?
752 489 843 523 oculif,
864 489 918 516 heu
932 508 939 520 ,

150 542 240 577 passio
256 542 314 568 haec
330 539 468 568 silentium
483 543 608 574 superat,
621 545 675 565 nec
687 537 807 564 admittit
821 536 943 563 consola-

151 588 271 620 tionem’,
303 586 374 614 oculi
405 584 552 621 (quomodo
580 584 605 611 id
621 582 814 618 exprimam?)
834 588 942 608 omnem

151 634 261 661 vitalem
286 633 420 667 liquorem
441 635 615 661 evacuantes,
635 629 765 663 reliquias
791 627 943 654 immittunt

151 681 179 707 in
196 679 276 709 cilia;
294 678 377 705 malas
393 685 443 711 pro
461 675 614 703 rubicunda
630 675 749 701 tinctura
766 673 882 700 naturali
900 676 942 699 te-

151 725 285 752 nebrosus
300 727 327 750 et
341 722 466 750 mortifer
483 721 590 755 inungit
611 720 694 752 color,
720 719 814 746 forma:
834 725 943 745 onmem

152 770 306 804 exspolians
327 772 508 795 venustatem.
525 766 622 793 Vultus
637 765 754 799 denique
770 769 843 791 totus
867 767 895 789 ut
915 762 943 789 in

154 814 198 841 tali
221 821 295 846 casu,
318 811 504 847 spectaculum
526 810 697 837 intuentibus
720 808 870 836 timendum
894 815 943 834 ex-

153 859 229 886 hibet
251 863 278 885 et
304 857 437 884 terribile.
459 856 525 888 Quae
544 856 602 881 haec
619 854 738 881 invidia?
760 860 819 887 quae
841 851 939 887 injuria

996 264 1129 297 εἱστήκει,
1151 263 1241 290 καὶτὸ
1255 262 1302 288 τοῦ
1320 262 1435 289 θανάτου
1452 261 1585 297 δρέπανον
1597 261 1783 296 ἑμϐαθυνόμε-

995 317 1039 335 νον
1058 309 1116 338 τοῖς
1130 307 1307 343 σπλάγχνοις,
1323 308 1370 334 καὶ
1388 307 1473 342 αὐτὴν
1490 306 1563 342 ζωὴν
1577 306 1714 341 ὲξεθέριζε
1734 306 1781 333 τοῦ

996 354 1066 388 βίου.
1081 354 1160 380 Ποῖον
1179 353 1297 388 δάκρυον
1309 353 1421 388 ἀρκέσει
1434 352 1473 387 τῷ
1491 352 1592 385 πάθει;
1606 352 1648 382 τίς
1670 360 1783 385 στεναγ⁴

997 401 1066 435 μός;
1096 400 1213 435 ὀδυρμὸς
1233 400 1262 426 δὲ
1283 401 1380 431 ποῖος;
1410 399 1475 433 σιγᾷ
1497 398 1585 432 στόμα
1603 397 1654 432 τὴν
1673 397 1783 432 μακρὰν

996 446 1104 480 εκείνην
1117 446 1165 472 καὶ
1180 444 1300 480 φευκτὴν
1315 444 1430 479 σιωπὴν,
1444 444 1492 470 καὶ
1507 443 1584 478 χείλη
1600 442 1733 477 μέμυκεν,
1751 441 1782 467 οὐ

997 492 1149 526 σεμνότητα
1168 490 1347 525 διηγούμενα,
1372 489 1477 516 οὐδὲτὸ
1498 489 1545 515 τοῦ
1562 488 1644 523 ἤθους
1670 489 1783 522 κόσμιον

997 536 1214 571 ἀπαγγέλλοντα,
1227 536 1295 570 πρὸς
1309 536 1338 561 δὲ
1354 535 1433 562 λύσιν
1446 534 1663 568 συστελλόμενα·
1682 533 1783 567 ὀφθαλ-

998 583 1044 618 μοὶ
1064 583 1092 609 δὲ
1110 582 1154 615 τῐ;
1190 582 1241 616 φεῦ
1268 580 1371 612 πάθους
1400 580 1446 607 καὶ
1475 579 1554 614 σιγὴν
1581 579 1711 609 νικῶντος
1737 578 1784 604 καὶ

996 629 1083 662 λόγων
1091 629 1142 654 οὐκ
1160 627 1339 662 ἀνεχομένουί
1352 626 1485 660 ὀφθαλμοὶ
1501 625 1569 660 (πῶς
1585 624 1680 659 arma);
1694 625 1784 650 πᾶσαν

997 675 1117 709 ζωτικὴν
1131 673 1229 700 λιϐάδα
1247 672 1425 704 κενώσαντες,
1441 673 1551 706 νεκραῖς
1564 672 1624 702 ταῖς
1640 669 1784 704 βλεφαρίσι

996 719 1031 745 τὰ
1045 719 1160 753 λείψανα
1177 716 1398 752 περιστέλλουσι·
1411 717 1460 747 τὰς
1473 715 1590 750 παρειὰς
1608 714 1669 741 ἀντὶ
1684 714 1783 749 ἐρυθή-

998 773 1094 799 ματος,
1118 765 1165 790 καὶ
1191 762 1279 798 βαφῆς
1304 763 1425 797 ἐμφύτου
1450 761 1588 788 σκοτεινὸν
1614 761 1660 786 καὶ
1689 758 1785 793 νεκρόν

998 810 1141 843 ὑπαλείφει
1154 809 1266 844 χρῶμα,
1287 808 1394 843 μορφῆς
1416 807 1526 841 ἁπάσης
1549 804 1711 840 ὲξαφανίζον
1740 805 1784 829 εὑ-

998 853 1151 889 πρέπειαν·
1179 853 1210 879 τὸ
1244 853 1389 887 πρόσωπον
1417 851 1491 883 ὅλον,
1519 850 1556 881 ὡς
1584 851 1615 875 ὲκ
1645 847 1783 878 τοιούτων,

154 903 287 939 ejusmodi
306 903 331 929 in
349 909 399 928 nos
414 905 579 934 contorquet
593 900 663 927 tela?
678 899 723 926 ubi
739 898 844 926 transiit
859 898 947 925 luctus

1004 899 1116 935 ppmt‘ijv
1125 899 1173 926 καὶ
1188 899 1308 934 φοϐερὰν
1319 899 1377 929 τοῖς
1385 898 1468 932 ὁρῶσι
1481 897 1529 932 τὴν
1545 896 1609 922 θέαν
1623 895 1773 930 παρέχεται

154 957 238 981 unus,
254 948 409 982 insequitur
423 947 492 973 alter
507 944 715 977 vehementior;
735 944 780 971 ille
798 944 944 970 laetantem

156 995 289 1022 infantem
308 992 461 1027 occupavit,
479 992 523 1018 hic
537 996 652 1017 matrem
667 998 727 1017 mox
744 990 874 1021 futuram,
890 988 944 1015 nisi

155 1040 334 1076 praevenisset
353 1038 423 1065 mala
437 1045 521 1064 mors.
541 1036 682 1063 Uudenam
698 1040 737 1062 tot
751 1039 779 1062 et
795 1039 876 1061 tantze
893 1035 948 1068 pla-

155 1086 213 1120 gte?
227 1086 261 1113 ab
277 1084 434 1112 hominibus
451 1083 546 1117 plagze,
562 1081 596 1108 ab
608 1081 724 1108 occultis
747 1080 875 1111 inimicis,
896 1087 948 1106 un-

158 1132 241 1167 dique
255 1130 462 1158 circumsistunt
478 1128 560 1160 mala,
574 1127 721 1154 mittuntur
741 1126 768 1152 in
783 1133 832 1152 nos
843 1125 947 1159 jaeula,

157 1179 184 1206 in
206 1178 324 1210 liberos;
347 1175 487 1211 tragmdiis
506 1181 589 1201 scena
607 1173 697 1203 timus,
716 1172 828 1198 chorum
849 1172 877 1198 in
899 1178 948 1197 nos

158 1224 260 1252 saltant
271 1223 376 1255 ‘luctus,
391 1221 477 1253 dolor,
491 1220 610 1250 tristitia,
623 1218 713 1245 vultus
724 1218 849 1252 dejectio,
862 1217 950 1244 onmis

157 1272 237 1306 plane
250 1269 381 1296 malorum
402 1266 519 1302 Erynnis
543 1275 549 1292 :
574 1265 684 1295 Clotho,
705 1263 807 1290 nescio
820 1271 897 1297 quae.
920 1267 950 1289 ut

158 1318 275 1347 videtur,
299 1316 413 1342 chorum
438 1314 465 1340 in
492 1320 542 1339 nos
562 1311 646 1340 ducit.
671 1311 748 1338 fusus
774 1315 800 1337 et
830 1309 951 1337 infelices

159 1363 231 1390 illius
251 1361 331 1397 glomi
344 1361 429 1386 vitam
444 1362 563 1386 nostram
578 1357 687 1384 actibus
701 1356 854 1388 innectunt,
867 1360 894 1382 et
907 1363 950 1382 ar-

159 1411 288 1443 gumenta
320 1405 477 1432 ministrant
497 1403 659 1438 tragicorum
683 1402 826 1428 modorum
846 1401 950 1428 acerbis

160 1452 312 1480 choreutis.
337 1451 389 1478 Sed
405 1450 470 1485 quid
488 1449 554 1476 mihi
575 1447 693 1476 accidit?
712 1455 766 1482 quo
787 1455 837 1482 ego
858 1447 951 1474 feror?

160 1501 207 1536 qui
225 1500 395 1528 institueram
408 1498 621 1526 consolationem
639 1497 770 1528 scribere,
786 1495 880 1522 nescio
897 1503 952 1529 quo

160 1551 250 1583 pacto,
270 1546 344 1573 luctu
366 1551 418 1571 una
433 1544 573 1578 abreptus,
593 1550 654 1570 eum
674 1549 729 1568 non
749 1541 852 1568 valeret
870 1540 948 1572 ratio,
965 1561 986 1590 ο

161 1598 256 1620 contra
279 1598 389 1619 cursum
412 1589 476 1616 mali
512 1589 540 1615 in
567 1587 734 1615 contrarium
761 1586 872 1618 obnixi,
898 1593 952 1619 quo

162 1639 263 1666 nollem
278 1637 383 1664 delatus
399 1643 469 1669 sum;
485 1639 513 1661 et
528 1633 614 1661 solatii
629 1639 782 1660 sermonem
796 1639 954 1663 exorsurus,

161 1685 196 1712 ad
216 1685 348 1720 lacrymas
364 1680 549 1716 plangentium
567 1678 731 1713 abripiebar.
756 1677 808 1704 Sed
834 1681 955 1703 revertar

163 1731 197 1758 ad
216 1729 368 1764 meipsnm;
398 1733 449 1753 nec
479 1724 603 1753 mceroris
625 1723 760 1759 profundo
783 1723 927 1756 immergar
946 1730 953 1748 :

163 1775 265 1804 multos
282 1774 359 1802 dolor
391 1771 595 1808 pessumdedit,
618 1777 673 1797 non
694 1769 774 1796 modo
794 1776 892 1803 corpus
909 1767 956 1794 de-

163 1827 284 1852 struens,
308 1819 355 1847 sed
377 1817 513 1845 lcthaliter
540 1816 627 1851 ipsam
656 1814 773 1842 animam
798 1813 954 1840 vulnerans.

163 1867 294 1895 llostibus
318 1873 353 1892 ne
380 1862 581 1899 gratificemur;
601 1860 721 1888 oblectat
742 1859 838 1886 hostes
863 1862 955 1885 nostra

165 1913 282 1948 dejectio
310 1910 419 1945 injuriis
443 1908 622 1939 aﬂ‘ectorum;
648 1913 683 1933 ne
703 1905 904 1933 committamus
928 1904 955 1930 in

167 1964 281 1995 paterna
294 1955 461 1985 fortitudinis
475 1953 623 1982 certamina
640 1961 645 1978 :
662 1951 789 1979 viderunt
804 1951 842 1978 illi
858 1950 957 1977 libero-

168 2013 229 2032 rum
243 2008 354 2036 mortes,
367 2007 469 2030 mortes
477 2008 531 2028 non
544 1997 677 2034 ejusmodi
689 2001 789 2024 nostra
800 2000 873 2028 sunt,
885 1995 957 2022 Deus

169 2050 288 2079 avertat!
307 2048 408 2075 llorum
424 2046 514 2082 proles
527 2038 606 2080 ignis,
618 2051 698 2078 aqua,
711 2043 786 2070 lacus
796 2041 956 2073 diviserunt;

167 2097 292 2126 exsiliunt:
309 2093 514 2122 acerbissimum
542 2094 570 2117 et
591 2087 790 2117 intolerandum
826 2086 956 2118 incubuit;

168 2141 296 2170 omnibus
318 2138 414 2166 amicis
429 2142 457 2165 et
480 2135 607 2163 affinibus
627 2133 749 2161 destituti
773 2137 861 2160 erant.
885 2131 959 2159 Nihil

169 2187 288 2222 denique
313 2193 369 2212 non
393 2183 585 2214 auferebatur,
608 2179 680 2214 quod
706 2179 841 2206 tantillum
869 2178 957 2206 solatii

169 2234 267 2261 afferre
286 2236 394 2268 posset;
409 2235 437 2257 et
456 2233 546 2256 tamen
563 2226 663 2262 gratias
685 2230 798 2261 agentes
812 2225 908 2257 tulere,
929 2229 956 2251 et
971 2240 995 2268 ο

168 2285 262 2307 tamen
282 2284 429 2313 supernum
454 2282 557 2302 numen
580 2273 800 2304 venerabantur;
817 2271 888 2306 (100d
913 2278 957 2298 τες

171 2325 314 2355 humanas,
333 2322 404 2349 ultra
418 2320 559 2348 hominum
583 2317 761 2352 cogitationes
782 2317 957 2352 gubernaret.

171 2370 336 2405 Cogitemus,
350 2367 394 2402 qui
406 2374 517 2393 sumus:
533 2364 604 2391 unde
619 2363 683 2396 orti,
699 2370 755 2389 non
768 2370 783 2389 e
799 2362 958 2389 mortalibus

172 2413 323 2443 mortales?
338 2420 430 2439 nonne
449 2419 464 2438 e
488 2418 543 2437 non
562 2409 765 2440 exsistentibus,
788 2415 849 2435 mox
873 2406 958 2434 futuri

171 2460 223 2495 ipsi
239 2459 311 2494 quod
326 2466 380 2486 non
398 2458 511 2485 sumus?
530 2456 574 2483 ubi
593 2454 691 2490 pater?
715 2455 761 2481 ubi
776 2462 836 2481 mea
852 2453 958 2481 mater?

172 2513 264 2536 annon
292 2509 434 2539 postquam
452 2502 600 2537 pauxillum
618 2501 645 2528 in
661 2501 712 2528 hac
725 2500 787 2527 vita:
806 2507 888 2527 scena
904 2500 960 2528 col-

172 2552 307 2583 luserant,
323 2550 375 2577 nisi
391 2549 462 2584 quod
479 2551 626 2582 martyrum
653 2546 714 2574 illos
735 2554 835 2574 corona
859 2551 887 2574 et
912 2554 959 2581 pa-

174 2596 275 2623 tientize
297 2595 502 2626 cohonestabat,
525 2593 687 2628 quantouius
704 2592 811 2620 theatro
831 2597 959 2620 excesse—

173 2642 256 2670 runt?
267 2641 353 2676 lin-ges
367 2645 457 2668 autent
473 2644 499 2666 et
519 2638 635 2674 tyranni,
647 2638 801 2672 supercilio,
811 2643 838 2665 et
854 2642 960 2665 tmuore

174 2687 360 2719 immortales,
386 2693 476 2712 annon
506 2693 568 2711 eum
595 2684 652 2710 suis
673 2683 854 2718 potestatibus
873 2688 961 2710 morte

174 2733 308 2763 submersi
333 2733 416 2760 sunt?
435 2732 535 2759 Natura
557 2731 646 2758 onmis
669 2731 787 2757 humana
823 2736 961 2765 utcunque

999 946 1046 977 Τίς
1065 945 1219 980 βασκανία;
1234 945 1276 975 τίς
1290 944 1406 979 ἑπήρεια
1418 943 1530 969 τοιαῦτα
1541 941 1600 968 καθ’
1611 942 1689 976 ἡμῶν
1703 941 1782 966 ἀκον-

998 990 1066 1023 τίζει
1083 990 1116 1016 τὰ
1143 990 1224 1025 βέλη;
1239 989 1316 1015 οὔπω
1334 987 1457 1023 παρῆλθε
1471 987 1503 1014 τὸ
1527 986 1660 1022 πρότερον
1677 983 1782 1014 πένθος,

1000 1038 1048 1062 καὶ
1076 1035 1158 1061 πάλιν
1180 1035 1273 1069 ἕτερον
1300 1033 1419 1059 ἐπέπεσε
1446 1031 1547 1067 μεῖζον,
1577 1030 1613 1056 Τὸ
1639 1029 1688 1064 μὲν
1714 1025 1786 1062 εἶχεν

1001 1081 1155 1116 ὑπομάζιον
1168 1081 1248 1107 παῖδα
1259 1088 1267 1095 ⁸
1281 1079 1360 1106 τοῦτο
1371 1079 1399 1105 δὲ
1412 1079 1459 1104 καὶ
1472 1077 1577 1112 μητέρα
1586 1076 1631 1102 ἐπὶ
1645 1076 1678 1101 ἂν
1691 1075 1786 1100 θᾶττον

1000 1129 1028 1155 τὺ
1041 1128 1126 1155 κακὸν
1138 1128 1252 1162 ἐπέστη.
1276 1125 1362 1152 Πόθεν
1378 1125 1406 1151 αἱ
1418 1123 1580 1159 τηλικαῦται
1597 1122 1642 1148 καὶ
1656 1120 1785 1147 τοσαῦται

1000 1175 1119 1209 πληγαῖς
1137 1174 1240 1209 πληγαὶ
1262 1172 1291 1204 ἐξ
1306 1171 1474 1207 ἀνθρώπων·
1492 1168 1596 1204 πληγαὶ
1624 1167 1654 1199 ἐξ
1681 1166 1785 1201 ἀδήλων

1002 1222 1172 1257 μηνιμάτων.
1197 1219 1370 1254 Πανταχόθεν
1384 1219 1483 1252 ἔστηκε
1498 1216 1532 1243 τὰ
1551 1215 1624 1242 δεινά
1636 1222 1643 1228 ·
1660 1213 1694 1239 τὰ
1721 1212 1784 1246 βέλη

1002 1267 1116 1302 φέρεται
1139 1267 1180 1298 εἰς
1203 1266 1278 1301 ἡμᾶς
1303 1264 1417 1295 αὐτοὺς,
1442 1263 1481 1293 εἰς
1505 1260 1614 1291 παῖδας.
1632 1259 1787 1292 Γεγόναμεν

1002 1313 1088 1348 σκηνὴ
1104 1311 1270 1347 τραγῳδίας,
1290 1309 1337 1336 καὶ
1361 1308 1520 1344 χορεύουσιν
1543 1307 1572 1332 ἐν
1595 1306 1663 1340 ἡμῖν
1688 1303 1787 1338 θρῆνος

1002 1359 1051 1386 καὶ
1067 1358 1164 1388 πένθος
1175 1357 1221 1383 καὶ
1234 1356 1306 1390 λύπη
1324 1355 1371 1381 καὶ
1383 1355 1530 1388 κατήφεια,
1546 1351 1593 1378 καὶ
1604 1351 1678 1376 πᾶσα
1695 1349 1788 1375 κακῶν

1003 1404 1126 1441 ὲριννύς·
1155 1403 1266 1436 συνάγει
1281 1402 1304 1428 δ’
1321 1401 1386 1437 ἄρα,
1412 1400 1450 1431 ὡς
1471 1399 1556 1431 ἔοικε,
1573 1397 1620 1423 τὸν
1635 1395 1695 1422 καθ’
1709 1394 1788 1429 ἡμῶν

1004 1451 1084 1487 χορὸν
1111 1450 1214 1476 Κλωθώ
1229 1457 1271 1480 τις
1289 1448 1337 1474 καὶ
1352 1448 1482 1482 ἄτρακτοι
1499 1451 1522 1475 ιι,
1538 1443 1585 1470 καὶ
1613 1442 1646 1469 τὰ
1669 1441 1788 1475 δυστυχῆ

1003 1496 1105 1530 ταύτης
1118 1497 1237 1531 νήματα,
1261 1494 1307 1520 τόν
1323 1502 1353 1519 τε
1369 1493 1503 1527 ἡμέτερον
1519 1490 1575 1525 βίον
1593 1491 1647 1520 τοῖς
1667 1488 1789 1523 δράμασι

1005 1541 1199 1572 διαπλέκουσα,
1227 1539 1274 1565 καὶ
1296 1536 1453 1573 χορηγοῦσα,
1484 1535 1533 1566 τὰς
1560 1534 1704 1564 ὑποθέσεις
1735 1532 1790 1558 τῶν

1004 1588 1142 1625 τραγικῶν
1158 1586 1288 1622 ᾀσμάτων
1311 1585 1368 1614 τοῖς
1395 1583 1502 1616 πικροῖς
1523 1580 1676 1616 χορευταῖς.
1711 1578 1790 1604 Ἀλὶὰ

1004 1635 1031 1661 τί
1048 1633 1166 1664 Errabant;
1181 1632 1226 1657 ποῖ
1242 1630 1376 1664 φέρομαι;
1394 1627 1510 1661 γράφειν
1534 1625 1685 1660 ἀρξάμενος
1700 1631 1791 1657 παραν

1008 1679 1113 1716 μύοιον,
1126 1677 1205 1708 αὐτὸς
1216 1697 1223 1708 ,
1245 1677 1294 1702 οὐκ
1311 1673 1359 1701 οἷδ’
1374 1674 1458 1706 ὅπως,
1481 1672 1520 1707 τῷ
1534 1671 1627 1697 πένθει
1653 1678 1791 1704 συναρπα-

1006 1715 1092 1756 σθεὶς,
1120 1724 1170 1750 οὐκ
1199 1723 1380 1756 ἀντισχόντων
1408 1719 1462 1745 τῶν
1490 1717 1629 1751 λογισμῶν
1655 1716 1721 1751 πρὸς
1741 1715 1791 1749 τὴν

1006 1771 1093 1806 φορὰν
1106 1769 1153 1796 τοῦ
1167 1767 1266 1800 δεινοῦ,
1278 1767 1317 1796 εἰς
1331 1765 1495 1796 τούναντίον,
1507 1761 1543 1790 ὧν
1558 1763 1701 1792 ἐσκόπουν,
1719 1769 1790 1796 παρ-

1007 1817 1125 1851 εσύρην·
1152 1815 1201 1842 καὶ
1226 1812 1391 1848 παραψυχῆς
1416 1809 1611 1845 εἰσηγούμενος
1645 1808 1734 1841 λόγον,
1752 1808 1792 1838 εἰς

1007 1861 1042 1889 τὰ
1053 1861 1108 1888 τῶν
1123 1859 1293 1894 ὀδυρομένων
1309 1855 1466 1890 ἀπηνέχθην
1481 1855 1597 1888 δάκρυα.
1616 1853 1696 1879 Ἀλλὰ
1709 1852 1792 1886 γενώ-

1009 1905 1077 1941 μεθα
1094 1904 1173 1940 ἡμῶν
1188 1903 1288 1934 αὐτῶν,
1306 1902 1374 1937 μηδὲ
1386 1900 1423 1935 τῷ
1436 1899 1512 1935 βυθῴ
1525 1899 1574 1933 τῆς
1591 1898 1679 1933 λύπης
1695 1898 1792 1932 βαπτι-

1007 1951 1138 1986 ζώμεθα·
1158 1949 1272 1980 πολλοὺς
1299 1947 1423 1974 ἀπώλεσε
1450 1945 1535 1980 λύπη,
1558 1945 1588 1970 οὖ
1607 1943 1686 1978 σῶμα
1713 1942 1794 1978 μόνον

1009 1995 1203 2030 διαφθείρασα,
1222 1993 1289 2020 ἀλλὰ
1303 1993 1348 2018 καὶ
1363 1991 1454 2027 ψυχῆς
1468 1991 1552 2024 αὐτῆς
1567 1989 1746 2024 λυμηναμένη
1761 1987 1794 2013 τὰ

1008 2043 1113 2076 καίρια.
1137 2041 1213 2076 Μηδὲ
1228 2041 1283 2070 τοῖς
1307 2039 1414 2074 ἐχθροῖς
1438 2035 1632 2073 χαριζώμεοα’
1653 2035 1724 2070 μέγα
1740 2033 1794 2068 γὰρ

1010 2088 1118 2123 ἐχθροις
1138 2088 1177 2118 εἰς
1195 2085 1340 2120 Θυμηδὶαν,
1353 2085 1369 2118 ἡ
1383 2083 1521 2117 κατήφεια
1533 2081 1587 2107 τῶν
1606 2079 1794 2115 ἐπηρεαζομέ-

1010 2143 1062 2161 νων
1073 2142 1079 2148 ’
1097 2134 1160 2168 μηδ’
1174 2134 1213 2164 εἰς
1224 2131 1286 2161 τοὺς
1303 2129 1453 2165 πατρικοὺς
1463 2128 1512 2162 τῆς
1524 2126 1671 2162 καρτερίας
1687 2123 1796 2158 ἐξυϐρί-

1011 2180 1101 2215 ζωμεν
1113 2178 1220 2210 ἄθλους.
1238 2175 1315 2204 Εἶδον
1340 2171 1440 2202 ἐκεῖνοι
1457 2174 1589 2204 θανάτους
1610 2171 1730 2198 παίδων·
1749 2170 1797 2195 0a.-

1011 2225 1119 2256 νάτους,
1136 2224 1185 2258 οὐχ
1198 2220 1248 2249 οἷοι
1265 2222 1328 2257 παρ’
1345 2222 1422 2256 ἡμῖν,
1453 2219 1520 2254 μηδὲ
1547 2218 1652 2252 γένοιτο
1694 2215 1797 2242 τούτων

1010 2271 1045 2298 τὰ
1060 2271 1169 2304 ἔκγονα,
1187 2268 1242 2304 πῦρ
1256 2269 1303 2296 καὶ
1319 2267 1391 2302 ὓδωρ
1409 2266 1455 2292 καὶ
1468 2265 1568 2295 λάκκος
1584 2261 1736 2298 ἐμερίζετο,
1750 2261 1797 2287 καὶ

1011 2318 1070 2344 τότε
1085 2317 1186 2352 πικρᾶς
1200 2315 1247 2342 καὶ
1271 2314 1382 2349 βαρείας
1392 2312 1440 2346 τῆς
1450 2310 1598 2345 ὑπερορίας
1607 2307 1796 2342 ἐπικειμένης,

1011 2362 1057 2388 καὶ
1072 2351 1162 2396 πάσης
1176 2359 1294 2395 ἐρημίας
1309 2358 1393 2393 φίλων
1416 2355 1554 2390 συγγενῶν
1573 2351 1797 2388 περιεστηκυίας,

1011 2408 1059 2434 καὶ
1071 2408 1181 2434 πάντων
1199 2405 1294 2436 ἁπλῶς
1308 2404 1358 2430 ὅσα
1380 2400 1561 2438 ψυχαγωγίαν
1578 2399 1640 2426 τινὰ
1655 2399 1732 2433 φέρει
1751 2405 1799 2422 πε-

1014 2452 1197 2488 ριῃρημένων·
1213 2449 1271 2477 ἀλλ’
1280 2448 1449 2484 εὐχαρίστως
1458 2447 1586 2482 ἤνεγκαν·
1602 2443 1659 2470 ἀλλ’
1669 2441 1799 2474 ἐδόξασαν

1085 2499 1252 2533 κρεῖττονα*
1276 2495 1292 2530 ἢ
1315 2494 1386 2520 κατὰ
1412 2492 1559 2526 λογισμοὺς
1588 2488 1739 2524 ἀνθρώπων
1765 2487 1801 2513 τὰ

1013 2544 1173 2580 ἀνθρώπινα
1185 2541 1416 2576 διακυϐερνῶντα.
1429 2539 1617 2573 Ἐννοήσωμεν
1625 2536 1695 2566 τίνες
1703 2534 1799 2568 ἐσμὲν,

1014 2578 1096 2617 πόθεν
1115 2589 1285 2624 γεγόναμεν·
1310 2585 1359 2612 οὐκ
1382 2586 1413 2610 ὲκ
1435 2583 1540 2618 θνητῶν
1555 2580 1664 2615 θνητοί;
1692 2579 1752 2614 οὐχὶ
1769 2578 1801 2610 ἐξ

1013 2637 1063 2663 οὐκ
1076 2636 1160 2662 όντων
1176 2634 1234 2669 μετ’
1248 2633 1337 2666 ὀλίγον
1349 2631 1399 2657 οὐκ
1415 2629 1551 2663 ὲσόμενοι;
1567 2626 1617 2653 ποῦ
1633 2634 1677 2661 μοι
1689 2625 1798 2658 πατήρς

1014 2681 1065 2708 ποῦ
1083 2681 1110 2706 δέ
1138 2667 1183 2715 μοι
1203 2678 1312 2714 μήτηρ,;
1338 2674 1399 2710 οὐχὶ
1415 2672 1501 2709 μικρὰ
1530 2670 1568 2706 τῷ
1589 2670 1638 2705 βίῳ
1663 2667 1799 2703 προσπαί-

1016 2728 1110 2761 ξαντες
1121 2746 1128 2760 ,
1144 2725 1214 2760 πλὴν
1230 2724 1280 2751 ὅσα
1305 2719 1472 2758 μαρτυρικδς
1487 2717 1586 2748 αὐτοὺς
1603 2715 1650 2743 καὶ
1666 2714 1716 2748 τῆς
1731 2713 1801 2739 ὑπο-

804 2806 932 2840 ΝΑΒΙᾹΕ
959 2804 1161 2835 LECTIONES.

211 2891 227 2906 ἰ
246 2885 386 2922 Ἄτροπος.
422 2889 436 2909 .1
451 2883 494 2911 ἵσ.
510 2882 555 2910 τὸν
572 2880 649 2914 Θεὸν,
667 2881 802 2916 κρεῖττον.
