1931 3080
155 155 209 188 9T3

719 156 989 188 EPISTOLARUM
1008 157 1125 188 LIBER
1146 159 1204 188 Ill.

1736 165 1789 196 974

156 213 242 249 μονῆς
250 212 389 247 διεκόσμει
404 211 547 246 στέφανος,
557 211 652 239 θᾶττον
660 212 785 245 λιπόντες
794 213 824 239 τὸ
833 213 939 248 Θέατροη

1000 213 1119 247 potentia
1137 213 1252 245 fruatur,
1272 213 1333 241 licet
1351 214 1460 249 privati,
1478 224 1568 251 senes,
1583 218 1708 253 juvenes,
1727 222 1788 254 viri,

156 258 275 294 ᾦχοντο;
292 258 324 284 Οί
338 257 366 284 δὲ
383 256 503 291 βασιλεῖς
521 257 570 283 καὶ
588 256 725 292 τύραννοι,
751 257 776 283 οί
791 257 830 292 τῷ
857 258 944 293 φρυά-

155 312 241 339 γματι
254 304 302 330 καὶ
316 304 378 334 ταῖς
403 302 517 337 ὀφρύσιν
533 302 674 334 ἀθάνατοι,
697 303 757 337 οὐχὶ
773 303 812 338 τῷ
837 303 945 338 θανάτῳ

155 350 326 381 δυναστείαις
340 349 436 381 αὐταῖς
447 349 626 375 καταδύονται
638 358 645 381 ;
656 349 734 376 Πᾶσα
744 349 825 384 φύσις
838 349 946 384 ἀνθρώ-

156 405 226 430 πων⁷
237 396 289 422 κᾶν
297 394 493 428 ὲξουσιάξουσα
507 392 535 431 ᾖ,
543 394 595 421 κᾶν
607 395 721 427 ἰδιῶτις,
730 394 781 422 κᾶν
795 396 944 430 γερόντων,

156 442 208 470 κᾶν
226 443 304 476 νέων,
321 442 373 469 κᾶν
387 441 503 475 ἀνδρῶν,
520 440 573 467 κᾶν
585 441 734 475 γυναικῶν,
750 440 858 477 θανάτῳ
874 442 945 469 πάν-

155 497 210 521 τως
223 489 353 524 τέμνεται
366 488 412 514 τοῦ
430 487 488 522 βίου
498 496 505 502 ·
524 487 572 514 καὶ
584 487 660 513 οὐδὲν
673 488 703 514 οὺ
721 487 759 523 μὴ
775 488 894 524 διαφύγῃ
913 488 943 515 τὸ

154 535 261 562 ἐκείνου
285 535 436 570 δρέπανον⁸
454 534 532 560 οὐδὲν
558 533 663 567 καινὸν,
687 534 749 560 οὐδὲ
774 534 943 569 παράδοξον,

154 581 216 608 οὐδὲ
248 581 298 616 τῆς
329 581 436 616 φύσεως
474 580 632 616 ὑπέστημεν
672 581 827 615 ὑπερόριον.
852 581 943 616 Θνητὴ

155 626 339 661 προελήλυθεν
356 627 388 653 ὲκ
410 625 571 660 σπλάγχνων
595 626 699 661 θνητῶν
727 626 828 661 καὶτῷ
855 626 944 662 θνητῷ

155 672 206 707 βίῳ
230 672 307 708 νόμῳ
334 672 444 707 φύσεως
461 673 697 708 λειτουργήσασα,
725 673 765 707 τῷ
788 672 863 707 αὐτῷ
894 673 945 707 τῆς

155 717 262 751 φύσεως
277 718 352 753 νόμῳ
366 719 434 753 πρὸς
454 719 503 754 τὴν
517 719 650 751 ἀθάνατον
676 718 816 746 πολιτείαν
842 719 945 755 ἀπεδή-

155 772 254 798 μησεν.
269 764 325 791 Οὐκ
339 763 415 791 ἔλιπε
428 765 527 796 παῖδας
544 765 721 801 ὀδυρομένους
734 766 866 801 ὀρφανίαν
877 775 884 781 ·
894 767 944 794 οὐκ

154 809 260 844 ἀπῆλθε
279 809 325 836 τὸν
349 811 413 845 περὶ
428 810 463 837 τὰ
481 810 581 844 ἔκγονα
608 811 689 838 πόνον
708 812 870 847 πικρότερον
894 812 943 838 τοῦ

155 853 273 880 θανάτου
289 856 508 890 συνεπιφέρουσα
532 856 643 891 κέντρον
655 865 661 872 ·
678 858 728 884 οὐκ
747 857 826 884 ἔλαϐε
840 858 941 893 πολλὴν

155 899 253 934 πεῖραν
269 899 324 925 τῶν
340 900 458 935 ἀνιαρῶν
468 908 475 915 ·
494 901 544 927 οὐκ
559 901 674 937 ἐζήτησε
690 902 815 937 θάνατον,
829 901 859 931 οὗ
875 903 941 930 πολ-

154 945 195 972 λοὶ
206 946 336 978 πολλάκις
349 948 501 982 συμφοραῖς
517 947 649 981 ἀφύκτοις
665 950 917 984 περιστοιχηθέντες
928 955 942 968 ι

155 989 345 1024 ἐπεθύμησαν.
356 991 468 1017 Γονεῦσι
478 992 684 1026 προσομιλοῦσα
694 994 744 1027 τῆς
755 993 839 1028 ζάλης
847 995 942 1030 ἐξῆλθε

154 1035 209 1061 τῶν
229 1036 419 1072 προσκαίρων·
437 1038 515 1072 χερσὶ
535 1039 682 1073 μητρικαϊς
699 1039 822 1074 ἀπῆλθεν
838 1041 943 1076 ὑπηρε-

153 1080 289 1114 τουμένη’
320 1081 399 1116 χερσὶ
428 1082 563 1109 τεκόντων
590 1083 738 1110 ἐναπέθετο
765 1085 795 1111 τὸ
820 1086 940 1120 πνεῦμα.

159 1124 310 1159 Ἐκηδεύθη
324 1126 354 1152 τὸ
371 1126 466 1162 σῶμα·
488 1128 624 1164 παρεδόθη
646 1129 735 1164 τάφῳ,
752 1130 845 1162 καλοῖς
868 1133 943 1159 εντα-

154 1169 226 1204 φίοις
246 1171 374 1207 εὐσεϐείᾳ
390 1173 436 1198 καὶ
460 1173 623 1210 σωφροσύνῃ
639 1175 686 1201 καὶ
713 1175 820 1202 πολλῶν
848 1177 942 1212 εὐχαῖς

155 1216 314 1252 ἢεημένων
341 1219 562 1254 προπεμπομένη
573 1228 579 1234 ·
593 1220 716 1255 ἀπῆλθεν
735 1222 774 1253 εἰς
798 1222 897 1257 χῶρον,
912 1224 942 1256 ἐξ

153 1260 185 1290 οὗ
198 1264 273 1290 πᾶσα
289 1263 361 1299 λύπη
376 1265 423 1290 καὶ
441 1265 593 1300 στεναγμὸς
610 1266 790 1302 ἀπελήλαται.
806 1269 838 1294 Τί
858 1269 940 1296 πλέον

152 1307 206 1334 ἔδει
219 1316 227 1340 ;
243 1308 283 1339 είς
293 1309 447 1337 τούναντίον
465 1318 510 1345 μοι
521 1311 616 1346 τρέπει
634 1312 665 1339 τὸ
675 1313 768 1346 ἄλγος,
780 1315 815 1342 τὰ
828 1317 892 1350 περὶ
911 1315 941 1342 τὸ

155 1353 292 1388 μακάριον
315 1355 404 1382 ἐκεῖνο
419 1355 567 1391 θυγάτριον
581 1358 804 1394 οἰκονομηθέντα·
823 1362 870 1387 καὶ
885 1371 940 1397 μα-

152 1398 259 1433 καρίζω
273 1400 375 1436 ταύτην
399 1402 449 1436 τῆς
466 1402 633 1438 ἀποδημίας,
656 1407 703 1432 καὶ
728 1406 774 1433 τὸν
788 1407 887 1443 Θρῆνον
900 1410 941 1441 είς

151 1443 232 1476 δόξαν
259 1445 328 1472 Θεοῦ
353 1448 534 1481 μεταϐάλλω.
559 1451 607 1478 καὶ
637 1451 686 1487 τὴν
714 1453 870 1488 ἀμηχανίαν
900 1456 941 1486 είς

152 1492 339 1527 εὐχαριστίαν,
369 1495 456 1528 οὕτως
482 1497 579 1530 αἰσίως
609 1499 657 1526 καὶ
683 1500 719 1532 ὡς
737 1501 771 1527 ἄν
790 1510 832 1533 τις
862 1503 940 1536 μόλις

152 1537 262 1569 εὔξαιτο
276 1539 493 1578 ἀπηλλαγμένην
505 1543 575 1578 ὁρῶν
586 1544 642 1571 τῶν
651 1546 804 1581 παρόντων.
821 1548 891 1575 Ἀλλ’
904 1551 936 1576 οὐ
952 1555 975 1586 c

152 1583 236 1611 πολὺν
253 1585 355 1612 ἐπεϐίω
366 1587 462 1622 χρόνον
471 1597 478 1604 -
495 1591 542 1616 καὶ
555 1590 582 1616 τί
593 1591 718 1626 διαφέρει
728 1593 761 1619 ἄν
771 1602 800 1619 τε
816 1594 938 1628 πλείους,

154 1628 187 1676 div
198 1638 228 1657 τε
243 1631 371 1664 ἐλάττους
381 1633 431 1668 τὴν
440 1634 513 1670 ζωὴν
525 1636 603 1671 ἡμῶν
617 1637 814 1674 διαμερίσῶσιν
823 1641 938 1676 ἡμέραι,

150 1675 195 1702 ὅτε
215 1677 262 1703 καὶ
277 1678 307 1704 τὸ
323 1678 415 1706 πλεῖον
428 1681 475 1706 καὶ
488 1681 519 1707 τὺ
534 1681 656 1716 ἔλαττον,
671 1684 711 1716 εἰς
726 1685 776 1717 τὰς
791 1675 938 1719 αὐταςτοῦ

151 1720 267 1768 θανάτου
283 1722 369 1755 πύλας
382 1724 556 1759 διαὸισάζει;
573 1728 669 1760 Οὐδεὶς
686 1729 782 1764 ἣδεται
793 1733 849 1763 τοῖς
864 1741 937 1768 παρ-

151 1765 258 1792 ελθοῠσι
273 1788 280 1799 ,
298 1768 328 1794 τδ
346 1769 443 1803 μέλλον
456 1771 506 1798 οὐκ
523 1772 593 1805 εστι,
610 1774 641 1800 τδ
657 1775 745 1810 παρὸν
759 1776 788 1803 ὲν
806 1773 828 1810 ᾧ
843 1777 877 1804 ἄν
896 1765 939 1810 τις

152 1812 199 1838 καὶ
212 1812 243 1839 τὸ
257 1812 372 1848 ἥδεσθαι
387 1815 446 1851 θείη
465 1818 607 1850 παντελῶς
620 1820 766 1856 ἀκαριαῖον
777 1831 783 1838 ·
801 1824 871 1851 ὥστε
891 1827 939 1853 καὶ

151 1859 165 1885 ὁ
178 1859 283 1906 μακρὸς
299 1861 346 1886 καὶ
366 1860 470 1896 βραχὺς
484 1863 532 1889 τοῦ
552 1864 612 1898 βίου
625 1866 731 1901 χρόνος,
757 1868 796 1903 τῷ
822 1872 938 1906 παρόντι

152 1904 232 1939 μόνον
246 1904 297 1940 τὴν
313 1906 439 1942 αἴσθησιν
455 1908 510 1936 τῶν
531 1910 618 1944 ἡδέων
634 1913 810 1946 περικλείων,
825 1904 870 1947 εἰς.
877 1917 939 1952 ἴσην

150 1951 198 1977 καὶ
215 1951 316 1986 ὁμοίαν
330 1953 495 1987 ἀπόλαυσιν,
512 1955 559 1982 τόν
572 1965 602 1983 τε
615 1959 656 1989 είς
670 1959 761 1994 γῆρας
774 1951 935 1996 βαθύνοντα,

150 1996 198 2023 καὶ
212 1997 259 2024 τὸν
277 1998 469 2034 ἑνακμάζοντα
484 2003 518 2037 τῇ
533 2003 642 2037 νεότητι
663 2006 786 2040 συνάγει,
805 2009 936 2044 ἑκατέρου

151 2043 201 2078 μὲν
216 2043 265 2079 τὴν
293 2045 422 2080 αἴσθησιν
447 2048 480 2082 τῇ
499 2049 626 2085 παρούσῃ
650 2050 746 2086 τέρψει
769 2043 935 2089 διαπλανῶν,

149 2090 256 2122 οὐδενὸς
269 2091 308 2122 δὲ,
324 2090 387 2118 οὗτε
399 2092 455 2119 τῶν
470 2094 708 2130 παρεληλυθότων,
723 2098 784 2126 οὔτε
800 2101 855 2127 τῶν
871 2103 936 2136 μελ-

149 2134 261 2167 λόντων,
282 2136 410 2171 οὐδεμιᾶς
425 2138 531 2174 ἡδονῆς,
553 2140 607 2166 οὐδ’
623 2141 710 2178 ἑτέρῳ
731 2145 856 2180 μετέχειν
871 2134 937 2174 ivst-

149 2180 222 2211 δούς.
237 2180 329 2212 Οὕτως
341 2182 488 2218 ἀδιάφορον
501 2185 586 2212 πολὺν
597 2186 613 2221 ἢ
627 2187 718 2222 ὀλίγον
729 2191 825 2224 χρόνον
834 2192 937 2227 ὲμὸιῶ-

997 258 1136 291 mulieres,
1157 267 1206 294 per
1218 265 1332 288 mortem
1352 261 1385 289 dc
1398 262 1452 289 vita
1469 263 1581 297 tollitur,
1594 272 1646 292 nec
1661 271 1702 293 est
1715 267 1788 301 quod

998 302 1056 338 ejus
1073 302 1170 331 falcem
1184 304 1288 331 evitare
1302 310 1395 339 queat.
1414 305 1520 334 Novum
1535 315 1590 335 non
1606 314 1658 340 est,
1676 315 1722 337 aut
1740 318 1790 345 pa-

997 347 1141 381 radoxum,
1153 348 1226 383 quod
1237 353 1343 377 natura:
1355 350 1452 379 exsilio
1464 352 1652 387 subjiciamur,
1664 355 1788 383 mortalis

997 393 1042 420 illa
1055 394 1153 428 prodiit
1169 402 1184 422 e
1198 395 1350 424 visceribus
1365 397 1534 431 mortalibus,
1552 404 1580 426 et
1599 399 1661 427 vita:
1679 401 1787 428 mortali

997 439 1042 466 ubi
1057 439 1133 474 juxta
1145 439 1232 475 legem
1244 442 1395 469 naturalem
1412 443 1581 476 inservisset.
1596 453 1645 480 per
1661 447 1787 474 eamdem

996 485 1084 520 legem
1095 485 1129 512 ad
1147 486 1330 515 immortalem
1347 493 1449 516 statum
1467 491 1673 526 peregrinatur:
1687 493 1788 520 liberos

996 531 1070 558 haud
1090 532 1200 567 reliquit
1216 534 1377 569 orphaniam
1394 540 1536 570 gementes
1559 545 1655 570 suam;
1670 547 1723 566 non
1740 547 1788 566 ex-

996 578 1078 605 cessit
1092 586 1146 605 una
1160 586 1253 606 secum
1263 580 1430 609 desiderium
1442 583 1514 610 circa
1524 583 1626 618 prolem
1640 591 1788 620 asportans

996 627 1083 651 morte
1098 625 1269 653 acerbiorem
1284 627 1437 661 stimulum,
1454 629 1651 664 experientiam
1664 631 1789 658 miseria-

997 677 1056 696 rum
1077 670 1254 706 multiplicem
1270 680 1325 700 non
1333 674 1441 706 habuit,
1457 680 1572 702 mortem
1587 683 1641 703 non
1651 677 1786 711 quresivit,

996 724 1078 751 quam
1111 718 1191 746 multi
1227 719 1365 747 multoties
1399 721 1477 748 malis
1510 722 1713 750 inevitabilibus
1735 731 1787 758 op-

995 762 1084 797 pressi
1100 767 1239 797 optarunt,
1257 772 1318 792 cum
1333 767 1494 800 parentibus
1509 773 1617 795 versata
1634 773 1662 796 et
1684 775 1788 804 tempo-

995 808 1045 834 rali
1068 809 1186 843 procella
1209 810 1295 841 exiit.
1324 810 1391 837 exiit
1419 812 1573 840 ministerio
1597 818 1784 842 maternarum

997 861 1139 887 manuum,
1157 855 1184 882 in
1207 856 1334 883 manibus
1352 862 1495 891 parentum
1515 858 1606 885 emisit
1628 859 1754 894 spiritum
1779 870 1785 887 :

1000 900 1149 927 curabatur
1163 908 1272 936 corpus,
1291 903 1472 931 mandabatur
1487 904 1614 938 sepulcro
1629 905 1720 933 fasciis
1736 911 1780 933 tn-

995 944 1145 972 mnlaribus
1171 946 1285 981 egregiis
1312 947 1435 975 involuto
1459 949 1560 983 pietate
1584 954 1612 976 et
1634 951 1785 982 modestia,

994 991 1141 1018 multorum
1155 991 1344 1019 miserantium
1361 993 1489 1027 precibus
1505 995 1633 1022 comitata
1651 995 1677 1022 in
1694 996 1784 1031 regio-

994 1044 1057 1063 nem
1076 1037 1151 1070 abiit,
1169 1038 1240 1065 unde
1257 1038 1363 1066 exsulat
1388 1039 1478 1066 luctus
1494 1045 1522 1067 et
1536 1041 1653 1076 gemitus
1667 1042 1779 1069 univer-

994 1082 1056 1109 sim.
1078 1083 1112 1109 Et
1127 1083 1192 1117 quid
1207 1084 1276 1110 ultra
1291 1084 1442 1112 desiderari
1451 1086 1607 1120 postest?ln
1618 1088 1786 1114 contrarium
1816 1114 1823 1120 ,

992 1128 1114 1155 dolorem
1129 1137 1173 1156 me
1190 1130 1312 1165 adigunt,
1329 1138 1389 1165 quae
1404 1131 1475 1158 eirea
1488 1132 1596 1159 beatam
1609 1133 1682 1159 illam
1699 1133 1783 1160 ﬁliam

994 1178 1067 1201 tuam
1087 1174 1366 1210 administrabantur;
1382 1184 1525 1204 excessum
1546 1178 1620 1205 hunc
1638 1178 1709 1205 illius
1723 1178 1785 1206 feli-

993 1228 1051 1248 cem
1065 1221 1199 1256 praedico;
1216 1222 1318 1249 luctum
1334 1222 1362 1249 in
1373 1223 1421 1249 Dei
1438 1222 1550 1258 gloriam
1562 1228 1648 1256 muto,
1667 1224 1783 1251 infortu-

991 1266 1068 1293 nium
1087 1266 1114 1292 in
1139 1267 1285 1301 gratiarum
1308 1268 1445 1296 actionem
1464 1277 1470 1294 :
1486 1276 1548 1295 cum
1574 1274 1627 1296 tant
1655 1269 1783 1301 feliciter,

993 1312 1029 1339 ita
1043 1316 1072 1339 ut
1094 1313 1137 1339 vix
1154 1317 1274 1347 optares,
1293 1313 1400 1341 videam
1425 1315 1606 1349 praesentibus
1630 1315 1782 1342 liberatam.

991 1358 1090 1385 Verum
1107 1359 1179 1386 haud
1197 1359 1233 1386 ita
1250 1359 1297 1386 diu
1317 1359 1345 1386 in
1367 1360 1424 1387 vita
1446 1359 1512 1393 fuit;
1532 1361 1596 1395 quid
1623 1361 1738 1388 interest
1761 1362 1784 1389 si
1820 1378 1830 1383 τ

991 1404 1092 1439 plures,
1114 1412 1148 1431 an
1163 1405 1305 1439 pauciores
1320 1405 1379 1432 dies
1394 1405 1477 1433 vitam
1494 1410 1616 1433 nostram
1634 1407 1778 1438 dividant;

991 1457 1053 1476 cum
1068 1449 1157 1476 minus
1173 1455 1199 1476 et
1218 1449 1302 1484 magis
1321 1449 1348 1476 in
1373 1450 1481 1477 easdem
1503 1450 1598 1477 mortis
1617 1455 1710 1485 portas
1731 1458 1784 1478 nos

992 1494 1192 1522 transmittant?
1206 1495 1356 1522 Pratteritis
1372 1502 1453 1522 nemo
1470 1495 1637 1528 delectatur;
1651 1495 1724 1530 quod
1741 1495 1783 1523 fu-

993 1545 1082 1568 turum
1098 1544 1150 1573 est,
1174 1541 1295 1568 nondum
1313 1545 1374 1573 est;
1401 1548 1537 1576 prmsens,
1560 1541 1586 1568 in
1612 1550 1666 1576 quo
1689 1542 1782 1569 omnis

991 1586 1147 1618 oblectatio,
1162 1592 1382 1614 momentaneum
1400 1590 1452 1613 est.
1476 1586 1599 1623 Longum
1621 1595 1686 1622 ergo
1707 1588 1781 1616 vitat.

992 1635 1017 1658 et
1034 1631 1117 1658 breve
1128 1636 1246 1666 tempus,
1257 1639 1319 1658 cum
1335 1632 1564 1659 (lelcclamentum
1579 1633 1705 1667 praesenti
1722 1637 1782 1660 tan-

991 1681 1047 1704 tum
1069 1677 1285 1709 circumscribat,
1302 1685 1355 1704 una
1379 1681 1407 1704 et
1428 1678 1523 1704 eadem
1545 1678 1676 1705 fruitione
1694 1678 1780 1710 illum,

990 1723 1036 1757 qui
1051 1723 1200 1757 longaevam
1222 1723 1313 1758 attigit
1335 1727 1518 1755 senectutem,
1545 1728 1572 1750 ct
1595 1723 1641 1757 qui
1668 1724 1781 1758 juventa

990 1769 1076 1801 ﬂoret,
1092 1768 1271 1803 constringit;
1286 1768 1427 1802 utriusque
1448 1776 1559 1796 sensum
1580 1769 1782 1796 oblectamento

990 1813 1116 1848 praesenti
1132 1813 1286 1840 errabundo
1304 1813 1455 1846 deﬁniens;
1481 1814 1581 1840 nullius
1594 1819 1685 1841 autem
1705 1815 1748 1841 vel
1765 1822 1782 1841 e

992 1858 1159 1893 praeteritis,
1186 1863 1232 1885 aut
1255 1858 1364 1890 futuris,
1390 1860 1527 1893 voluptate
1552 1859 1668 1894 gaudere
1695 1860 1781 1887 cuivis

989 1905 1159 1939 permittens,
1170 1904 1239 1931 adeo
1256 1912 1300 1931 res
1311 1903 1470 1932 indiﬁ‘erens
1485 1909 1536 1937 est,
1551 1904 1631 1940 longo
1643 1904 1684 1932 vel
1700 1905 1775 1932 brevi

988 1950 1076 1985 spatio
1091 1958 1244 1984 superesse.
1263 1950 1320 1978 lmo
1335 1950 1426 1984 potius
1444 1950 1517 1978 haud
1538 1955 1580 1978 est
1600 1951 1775 1983 indiﬂerens;

988 1997 1011 2023 si
1024 1996 1096 2023 enim
1114 2004 1129 2023 a
1145 1996 1259 2028 maculis
1271 2003 1351 2024 nemo
1362 2003 1474 2031 prorsus
1490 2000 1532 2024 est
1547 1996 1687 2029 immunis,
1702 1997 1774 2031 quod

987 2048 1015 2069 et
1033 2042 1106 2069 dicto
1120 2047 1148 2069 et
1168 2042 1239 2069 facto
1259 2042 1448 2070 conﬁrmatum
1463 2042 1597 2075 videmus,
1621 2050 1655 2070 ne
1675 2043 1700 2070 si
1717 2043 1771 2070 vita

988 2089 1046 2123 ejus
1069 2088 1104 2116 sit
1123 2088 1204 2115 unius
1216 2088 1280 2120 diei,
1303 2092 1377 2115 certe
1394 2088 1440 2123 qui
1458 2094 1486 2115 et
1505 2088 1664 2116 abbreviato
1688 2089 1773 2124 magis

988 2138 1109 2169 tempore
1129 2134 1208 2161 istius
1233 2134 1294 2161 vita:
1318 2134 1393 2161 exuit
1418 2134 1623 2162 tabernaculum
1650 2134 1775 2165 luteum,

955 2186 962 2195 ι
987 2186 1048 2206 cum
1073 2178 1247 2213 paucioribus
1268 2178 1391 2213 corporis
1414 2178 1539 2206 sordibus
1566 2178 1631 2205 hinc
1657 2178 1774 2206 excedit.

151 2233 196 2252 ναι
209 2233 216 2241 ·
235 2226 337 2261 μᾶλλον
352 2227 380 2253 δὲ
389 2228 443 2255 οὐδ’
456 2229 613 2265 ἀδιάφορον.
623 2233 655 2258 Εἰ
665 2233 720 2268 γὰρ
728 2235 816 2266 οὐδεὶς
831 2223 936 2274 ἅνθρω-

991 2223 1120 2256 Quocirca
1133 2224 1178 2258 qui
1194 2223 1265 2259 luget
1285 2223 1357 2250 illius
1382 2223 1497 2253 obitum,
1521 2230 1553 2249 eo
1578 2223 1650 2256 quod
1673 2230 1688 2249 a
1708 2231 1777 2258 pra:-

148 2280 199 2304 πος
213 2273 267 2299 ἀπὸ
291 2273 380 2308 ῥύπου
395 2274 514 2310 καθαρὸς
531 2277 641 2312 εἴρηταί
654 2287 694 2312 τε,
711 2281 758 2307 καὶ
772 2283 829 2314 τοῖς
844 2283 935 2317 ἔργοις

148 2318 247 2353 ὁρᾶται
276 2319 472 2354 πιστούμενον,
499 2322 554 2348 οὐδ’
574 2323 607 2349 ἂν
625 2324 649 2349 εί
671 2324 720 2358 μία
740 2326 832 2361 ἡμέρα
846 2329 860 2354 ό
878 2328 936 2362 βίος

149 2362 235 2397 αὐτῷ,
253 2363 267 2388 ό
291 2364 321 2389 ἐν
335 2364 457 2391 ἐλάττονι
475 2367 564 2402 χρόνῳ
579 2369 610 2394 τδ
633 2370 745 2404 πήλινον
759 2372 839 2398 τοῦτο
871 2374 935 2409 σκη-

148 2417 226 2443 νωμα
239 2410 409 2443 καταλιπὼν,
423 2411 532 2440 ἔλαττον
551 2414 621 2448 ἔχων
635 2416 740 2450 ἀπῆλθε
754 2418 802 2444 καὶ
819 2419 935 2452 κηλίδων

148 2455 203 2480 τῶν
217 2456 392 2489 σωματικῶν.
412 2457 467 2485 Οὐκ
485 2456 533 2485 οὖν
544 2460 558 2485 ὁ
571 2460 677 2488 πενθῶν
690 2461 739 2497 τὴν
751 2463 934 2495 ἀπελθοῦσαν,

148 2500 189 2527 ὅτι
206 2500 302 2527 θᾶττον
327 2502 466 2538 ἀπήλλαξε
487 2504 542 2531 τῶν
568 2506 729 2541 παρόντων,
757 2509 798 2535 ὅτι
825 2509 935 2537 ἔλαττον

150 2546 267 2581 μετέσχε
285 2548 341 2574 τῶν
362 2549 550 2583 μολυνόντων,
574 2551 654 2579 τοῦτο
667 2553 785 2589 δάκρυον
804 2558 933 2591 ποιεῖται,

147 2593 196 2619 καὶ
209 2593 240 2619 τὸ
255 2593 452 2630 καθαρωτέραν
463 2597 548 2632 αὐτὴν
559 2598 598 2633 τῷ
611 2599 715 2626 ἐκεῖθεν
724 2601 840 2637 ὀφθῆναι
853 2603 932 2638 Νυμ-

147 2638 210 2673 φίῳ,
223 2640 368 2677 νομίζει[ς]
383 2644 526 2678 συμφοράν
536 2651 543 2658 ·
563 2644 631 2672 ἀλλὰ
646 2647 700 2681 πρὸ
715 2647 789 2684 ὧρας
802 2650 931 2685 μετέστη*

149 2685 186 2721 μή
198 2694 243 2720 μοι
255 2687 361 2720 γένοιτο
371 2688 500 2724 τοιαύτην
509 2691 602 2726 φωνὴν
609 2692 735 2720 ἀκοῦσαν
743 2695 835 2731 φωνὴν
844 2697 931 2731 ρηθῆ-

987 2270 1110 2297 sentibus
1126 2274 1181 2297 tam
1193 2270 1247 2297 cito
1262 2269 1401 2298 liberatur.
1413 2275 1446 2295 eo
1460 2267 1532 2302 quod
1546 2267 1636 2294 minus
1649 2269 1771 2295 maeula—

988 2324 1047 2343 rum
1063 2315 1245 2351 participavit,
1264 2314 1444 2349 pollucntium
1466 2314 1599 2348 lacrymas
1621 2314 1721 2345 fundit,
1747 2320 1774 2342 et

988 2363 1059 2390 inter
1069 2362 1238 2390 calamitates
1249 2365 1397 2396 computat,
1408 2361 1479 2395 quod
1491 2361 1660 2395 splendidior
1671 2369 1772 2394 sponso

987 2413 1177 2443 praesumetur.
1196 2408 1249 2435 Sed
1264 2408 1381 2434 excessit
1401 2412 1464 2434 ante
1480 2411 1596 2441 tempus.
1618 2407 1687 2439 Quin
1705 2408 1774 2434 hanc

986 2463 1036 2490 ego
1053 2463 1147 2482 vocem
1162 2455 1253 2482 nullus
1269 2454 1387 2484 audiam,
1404 2453 1478 2482 dictu
1499 2453 1642 2485 audacem,
1655 2453 1773 2487 cogitatu

986 2502 1169 2529 audaciorem.
1197 2501 1266 2527 Ante
1290 2505 1407 2535 tempus,
1431 2500 1491 2527 ais?
1513 2499 1582 2526 Cum
1603 2504 1772 2531 nasceretur,

985 2555 1034 2575 cur
1054 2555 1108 2574 non
1125 2546 1226 2573 dicitur
1239 2550 1303 2573 ante
1321 2550 1428 2580 tempus
1459 2545 1486 2572 in
1508 2545 1596 2572 lucem
1614 2545 1705 2572 edita?
1718 2544 1772 2572 Na-

985 2593 1112 2621 scebatur
1125 2593 1159 2620 de
1176 2592 1269 2620 divino
1293 2596 1360 2619 nutu
1373 2596 1400 2619 et
1418 2591 1588 2626 tempestive.
1604 2591 1644 2618 An
1662 2596 1768 2618 nosmet

983 2646 1033 2666 nos
1048 2642 1200 2665 statuemus
1211 2638 1328 2664 arbitros
1341 2637 1375 2664 de
1391 2642 1524 2672 tempore,
1540 2637 1613 2672 quod
1627 2637 1661 2664 ad
1675 2637 1770 2664 condi-

983 2690 1069 2712 torem
1086 2684 1150 2712 hinc
1169 2683 1274 2711 abibit?
1300 2684 1399 2710 Annon
1418 2683 1463 2710 ille
1478 2683 1571 2718 opifex
1590 2681 1720 2718 produxit
1741 2682 1769 2710 in

148 2739 192 2757 ναι
205 2731 254 2767 μὲν
267 2732 417 2769 τολμηρῶν
429 2735 627 2772 ἐννοηθῆναιδὲ
642 2730 856 2776 τολμηροτέραν.
871 2730 929 2777 Πρὸ

994 2740 1114 2767 empore,
1129 2733 1162 2760 ad
1176 2740 1205 2760 se
1218 2735 1338 2760 assume!
1351 2730 1485 2763 nesciens.
1501 2733 1685 2765 opportunum
1701 2733 1771 2756 tem~

787 2818 897 2846 VARl/E
915 2819 1117 2848 LECTIONES.

189 2885 203 2900 ι
223 2883 422 2917 περιτυχόντες.

443 2925 457 2937 ς
