1931 3080
134 156 186 187 975

697 159 827 190 ΡΗΟΤΙΙ
847 161 1101 192 PATRIARCH/E
1120 162 1175 191 CP.

1707 161 1759 194 976

126 211 196 246 pus?
207 211 240 238 de
255 215 329 246 gutta
341 211 368 238 in
381 219 489 239 carnem
503 212 638 247 solidavit,
648 213 675 241 in
687 219 766 242 utero
778 215 914 249 formavit,

977 217 1040 252 ὁρας
1051 226 1057 232 ·
1072 217 1120 244 καὶ
1136 216 1195 248 πῶς
1212 216 1256 243 ὅτε
1267 215 1317 247 τὰς
1330 215 1468 251 μητρικὰς
1479 215 1575 242 ἔλυσεν
1587 216 1696 248 ὠδῖνας,
1709 218 1760 244 οὐκ

127 255 154 282 in
169 256 256 282 lucem
274 256 410 290 produxit,
426 256 459 283 ab
475 256 589 284 infantia
603 258 636 285 ad
648 263 754 286 aetatem
776 260 910 295 puerilem

126 301 288 333 custodivit,
317 302 349 328 ad
372 302 536 335 thalamum,
562 303 595 330 ad
619 303 767 338 perfectam
788 309 915 339 aetatem,

127 347 224 381 ecquid
240 347 338 374 horum
363 347 572 382 intempestive?
592 354 622 376 ut
641 357 702 376 cum
727 350 753 377 in
782 355 914 378 aeternum

129 392 210 418 vitam
232 395 378 426 permutat,
395 396 452 419 tum
469 393 557 420 solum
578 394 633 428 agit
653 394 866 429 intempestive?
882 395 918 422 sit

128 437 207 471 longe
223 445 238 464 a
255 437 345 472 lingua
360 438 489 472 pietatem
503 439 652 466 meditante
665 440 724 467 haec
736 440 916 476 blasphemia,

129 483 207 518 longe
226 483 260 510 ab
277 483 369 511 animo
394 484 550 518 moderato;
576 485 687 521 dignum
708 486 733 513 id
765 490 808 513 est
831 486 919 522 longis

130 529 268 561 lamentis,
282 533 310 556 et
327 530 420 557 multis
430 530 565 566 lacrymis,
577 531 704 559 obrutum
718 532 856 558 hominem
871 531 918 558 tali

129 575 323 609 cogitationum
339 575 477 610 nequitia;
493 584 548 603 non
559 582 651 604 autem
669 578 792 604 mortalia
805 578 918 605 immor-

132 620 229 647 talibus
248 625 375 648 mutare:
391 622 519 655 quocirca
539 622 631 657 lugere
652 631 706 650 non
722 628 830 658 oportet
846 624 919 650 illam

130 674 191 700 qua:
208 674 307 702 corpus
330 667 445 694 mortale
468 668 589 703 reliquit,
613 669 660 696 sed
682 669 757 696 illum
779 670 825 704 qui
846 677 921 696 mor-

133 711 216 739 tificat
237 717 354 740 mentem
379 713 576 746 immortalem,
601 722 656 741 non
683 722 765 749 quam
787 715 922 742 thalamus

133 757 251 785 ccelestis
261 759 459 794 complectitur;
473 760 519 787 sed
532 760 578 794 qui
591 768 639 796 spe
651 762 789 788 mortifera
802 761 919 788 animam

133 805 282 839 sepelivit:
300 807 348 834 sed
371 808 502 842 praevenit
524 808 620 836 abiens
643 814 784 844 parentes;
809 813 837 836 et
858 809 922 844 quid

133 850 210 877 tum?
235 856 344 886 operata
369 852 482 880 forsitan
503 853 589 888 patris
612 858 639 880 et
663 855 759 881 matris
779 854 922 888 interitui',

967 262 1108 298 ἐνομίζετο
1127 261 1201 288 λύειν
1216 261 1269 298 πρὸ
1293 261 1384 297 ὥρας;
1400 262 1458 288 ἀλλ’
1474 262 1571 297 ἐτέχθη
1598 262 1647 296 μὲν
1669 262 1760 289 vadost

966 306 1035 334 Θεοῦ
1050 307 1098 333 καὶ
1107 307 1168 334 καθ’
1183 307 1268 342 ὥραν.
1287 307 1429 333 ’Λπελθεῖν
1446 307 1474 333 δὲ
1487 307 1554 342 πρὸς
1570 307 1616 334 τδν
1632 307 1760 343 Πλάστην

967 353 1041 388 ἡμᾶς
1055 353 1155 384 αὐτοὺς
1173 352 1323 388 καθίζομεν
1340 351 1488 388 ὀροθέτας;
1509 353 1558 379 καὶ
1574 353 1692 388 προάγει
1711 354 1762 389 μὲν

967 400 981 426 ὁ
1004 399 1177 435 Δημιουργὺς
1193 399 1254 425 καθ’
1280 398 1365 434 ὥραν,
1380 398 1515 433 λαμϐάνει
1530 398 1559 425 δὲ
1579 399 1649 434 πρὸς
1665 400 1760 426 ἑαυτὸν

967 445 1018 472 οὐκ
1044 445 1122 476 εἰδὼς
1143 445 1192 481 τὴν
1217 445 1309 481 ὤραν;
1333 445 1388 472 ἀπὸ
1425 445 1555 479 σταγόνος
1589 445 1689 482 ἔπηξεν
1721 447 1762 478 είς

970 491 1076 527 σάρκα,¹
1090 491 1235 518 διέπλασεν
1256 492 1285 518 ὲν
1312 492 1414 526 μήτρᾳ,
1433 492 1604 527 προήνεγκεν
1625 493 1666 524 εἰς
1691 493 1760 528 φῶς,

970 537 1004 564 ὲκ
1024 536 1142 572 βρέφους
1171 536 1317 571 διετήρησε
1349 537 1430 572 μέχρι
1456 537 1562 568 παιδὸς,
1592 537 1674 572 μέχρι
1707 546 1761 564 πα-

972 582 1086 613 στάδος,
1107 582 1186 617 μέχρι
1220 581 1327 613 τελείας
1351 581 1460 617 ἡλικίας
1474 589 1481 596 ·
1503 581 1607 608 τούτων
1632 582 1708 609 οὐδὲν
1730 583 1761 609 οὗ

971 628 1034 654 καθ’
1049 627 1141 662 ὦραν;
1158 629 1223 653 Ὅτε
1237 627 1266 654 δὲ
1282 627 1351 662 πρὸς
1359 626 1404 653 τὸν
1420 626 1556 654 ἀθάνατον
1570 627 1679 662 ἀμείϐει
1692 627 1761 663 βίον,

972 673 1033 700 τότε
1047 674 1126 708 μόνον
1139 673 1169 699 οὐ
1187 673 1249 699 καθ’
1261 672 1336 708 ὥραν
1348 681 1356 705 ;
1369 672 1464 708 πόρρω
1479 673 1606 708 γλώσσης
1621 673 1764 700 εὐσέϐειαν

976 718 1133 754 μελετὼσης
1145 718 1162 752 ἡ
1177 717 1288 752 τοιαύτη
1304 718 1462 752 δυσφημία⁶
1479 719 1574 754 πόρρω
1589 719 1764 753 φρονήματος

975 764 1179 798 σωφρονοῦντος
1187 771 1194 779 ·
1206 762 1286 789 τοῦτο
1295 763 1402 798 θρήνων
1413 763 1539 798 μακρῶν,
1550 764 1630 790 τοῦτο
1638 763 1764 799 δακρύων

975 809 1081 835 πολλῶν
1098 808 1343 843 ὲγκαταχωσθῆναι
1368 808 1414 834 τὸν
1443 807 1587 843 ἄνθρωπον
1612 809 1765 845 τηλικαύτῃ

978 854 1114 891 μοχθηρίᾳ
1142 854 1301 888 λογισμῶν,
1330 853 1387 880 ἀλλ’
1414 854 1474 890 οὐχὶ
1499 854 1530 881 τὺ
1565 855 1705 889 διαμεῖψαι
1729 855 1765 882 τὰ

136 897 200 924 hinc
224 902 289 925 tunc
318 899 449 927 excedere
473 899 567 927 debuit
591 903 630 927 tot
652 900 737 935 plagis
760 907 839 927 cassa.
865 899 924 927 Haec

978 901 1105 936 ἄφθαρτα
1119 899 1175 927 τῶν
1190 900 1329 934 φθαρτῶν.
1345 900 1382 926 οὐ
1397 900 1446 934 μὲν
1460 899 1507 926 οὖν
1522 900 1582 935 οὐχὶ
1596 901 1704 927 πενθεῖν
1716 900 1764 936 τὴν

134 943 180 978 qui
193 944 241 976 ait,
252 952 306 972 non
319 945 402 978 patris
417 945 530 977 viscera,
542 946 588 973 sed
600 953 727 973 noverca‘,
739 945 865 973 affectum
879 953 922 972 re-

135 989 197 1020 fert,
214 997 268 1016 non
284 990 369 1025 patris
388 993 435 1017 aut
457 991 552 1018 matris
574 995 649 1018 certe
669 998 811 1025 amorem;
834 991 921 1026 magis

136 1036 221 1067 illum,
242 1036 288 1071 qui
315 1036 386 1071 quod
409 1044 439 1064 se
466 1036 584 1064 oblectet
607 1042 721 1071 quaret,
744 1045 825 1072 quam
850 1038 922 1072 quod

135 1081 197 1108 ﬁliae
211 1081 323 1108 exsistat
335 1085 452 1117 gratum,
467 1082 568 1116 quique
580 1082 632 1109 sub
645 1082 788 1110 desideriis
803 1082 865 1110 filia:
880 1083 922 1110 sui

134 1126 218 1161 ipsius
235 1133 328 1153 curam
353 1126 509 1154 meditatur.
530 1126 600 1160 Quid
617 1127 732 1154 tristitia:
755 1131 799 1154 est
822 1127 922 1154 intueri

133 1177 249 1199 mortem
266 1173 437 1200 amatorum?
451 1173 568 1201 excessit
587 1173 652 1200 hinc
667 1173 732 1206 lilia,
750 1181 765 1201 a
785 1178 873 1201 morte
888 1174 923 1200 li-

134 1217 209 1248 bera,
226 1218 278 1245 hoc
294 1218 371 1245 triste
394 1225 450 1245 nou
469 1222 512 1245 est
526 1227 534 1245 :
548 1222 577 1246 et
590 1218 654 1252 quid
676 1226 727 1246 nos
744 1223 801 1246 tum
823 1225 924 1246 consu-

133 1264 234 1291 mimus
251 1264 377 1291 tristitia?
389 1264 411 1291 si
429 1263 549 1291 rediviva
563 1264 612 1291 tibi
630 1264 738 1292 adesset
748 1268 822 1295 nata,
835 1268 863 1291 et
879 1271 924 1291 as-

134 1315 196 1336 tans
214 1317 324 1337 manum
340 1310 433 1337 manui
452 1310 591 1342 misceret,
612 1310 633 1337 si
659 1310 759 1338 blando
773 1314 800 1337 et
819 1310 924 1337 exhila-

134 1359 211 1383 rante
230 1355 308 1384 vultu
331 1357 423 1384 oscula
442 1356 519 1384 daret
540 1362 568 1384 et
592 1356 787 1391 alloqueretur.
803 1355 874 1389 Quid
899 1361 925 1383 te

134 1400 241 1436 aﬂligis,
260 1402 352 1437 pater?
364 1401 428 1437 quid
448 1401 617 1435 lamentaris,
633 1401 710 1436 quasi
728 1401 799 1428 mala
817 1409 861 1428 me
878 1409 924 1428 ex-

135 1447 276 1475 cedentem
301 1447 453 1474 ambirent?
484 1447 612 1474 Habitare
644 1447 800 1482 paradisum
829 1447 924 1474 sortita

136 1500 207 1525 sum,
221 1491 372 1528 jucundum
384 1493 471 1520 oculis
484 1493 682 1527 spectaculum,
693 1493 841 1528 jucundius
857 1492 924 1519 frui-

138 1540 222 1570 tione,
240 1539 408 1574 experientia
419 1547 527 1566 omnem
539 1539 647 1567 excedit
663 1539 761 1572 (idem;
782 1539 925 1574 paradisus

136 1585 183 1612 ille
200 1585 279 1612 sedes
295 1589 406 1619 paterna
424 1589 452 1612 et
471 1585 630 1620 principalis
648 1585 734 1612 nostri
755 1585 874 1621 generis,
897 1585 923 1611 in

136 1638 191 1665 quo
201 1630 344 1657 Dominicte
355 1638 451 1658 manus
461 1631 599 1666 opificium
609 1631 732 1658 naturale
745 1631 826 1666 primi
837 1630 925 1658 nostri

138 1680 276 1711 parentes,
299 1681 444 1712 antequam
472 1677 626 1704 insibilaret
651 1684 777 1712 serpens,
802 1677 854 1704 hoc
873 1681 925 1708 est,

138 1721 245 1748 beatam
261 1720 343 1748 vitam
357 1721 473 1756 agebant
490 1730 496 1747 :
511 1721 587 1748 hunc
604 1728 730 1756 campum
748 1721 792 1748 ille
808 1728 926 1756 nequam

138 1771 167 1794 et
183 1766 312 1795 incurvus
326 1774 439 1802 serpens
460 1766 533 1794 illabi
550 1766 646 1801 nequit
660 1767 759 1799 adhuc,
780 1774 831 1794 nec
849 1768 927 1793 insu-

139 1817 263 1840 surratos
283 1819 422 1840 sermones
431 1812 572 1840 insinuare
589 1812 785 1840 fraudulenter.
802 1812 876 1839 Inest
891 1811 927 1838 ibi

140 1858 220 1886 nobis
243 1865 322 1886 mens
347 1859 422 1886 omni
447 1859 573 1886 machina
599 1858 734 1893 superior,
764 1857 839 1886 omni
869 1861 929 1884 arte

138 1904 239 1940 major,
255 1912 310 1932 non
325 1908 368 1932 est
384 1905 420 1932 ibi
435 1904 531 1932 oculus
549 1904 714 1939 aperiendus
735 1908 783 1931 aut
815 1903 928 1938 majoris

141 1950 330 1978 oblectationis
357 1949 480 1978 fruendae
499 1950 680 1977 desiderium.
708 1949 810 1977 Sumus
833 1956 929 1976 omnes

142 1995 274 2031 sapientia
289 1996 382 2024 divina
402 2000 430 2023 et
452 1996 555 2023 caelesti
582 1995 737 2030 sapientes;
762 1995 817 2022 vita
839 1995 929 2022 omnis

140 2041 301 2077 transigitur
311 2041 338 2068 in
354 2041 581 2069 inenarrabilibus
592 2048 644 2067 nec
659 2039 814 2067 invidendis
836 2039 927 2072 bonis,

141 2088 205 2116 inde
223 2091 280 2115 tota
298 2087 376 2115 nobis
398 2086 532 2114 festivitas
554 2090 582 2113 et
604 2086 770 2121 panegyris:
789 2084 928 2120 splendidi

140 2133 282 2169 splendide
295 2133 324 2160 in
337 2132 495 2167 corporibus
509 2131 760 2165 incorruptibilibus
780 2136 808 2157 et
831 2131 924 2166 puris-

142 2179 218 2206 simis
244 2181 395 2208 versantes,
417 2177 502 2203 Deum
520 2176 654 2207 videmus,
672 2174 808 2210 quomodo
825 2174 929 2201 homini

973 946 1158 981 διαφυγοῦσαν
1173 945 1255 980 σῶμα
1271 945 1367 980 θνητὸν
1382 945 1432 977 δεῖ,
1447 945 1516 972 ἀλλὰ
1529 945 1576 972 τὸν
1587 946 1764 980 νεκρώσαντα

973 992 1020 1018 τὸν
1033 991 1166 1018 ἀθάνατον
1190 991 1252 1017 νοῦν
1263 999 1270 1005 ·
1286 991 1342 1017 οὐδ’
1359 991 1393 1026 ἢν
1409 990 1537 1026 οὐράνιος
1557 990 1664 1022 παστὰς
1681 989 1764 1016 θαλα-

976 1037 1064 1073 μεύει,
1080 1036 1139 1064 ἀλλ’
1165 1036 1195 1068 ὃς
1217 1035 1330 1070 ὲνὲθαψε
1345 1036 1396 1070 τὴν
1415 1036 1505 1071 ψυχὴν
1531 1035 1622 1061 ἐλπίσι
1641 1036 1763 1070 νεκραῖς.

974 1083 1042 1114 Ναὶ,
1059 1082 1155 1117 φησὶν,
1171 1081 1240 1108 ἀλλά
1257 1081 1393 1107 τεκόντων
1411 1079 1592 1116 τιροαιπῆλθε⁹
1608 1080 1634 1106 τί
1646 1080 1690 1107 δαὶ
1699 1081 1764 1114 ἄρα,

974 1128 1098 1155 ἐϐούλετο
1124 1127 1153 1154 δέ
1178 1136 1220 1158 τις
1234 1127 1318 1162 αὐτὴν
1338 1126 1442 1162 μητρὸς
1465 1126 1514 1152 καὶ
1534 1125 1639 1160 πατρὸς
1657 1125 1766 1160 θανάτῳ

973 1173 1264 1210 προκατεργασθετσαν
1285 1172 1429 1207 πρότερον,
1443 1170 1531 1202 οὓτως
1552 1170 1692 1202 ἀπελθεῖν,
1717 1179 1763 1205 τη-

977 1219 1119 1250 λικαύταις
1131 1219 1251 1253 πληγαῖς
1268 1217 1535 1253 μεμαστιγωμένην;
1551 1216 1655 1252 πατρὸς
1667 1215 1698 1242 οὒ
1719 1214 1767 1250 μοι

977 1264 1130 1299 σπλάγχνα,
1150 1264 1286 1298 μητρυιᾶς
1305 1262 1426 1289 διάθεσιν
1443 1259 1528 1294 οὗτος,
1544 1262 1602 1288 ἀλλ’
1617 1262 1647 1288 οὺ
1664 1261 1767 1296 πατρὺς

975 1310 1036 1338 οὐδὲ
1055 1309 1157 1344 μητρὸς
1176 1309 1297 1343 φίλτρον,
1315 1307 1493 1342 ἀπαγγέλλει,
1510 1308 1557 1334 καὶ
1571 1307 1717 1342 ζητοῦντος
1732 1306 1764 1333 τδ

974 1357 1075 1383 οἰκεῖον
1091 1355 1141 1390 ἡδὺ
1163 1355 1180 1390 ἢ
1201 1354 1231 1381 τὸ
1243 1355 1276 1389 τῇ
1291 1353 1409 1388 θυγατρὶ
1424 1353 1636 1388 κεχαρισμένον,
1662 1352 1709 1378 καὶ
1724 1360 1769 1378 σο-

975 1399 1123 1435 φιζομένου
1144 1398 1219 1433 πόθῳ
1243 1397 1339 1430 παιδὸς
1364 1397 1413 1433 τὴν
1436 1397 1533 1424 ἑαυτοῦ
1560 1397 1720 1432 θεραπείαν.
1734 1396 1768 1422 Τί

975 1446 1029 1480 γὰρ
1042 1444 1163 1480 λυπηρὸν
1187 1444 1251 1470 ἰδεῖν
1269 1444 1462 1479 στεργομένων
1485 1443 1618 1475 θάνατον;
1644 1443 1695 1469 οὐκ
1719 1440 1769 1469 οὖν

975 1491 1095 1526 ἀπῆλθεν
1112 1492 1129 1526 ή
1145 1492 1209 1522 παῖς
1223 1490 1354 1525 ἐλευθέρα
1368 1490 1463 1517 τούτου
1477 1499 1484 1506 -
1511 1490 1568 1516 ἀλλ’
1586 1491 1617 1516 οὒ
1633 1489 1767 1525 λυπηρόν.

975 1537 1031 1565 Καὶ
1044 1537 1070 1564 τί
1085 1536 1249 1572 δαπανῶμεν
1269 1536 1382 1567 ἑαυτοὺς
1393 1537 1425 1571 τῇ
1443 1535 1533 1571 λύπῃς
1551 1536 1582 1562 Εἰ
1596 1535 1620 1562 δ’
1636 1535 1705 1571 αὕτη
1723 1543 1766 1561 σοι

977 1583 1069 1618 παρῆν
1091 1583 1196 1610 ἐκεῖθεν
1218 1583 1235 1617 ἡ
1256 1584 1321 1613 παῖς
1334 1582 1489 1613 ἐπιστᾶσα,
1514 1582 1562 1609 καὶ
1589 1582 1662 1617 χειρὶ
1691 1583 1770 1616 χεῖρα

976 1628 1143 1664 ἐμϐαλοῦσα,
1168 1627 1253 1663 ῑλαρῷ
1275 1627 1304 1654 δὲ
1324 1628 1371 1654 καὶ
1389 1628 1512 1663 χαίροντι
1542 1627 1681 1662 προσώπῳ
1701 1635 1770 1654 κατ-

977 1674 1065 1708 εφίλει
1076 1682 1105 1700 τε
1121 1674 1167 1700 καὶ
1178 1672 1411 1708 προσεφθέγγετο,
1420 1673 1452 1698 Τί
1465 1673 1494 1698 δὲ
1506 1673 1560 1708 ἄρα
1571 1672 1681 1703 κόπτεις
1690 1680 1771 1698 σεαυ-

977 1718 1033 1751 τὸν,
1047 1715 1070 1745 ὢ
1081 1718 1167 1754 πάτερ
1179 1727 1187 1751 ;
1198 1717 1224 1744 τί
1235 1717 1263 1744 δὲ
1279 1718 1398 1752 θρηνεῖς,
1412 1718 1449 1749 ὡς
1464 1718 1511 1744 ἐπὶ
1520 1719 1626 1750 κακοῖς,
1637 1717 1770 1744 ἀπελθοῦ-

979 1773 1047 1798 σαν;
1063 1764 1126 1799 ἐμοὶ
1143 1764 1309 1799 παράδεισος
1323 1763 1418 1798 ἔλαχεν
1446 1763 1542 1790 οἰκεῖν.
1564 1763 1654 1789 Γλυκὺ
1679 1763 1730 1797 μέν
1743 1771 1770 1789 τι

979 1810 1071 1845 θέαμα
1085 1810 1238 1845 ὀφθαλμοῖς
1254 1809 1320 1836 [δεῖν
1331 1817 1338 1824 ·
1354 1809 1521 1844 γλυκύτερον
1535 1809 1564 1835 δὲ
1577 1807 1769 1836 ὲναπολαῦσαι·

981 1855 1106 1891 μείζω[ν]
1121 1855 1149 1882 δὲ
1178 1855 1296 1887 πίστεως
1310 1855 1420 1890 ἁπάσης
1442 1855 1459 1889 ή
1484 1856 1576 1890 πεῖρα.
1602 1854 1770 1890 Παράδεισος

979 1902 1081 1932 ἐκεῖνος
1100 1901 1116 1936 ἠ
1138 1900 1235 1936 πρώτη
1260 1901 1308 1928 καὶ
1327 1901 1466 1936 θαυμασία
1478 1901 1525 1927 τοῦ
1539 1901 1640 1935 γένους
1657 1901 1769 1936 πατρὶς,

979 1949 1009 1974 ὲν
1021 1945 1043 1982 ᾧ
1057 1947 1140 1974 πάλαι
1154 1947 1205 1982 τῆς
1214 1948 1384 1982 Δεσποτικῆς
1399 1948 1530 1982 παλάμης
1544 1947 1574 1973 τὸ
1588 1947 1772 1982 φιλοτέχνημα

979 1994 1029 2029 τῆς
1053 1993 1161 2028 φύσεως
1176 1994 1200 2020 οί
1216 1993 1401 2028 προπάτορες,
1420 1993 1486 2028 πρὶν
1499 1992 1515 2028 ἥ
1531 1993 1578 2019 τὸν
1593 1993 1655 2027 δφιν
1671 1992 1771 2027 ὑποψι-

980 2039 1099 2074 θυρίσαι,
1123 2039 1175 2075 τῆς
1199 2038 1359 2073 εὐδαίμονος
1385 2038 1432 2065 καὶ
1468 2038 1607 2074 μακαρίας
1631 2038 1771 2073 ἀπήλαυον

980 2085 1063 2119 ζωῆς.
1085 2084 1166 2111 ’Λλλὰ
1180 2084 1228 2111 νῦν
1244 2084 1305 2110 οὐδὲ
1321 2085 1335 2110 δ
1356 2084 1463 2115 σκολιὸς
1478 2085 1582 2115 ἐκεῖνος
1597 2084 1643 2110 καὶ
1654 2083 1771 2118 πονηρὸς

980 2130 1052 2164 δφις,
1074 2128 1166 2164 χώραν
1186 2128 1243 2163 ἔχει
1266 2128 1437 2162 ὑφερπῦσαι,
1453 2128 1514 2154 οὐδέ
1541 2136 1619 2160 τινας
1641 2128 1771 2163 ψιθύρους

980 2175 1080 2209 λόγους
1097 2174 1328 2210 ὑπομηχανᾶσθαι
1339 2183 1346 2189 ·
1359 2174 1418 2200 ἀλλ’
1435 2175 1489 2201 οὐδ’
1505 2175 1534 2200 ὲν
1551 2175 1617 2209 ἡμῖν
1635 2174 1695 2200 ὲστί
1717 2182 1769 2205 τις,

142 2224 234 2252 videre
251 2223 292 2251 fas
304 2227 346 2250 est
366 2223 449 2249 Deum
460 2242 467 2253 ,
481 2221 553 2248 illius
569 2220 759 2255 inexplicabile
773 2225 801 2247 et
824 2220 924 2247 incom-

981 2218 1010 2247 οὗ
1029 2221 1066 2255 μή
1083 2220 1157 2246 ἐστιν
1176 2221 1194 2255 ἡ
1207 2220 1303 2255 γνώμη
1330 2220 1457 2255 μηχανῆς
1472 2221 1583 2254 ἁπάσης
1605 2221 1654 2246 καὶ
1674 2219 1772 2254 τέχνης

142 2268 316 2304 prebensibili
336 2266 548 2303 pulchritudine,
568 2266 645 2301 quasi
671 2265 847 2300 luxuriantes}
860 2273 929 2293 cou-

141 2317 219 2343 tinuo
232 2315 419 2350 tripudiamus,
430 2321 480 2340 nec
490 2314 601 2340 satietas
614 2313 706 2340 adest:
718 2312 831 2340 luxuriae
845 2312 932 2339 abun-

141 2361 233 2389 dantia
265 2361 337 2388 illius
362 2359 505 2387 summitas
533 2359 568 2387 sit
603 2359 771 2391 dilectionis,
801 2363 829 2385 et
853 2358 926 2384 illam

141 2406 267 2433 comitata
280 2404 374 2432 fruitio
385 2404 565 2431 inenarrabile
579 2403 644 2430 illud
655 2403 798 2439 gaudium,
811 2409 839 2430 et
853 2402 932 2430 inex-

141 2452 293 2488 plicabilem
315 2451 523 2478 exsultationem
541 2454 670 2484 operatur
688 2458 694 2475 :
714 2449 784 2476 adeo
800 2454 842 2476 ut-
856 2457 932 2476 amor

144 2504 188 2524 me
203 2498 342 2524 inmensus
356 2503 390 2523 eo
403 2495 524 2528 revehat,
540 2495 605 2522 dum
617 2499 706 2522 tecum
724 2495 774 2521 hos
790 2501 932 2522 sermones

143 2543 212 2575 fero,
240 2550 290 2569 nec
319 2549 428 2577 possum
456 2541 563 2568 illorum
591 2544 696 2575 partem
720 2540 764 2567 vel
788 2539 930 2566 minimam

143 2590 256 2617 referre.
286 2588 405 2615 Accedes
424 2592 452 2614 tu
467 2586 613 2621 aliquaudo
630 2594 663 2613 eo
679 2594 741 2613 cum
754 2586 852 2613 dilecta
873 2593 932 2612 mea

144 2640 242 2668 matre,
257 2640 285 2662 et
302 2640 359 2661 tum
375 2642 418 2660 me
434 2641 517 2668 pauca
533 2633 655 2667 qumdam
671 2632 704 2658 de
721 2631 825 2664 multis,
840 2636 868 2658 ct
882 2631 932 2658 mi-

145 2682 252 2709 nutiem
281 2687 423 2707 enarrasse
446 2679 590 2711 censebis,
611 2683 690 2713 teque
716 2678 803 2712 ipsum
824 2677 857 2704 de
882 2677 934 2705 hac

145 2729 254 2755 tristitia
265 2726 415 2759 accusabis,
426 2727 473 2760 qui
486 2732 529 2752 me
544 2725 571 2751 in
585 2725 683 2751 talibus
694 2724 772 2751 bonis
779 2727 932 2751 versantem

146 2774 270 2808 deploras
287 2782 294 2800 :
308 2780 412 2805 verum,
434 2771 609 2798 dilcctissime
622 2774 707 2805 pater,
723 2769 757 2796 de
772 2772 870 2796 caetero
890 2777 933 2795 me

146 2818 224 2845 Lutus
239 2817 373 2852 praemitte
391 2817 502 2849 isthinc,
518 2824 570 2843 nec
583 2815 685 2843 diutius
703 2814 806 2846 delinc,
821 2822 856 2841 ne
874 2814 933 2849 plus

144 2864 367 2897 incommodcris,
384 2868 409 2890 ct
428 2863 527 2890 idcirco
542 2862 731 2890 vehementius
751 2861 885 2897 allligaris.
905 2861 932 2887 Si

982 2266 1102 2300 ἀμείνων
1112 2274 1118 2280 ·
1135 2265 1190 2292 οὐδ’
1205 2265 1364 2300 ὀφθαλμοὺς
1379 2266 1408 2292 δέ
1426 2273 1467 2297 τις
1487 2265 1645 2300 ἀνοιχθῆναι
1658 2265 1743 2291 δεῖται
1754 2265 1771 2300 ἡ

990 2319 1053 2342 ῖινος
1078 2311 1201 2345 μείζονος
1223 2311 1372 2345 ἐπιθυμίας
1395 2311 1559 2338 ἀπολαῦσαι.
1593 2312 1692 2346 Ἐσμὲν
1718 2311 1772 2345 γὰρ

983 2356 1102 2387 ἅπαντες
1118 2357 1194 2390 σοφοὶ
1216 2356 1265 2390 μὲν
1282 2356 1333 2391 τὴν
1351 2356 1427 2383 θείαν
1445 2356 1494 2383 καὶ
1513 2356 1638 2391 οὐράνιον
1656 2356 1753 2390 σοφίαν
1764 2365 1771 2372 ·

982 2402 1012 2428 ἐν
1027 2402 1152 2436 ἀφθόνοις
1167 2402 1195 2428 δὲ
1218 2402 1265 2429 καὶ
1281 2402 1474 2437 ἀνεκλαλήτοις
1489 2402 1603 2436 ἀγαθοῖς
1616 2409 1623 2416 ·
1636 2403 1650 2428 ὁ
1672 2402 1700 2429 δὲ
1718 2403 1773 2433 πᾶς

983 2448 1040 2483 βίος
1053 2448 1118 2484 ἡμῖν
1129 2447 1210 2483 ἑορτὴ
1224 2448 1271 2474 καὶ
1282 2448 1447 2483 πανήγυρις.
1460 2448 1591 2482 Λαμπροὶ
1601 2447 1630 2474 δὲ
1638 2447 1774 2482 λαμπρῶς

983 2495 1012 2520 ἐν
1026 2493 1177 2528 ἀφθάρτοις
1193 2493 1240 2519 καὶ
1263 2492 1471 2527 καθαρωτάτοις
1492 2492 1697 2527 πολιτευόμενοι
1719 2491 1774 2518 σώ-

985 2547 1062 2573 μασι,
1092 2539 1159 2565 Θεον
1183 2539 1302 2573 ὁρῶμεν,
1328 2539 1366 2570 ῶς
1394 2539 1470 2565 ἐστιν
1497 2538 1634 2573 ἀνθρώπῳ
1662 2537 1774 2564 δυνατὸν

985 2585 1058 2616 ἰδεῖν,
1075 2584 1124 2610 καὶ
1137 2583 1233 2610 τούτου
1243 2584 1283 2622 τῷ
1294 2585 1331 2618 ἀφ
1336 2584 1428 2619 ράστῳ
1440 2583 1486 2611 καὶ
1495 2584 1669 2618 ἀπερινοήτῳ
1681 2582 1773 2609 κάλλει

983 2630 1180 2664 ἐντρυφῶντες,
1190 2630 1337 2661 διαπαντὸς
1352 2629 1540 2663 ἀγαλλόμεθα,
1554 2629 1603 2655 καὶ
1616 2629 1696 2663 κόρος
1712 2628 1775 2654 τού-

983 2685 1035 2702 των
1053 2676 1151 2708 οὐδεὶς,
1166 2676 1234 2702 ἀλλὰ
1248 2676 1279 2702 τὺ
1292 2676 1409 2710 ἄφθονον
1425 2675 1473 2703 τοῦ
1483 2675 1591 2711 τρυφᾷν
1608 2674 1686 2709 ἀκμὴ
1702 2674 1775 2708 γίνε-

983 2731 1027 2749 ται
1038 2722 1085 2748 τοῦ
1098 2723 1173 2757 ὲρᾷν,
1195 2722 1242 2749 καὶ
1262 2722 1300 2757 τῷ
1312 2722 1395 2757 ἔρωτι
1412 2722 1606 2757 σνμπροῖοῦσα
1624 2722 1642 2756 ἡ
1666 2720 1775 2752 ἐξουσία

983 2769 1032 2804 τῆς
1047 2768 1235 2801 ἀπολαύσεως,
1251 2768 1353 2802 ἀφατόν
1369 2776 1430 2794 τινα
1442 2768 1490 2794 καὶ
1511 2768 1716 2803 ἀνεκδιὴγητον,
1737 2766 1775 2797 ὡς

983 2814 1103 2850 ἀληθῶς,
1121 2814 1171 2849 τὴν
1189 2814 1275 2850 χαρὰν
1288 2814 1396 2849 ἐκείνην
1409 2813 1455 2840 καὶ
1475 2813 1637 2848 ἀγαλλίασιν
1657 2812 1774 2847 ἐργάζε-

985 2870 1030 2887 ται
1043 2869 1050 2876 ο
1068 2860 1106 2892 ὡς
1123 2861 1170 2887 καὶ
1188 2860 1235 2887 νῦν
1258 2860 1351 2896 ἔμοιγε
1372 2859 1459 2887 ταῦτά
1485 2868 1527 2888 σοι
1558 2859 1774 2897 προσομιλούσῃ,
