1931 3080
177 121 229 154 977

752 133 1020 166 EPISTOLARUM
1038 138 1155 169 LIBER
1175 140 1234 172 Ill.

1757 153 1809 185 978

175 178 262 210 δεινὸς
280 179 327 206 καὶ
340 179 482 216 ἀμήχανος
498 183 568 218 πρὸς
588 184 681 213 ἐκεῖνα
702 186 772 222 ἔρως
791 189 956 225 ἑπιστρέφειε

1014 193 1087 226 apud
1106 198 1132 222 te
1147 194 1206 222 haec
1222 196 1264 223 vel
1282 196 1382 225 similia
1400 203 1488 228 tecum
1502 201 1582 230 beata
1595 207 1640 231 tua
1656 205 1738 234 ﬁliola
1749 209 1807 235 col-

175 223 225 250 καὶ
248 225 309 252 οὐδὲ
325 226 356 252 τὸ
377 226 548 262 βραχύτατον
565 230 656 258 αὐτῶν
681 236 844 269 παραχωρεῖ
868 223 963 271 διηγή-

177 269 286 297 σασθαι.
308 271 421 309 Ἐλεύσῃ
438 273 467 299 δέ
483 282 549 300 ποτε
563 275 611 302 καὶ
625 277 706 308 αὐτὸς
720 278 809 304 ἐκεῖσε
828 279 887 314 ἅμα
897 269 963 316 φιλῇ

177 315 272 350 μητρὶ,
289 317 338 343 καὶ
355 317 416 344 τότε
440 319 525 347 πολλὰ
539 321 589 355 μὲν
602 322 652 357 ἐμὲ
664 323 711 349 τοῦ
731 324 817 359 μικρὰ
833 326 900 361 περὶ
913 315 963 361 τηέ

175 359 308 389 λικούτων
332 364 441 391 εἰπεῖν*
472 365 557 393 πολλὰ
588 367 616 394 δὲ
646 369 746 395 σαυτὸν
774 370 820 396 τοῦ
848 371 963 403 πένθους

176 407 305 444 αἰτιάσῃ·
322 409 386 436 οἴων
412 410 503 438 καλῶν
534 413 662 446 κάγαθῶν
692 416 758 450 ἡμῖν
794 417 962 453 κατωδύρου.

181 451 264 480 Ἀλλά
282 462 315 488 με
329 453 432 487 λοιπὸν,
450 453 472 482 ὧ
494 457 603 492 φίλτατε
619 460 718 496 πάτερ,
736 461 839 497 χαίρων
859 463 892 489 ἔα
904 451 962 490 -καὶ

176 498 325 537 πρόπεμπε
338 509 344 515 ·
362 501 431 536 μηδὲ
445 503 525 530 πλέον
540 505 671 541 κατέχῃς,
697 507 740 533 ἵνα
757 508 794 543 μὴ
814 509 895 536 πλέον
912 510 962 545 ζη-

179 543 294 581 μιώσῃς,
313 547 416 573 autem
439 548 519 575 τοῦτο
544 551 650 586 πικρῶς
678 552 803 588 ἀνιάσῃς.
819 555 850 580 Εἰ
876 543 963 583 ταῦτα

176 588 205 614 δὲ
220 589 268 615 καὶ
286 591 398 618 τοιαῦτα
414 592 496 628 ἕτερα
510 594 541 621 τὺ
562 596 697 630 μακάριον
713 598 801 624 ἐκεῖνο
815 598 962 635 θυγάτριον

175 633 292 669 διεξῄει,
311 633 356 670 ἆρ’
379 638 429 663 οὐκ
447 639 480 665 ἂν
508 639 680 676 δυσωπηθεὶς
704 644 750 670 καὶ
775 644 821 670 τὸν
847 633 963 681 ὀδυρμόν

176 679 278 706 ἀπέθου
295 682 341 708 καὶ
352 683 456 718 χαίρων
475 685 625 720 χαίρουσαν
638 688 748 714 ἀπιέναι
762 679 940 724 προέπεμπες
953 700 962 725 ;

176 721 242 749 Εῐτα
258 724 292 751 ἃν
309 726 358 760 μὲν
375 727 391 762 ὴ
416 729 482 760 παῖς
495 729 581 756 ταῦτα
603 730 681 767 λέγῃ,
699 721 820 766 βελτίους
843 721 962 769 ἐσόμεθα

176 769 223 794 καὶ
236 771 300 801 τοὺς
315 771 430 807 θρήνους
442 774 652 810 ἀποῤῥίψομεν;
672 777 706 803 ἂν
719 777 741 803 δ’
755 778 769 804 ὁ
784 778 874 810 κοινὸς
893 779 963 805 Πλά-

140 827 144 831 ·
175 821 241 849 στης
256 816 303 842 καὶ
315 817 453 853 Δεσπότης
468 819 517 855 βοᾷ
529 829 536 834 ·
559 821 585 847 'O
603 823 754 849 πιστεύων
769 825 814 856 εις
829 824 891 857 ἐμὲ,
904 824 962 852 κᾶν

173 859 308 895 ἀποθάνῃ
319 861 438 896 ζήσεται
449 872 457 879 ⁸
478 866 528 892 καὶ
544 866 562 892 ὅ
579 875 612 893 τε
624 867 792 902 ἡτοίμασεν
809 869 872 902 τοῖς
886 870 961 905 ἀγα-

173 904 273 932 πῶσιν
288 908 392 942 αὑτὸν,
409 909 428 936 d
446 910 599 945 ὀφθαλμὸς
615 913 671 940 οὐκ
683 912 754 946 εἶδε,
769 915 818 942 καὶ
832 913 888 948 οὖς
905 904 961 944 οὐκ

172 950 300 986 ἤκουσε,
314 954 365 982 καὶ
388 954 438 982 ἐπὶ
463 957 590 991 καρδίαν
612 958 770 992 ἀνθρώπου
785 961 840 988 οὐκ
854 961 960 996 ἀνέϐη·

170 997 209 1028 ὡς
228 997 407 1032 ἀπιστοῦντες
433 1002 510 1029 οὐδὲν
535 1002 649 1038 ἄμεινον
675 1004 886 1040 διακεισόμεθα,
902 1006 959 1034 ἀλλ’

172 1042 218 1068 ἐπὶ
235 1043 316 1070 πλέον
333 1045 523 1082 θρηνήσομενς
542 1048 597 1076 Καὶ
614 1049 666 1076 ποῦ
680 1049 762 1077 τοῦτο
786 1051 887 1084 καλόν;
907 1051 960 1079 ποῦ

171 1087 200 1114 δὲ
216 1087 338 1121 δίκαιον;
355 1090 408 1117 ποῦ
424 1091 453 1118 δὲ
477 1092 618 1128 λογισμῶν
642 1095 727 1129 ἐγγὺς
742 1096 898 1131 ἑστηκότων
912 1097 959 1124 τοῦ

171 1133 324 1168 πρέποντος
354 1135 370 1171 ἢ
401 1137 605 1173 συμφέροντος;
633 1138 697 1167 Εἶτα
724 1141 783 1168 οὐδὲ
808 1142 858 1177 τὴν
890 1143 960 1179 ¹ἐμὴν

170 1179 287 1216 αἰσχύνῃ
314 1182 507 1217 κοσμιωτάτην
534 1183 655 1219 νύμφην,
678 1186 719 1218 εἰς
732 1186 767 1212 τὰ
782 1186 837 1213 τῶν
854 1187 958 1223 θηλέων

169 1223 276 1259 δάκρυα
291 1225 322 1251 τὸ
336 1226 496 1262 ἀρρενωπὸν
511 1228 627 1264 διαχέων
653 1230 700 1257 καὶ
715 1232 937 1268 καταφερόμενος
947 1242 955 1249 ·

169 1269 229 1296 οὐδὲ
243 1270 322 1308 φείδῃ
348 1271 397 1306 τῆς
415 1273 573 1306 γυναικείας
598 1275 750 1309 ἀσθενείας,
776 1277 832 1304 οὐδ’
859 1278 876 1313 ἡ
892 1279 956 1314 περὶ.

168 1314 254 1350 αὐτὴν
269 1315 381 1351 εὔλογος
403 1319 561 1353 συμπάθεια
586 1321 633 1347 καὶ
648 1321 786 1358 ὠφέλιμος
800 1323 849 1360 τὴν
865 1326 956 1361 παρά-

168 1359 249 1394 λογον
263 1361 367 1389 διαλύει
384 1364 432 1390 καὶ
450 1365 622 1401 ἀσύμφορον.
637 1367 670 1393 El
690 1368 745 1403 γὰρ
768 1368 874 1403 ἄνδρες,
892 1359 958 1406 παρ’

169 1402 207 1432 ὧν
220 1408 280 1438 ταῖς
292 1408 415 1440 γυναιξὶν
427 1410 443 1444 ἡ
455 1410 616 1446 ἀνάκτησις,
631 1412 675 1439 ίσα
687 1414 808 1447 γυναίοις
819 1415 957 1450 κόψονται⁸

168 1452 194 1477 τί
207 1451 238 1478 τὸ
251 1453 315 1488 περὶ
328 1453 412 1485 αὑτὰς
426 1454 521 1488 Eant;
534 1456 615 1483 πόθεν
629 1458 660 1484 τὺ
671 1459 847 1494 παραμύθιον
854 1460 956 1495 ἓξουσι;

168 1497 278 1529 τίναςδὲ
291 1500 497 1534 παραινέσομεν
511 1501 551 1532 εἰς
562 1503 711 1538 καρτερίαν
723 1505 878 1539 μιμεῖσθαι,
888 1507 957 1542 πρὸς
970 1509 992 1538 c

166 1543 244 1575 τίνας
253 1544 377 1579 ἀφορᾷν;
392 1545 459 1572 ἀλλὰ
477 1546 514 1582 μὴ
529 1547 562 1574 σύ
579 1556 622 1581 γε,
638 1550 706 1584 μηδὲ
718 1551 831 1577 σεαυτοῦ
848 1552 955 1585 ἀνάξιον

168 1589 277 1622 πάθοις,
294 1591 362 1626 μηδὲ
377 1591 424 1618 τοῦ
439 1593 546 1626 γένους,
563 1594 608 1622 ῐνα
621 1603 648 1622 τι
665 1595 712 1622 καὶ
726 1596 773 1623 τοῦ
794 1598 890 1634 καιροῦ
911 1607 957 1633 φι-

166 1635 351 1672 λοτιμὼτερον
368 1637 449 1669 ετπω,
466 1639 543 1666 νόθον
559 1640 606 1667 καὶ
625 1641 778 1676 ἀλλότριον.
798 1643 845 1678 Μὴ
861 1643 893 1680 δὴ
907 1644 955 1671 τοῦ

167 1680 250 1708 καλοῦ
267 1682 348 1709 πλέον
364 1683 404 1714 εἰς
418 1684 543 1719 οἰμωγὰς
558 1685 751 1721 ἐκφερώμεθα,
769 1688 838 1723 μηδὲ
859 1697 956 1723 γυναι-

166 1727 309 1763 κιζώμεθα
329 1728 368 1763 τῷ
400 1729 483 1756 πάθει
509 1730 605 1766 ἄνδρες
629 1733 765 1768 πολλαχοῦ
792 1735 821 1760 ὲν
849 1735 957 1767 πολλοῖς

168 1772 217 1798 καὶ
231 1773 434 1807 χαλεπωτάτοις
457 1778 622 1812 πειρασμοῖς
638 1778 834 1813 ἀναφανέντες.
855 1781 956 1808 Ἐλασε

167 1816 235 1850 πρὸς
265 1818 361 1844 ἑαυτὸν
381 1819 396 1845 ὸ
421 1819 547 1854 Πλάστης
570 1820 602 1847 τὸ
630 1822 758 1857 πλάσμα·
785 1824 842 1850 ἀλλ’
871 1825 968 1852 ἔδωκε’

167 1861 275 1893 πλείους
299 1858 338 1889 ὧν
358 1864 452 1898 ἀφεῖλε
472 1865 531 1900 (καὶ
547 1866 642 1902 είησάν
655 1875 688 1902 γε
712 1869 759 1895 ἐπὶ
784 1870 956 1905 μακρότατον

167 1904 197 1933 εὖ
212 1906 343 1941 βιοῦντες,
351 1910 398 1936 καὶ
408 1911 471 1942 τοὺς
479 1911 816 1950 τεκόνταςεύφραίνοντες)
824 1904 898 1948 υίοὺς
909 1916 957 1943 καὶ

167 1954 332 1990 θυγατέρας.
351 1957 441 1984 Λυπεϊ
454 1958 483 1984 τὺ
505 1959 661 1994 παρελθόν
681 1961 906 1997 εὐφραινέτωπαν
931 1964 955 1990 οι

166 2001 318 2036 παρόντες·
345 2002 588 2039 εύχαριστήσωμεν
614 2005 684 2041 ὑπὲρ
704 2003 742 2033 ὧν
771 2008 893 2043 ἀφεῖλεν,
911 2009 955 2037 ἴνα

165 2043 206 2078 οἷς
222 2047 368 2082 ἐχαρίσατο
379 2049 486 2085 χαίρειν
500 2051 548 2077 καὶ
562 2051 744 2085 ἀγαλλιᾶσθαι
756 2053 869 2088 βεὸαίαν
885 2054 955 2091 ἔχω-

167 2099 218 2125 μεν
244 2093 294 2128 τὴν
313 2094 475 2122 ἀπόλαυσιν.
502 2097 593 2124 Καλὸν
622 2097 696 2134 ἔχειν
719 2099 758 2135 τῷ
786 2100 835 2136 βίῳ
859 2102 955 2136 γένους

165 2136 323 2172 διαδόχους·
347 2139 465 2176 ἔχομεν’
490 2143 572 2170 καλὸν
599 2145 733 2180 παρέχειν
760 2147 888 2182 ἀπαρχὰς
915 2149 954 2185 τῷ

166 2182 248 2217 κοινῷ
266 2183 395 2221 Πλάστῃ,
422 2187 469 2212 καὶ
485 2188 539 2214 τῶν
569 2189 679 2222 ἀγαθῶν
707 2192 836 2219 ἁπάντων
857 2182 953 2230 δοτῆρι

166 2227 396 2264 προσηνέγκαμεν
406 2237 414 2244 '
431 2231 496 2266 πρὶν
515 2233 564 2267 μὲν
580 2234 678 2269 ἄδηλον
686 2233 720 2271 ἦν
734 2237 807 2269 τίνες
820 2238 874 2265 τῶν
887 2227 952 2266 παί-

163 2271 216 2298 δων
232 2273 271 2304 εις
295 2273 423 2309 ἀπαρχὰς
438 2276 509 2311 Θεῷ,
524 2278 597 2310 τίνες
612 2279 640 2305 δὲ
652 2281 692 2312 είς
714 2281 840 2318 διαδοχὴν
857 2285 954 2318 γένους

163 2317 381 2353 λογισθήσονται.
403 2321 461 2348 Νῦν
488 2321 517 2348 δὲ
535 2323 568 2350 ἂν
598 2325 679 2359 μόνον
704 2317 873 2363 εὐχαρίστως
903 2317 952 2366 τὴν

163 2362 291 2398 ἀπαρχὴν
313 2364 442 2399 οῖσωμεν,
469 2367 562 2394 οὐκέτι
581 2369 610 2395 ὲν
635 2369 745 2406 ἀδήλοις
765 2362 813 2404 τὰς
840 2362 951 2408 ἐλπίδας

164 2409 342 2446 σαλεύσομεν,
360 2412 418 2439 ἀλλ’
434 2413 513 2450 ἐντῷ
529 2414 630 2452 βεϐαίῳ
649 2419 807 2453 πεπηγότες
820 2421 950 2457 ἐσόμεθα.

162 2455 230 2482 Οὐδὲ
244 2465 309 2483 ποτε
333 2458 423 2485 λαϐὼν
450 2461 480 2486 ού
509 2462 628 2498 παρέσχε
656 2455 885 2502 φιλοτιμότερον-θ
907 2470 951 2497 ἀεὶ

160 2500 189 2527 δὲ
210 2503 348 2536 μεγίστοις
364 2505 411 2531 καὶ
434 2506 607 2539 ἀνελπίστοις
623 2508 736 2542 ἀγαθοῖς
759 2512 794 2538 τὰ
817 2500 951 2549 ἐλάχιστα

160 2547 343 2582 διαμείϐεται.
369 2550 400 2577 Εἰ
422 2551 450 2578 δὲ
478 2552 598 2588 θρήνοις,
624 2555 663 2587 ὡς
687 2547 950 2594 ἀδικούμενος-τὰς

161 2591 289 2627 ἀπαρχὰς
313 2594 532 2631 καθυϐρίσωμεν,
559 2598 617 2625 ἀλλ’
639 2600 695 2633 ἐγὼ
722 2601 773 2636 μὲν
786 2591 871 2631 ὀὑδιν
893 2591 949 2643 ἐρῶ

160 2637 301 2673 δυσχερὲς,
324 2640 386 2666 ἐπεὶ
405 2642 467 2677 μηδ’
490 2643 563 2678 ὑμᾶς
578 2644 680 2678 ἐλπίζω
696 2647 743 2673 τοῦ
760 2648 856 2676 λοιποῦ
879 2637 949 2687 θρή-

159 2691 222 2715 νους
237 2684 285 2711 καὶ
300 2685 388 2718 λύπας
412 2688 459 2715 καὶ
472 2689 585 2717 τοιαῦτα
601 2691 688 2726 πάθη,
703 2692 722 2719 ἃ
734 2693 782 2720 τοῦ
801 2695 948 2733 δυσχεροῦς

161 2729 235 2756 ὲοτιν
250 2730 334 2764 αἰτία,
350 2733 572 2767 περιϐάλλεσθαι.
589 2736 640 2771 Είη
653 2737 681 2764 δέ
699 2747 744 2774 μοι
763 2741 810 2768 καὶ
827 2729 946 2773 :36:on

197 2822 230 2838 "'
242 2822 322 2852 Joan.
335 2832 374 2857 ιι,
391 2823 436 2852 24.
475 2827 498 2844 η
516 2827 526 2854 Ι
541 2827 604 2857 Cor.
622 2839 652 2865 ir,
667 2833 694 2862 9.

1013 237 1181 273 loqueretur,
1210 249 1302 270 annon
1318 251 1457 278 permotus
1473 247 1535 275 inde
1547 250 1663 284 gemitus
1672 252 1806 288 abigeres,

1013 288 1040 311 et
1058 284 1135 312 laetus
1155 286 1243 313 laetam
1260 288 1335 316 abire
1356 291 1547 324 permitteres?
1568 294 1671 324 Deinde
1694 284 1732 324 εἰ*
1745 298 1800 326 tilia

1013 329 1071 356 haec
1088 329 1201 362 diceret,
1221 339 1256 358 an
1279 333 1383 361 meliori
1405 340 1478 363 statu
1498 338 1611 373 erimus,
1634 344 1662 367 et
1684 341 1801 370 lamenta

1013 374 1185 408 rejiciemns?
1210 377 1252 404 sin
1277 380 1428 408 communis
1445 382 1585 416 Conditor,
1614 390 1642 412 et
1670 386 1802 415 Dominus

1013 420 1111 447 clamet
1126 431 1133 448 :
1149 421 1200 454 Qui
1214 423 1294 450 credit
1312 425 1340 451 in
1350 434 1400 458 me,
1412 428 1515 455 etiamsi
1532 431 1658 458 morietur
1671 433 1736 459 vivet
1748 434 1781 449 ¹¹¹
1795 443 1803 466 ς

1014 470 1037 492 et
1053 467 1098 500 qui
1121 468 1280 501 preparavit
1305 470 1473 504 diligentibus
1494 482 1531 505 se,
1554 483 1613 509 qua:
1635 477 1728 504 oculus
1752 485 1803 504 non

1013 510 1088 542 vidit,
1104 519 1150 538 nec
1160 513 1234 540 auris
1254 514 1366 546 audivit,
1387 523 1432 543 nec
1453 518 1479 543 in
1498 526 1541 545 cor
1569 520 1682 548 hominis
1710 531 1803 550 ascen-

1013 555 1101 589 dit";
1134 561 1262 592 tanquam
1281 559 1403 588 inﬁdeles
1416 561 1501 598 nihilo
1525 564 1627 592 erimus
1656 567 1800 600 meliores,

1013 605 1041 628 et
1076 602 1137 636 plus
1173 603 1345 632 delebimus?
1375 607 1421 634 ubi
1455 607 1574 641 bonum,
1601 610 1720 644 justum,
1756 613 1801 639 ubi

1013 645 1233 676 ratiocinationes
1260 651 1414 684 conjuncta:
1434 660 1496 680 cum
1518 654 1624 682 decenti
1646 660 1694 683 aut
1722 657 1803 684 utili!

1013 691 1144 726 Ulterius,
1156 702 1247 722 nonne
1263 697 1344 730 pudet
1357 699 1558 727 ornatissimam
1571 709 1657 731 meam
1674 710 1801 737 sponsam

1012 737 1117 765 virilem
1132 740 1316 768 conditionem
1333 742 1359 769 in
1375 744 1521 772 muliebres
1541 746 1673 782 lacrymas
1699 748 1801 776 diﬁ‘un-

1018 782 1107 811 dendo
1135 788 1163 811 et
1189 785 1329 819 irruendo,
1345 788 1470 817 feminea:
1493 790 1684 820 imbecillitatis
1707 801 1801 822 curam

976 840 998 867 Β
1013 829 1149 862 omittere.
1169 839 1204 858 ne
1228 833 1396 861 rationabilis
1424 840 1452 862 et
1472 837 1629 865 conducens
1649 840 1801 874 eompassio

1012 873 1127 909 dissipet
1155 874 1344 906 irrationalem
1367 883 1394 907 et
1406 879 1540 908 inutilem.
1554 882 1583 910 Si
1599 883 1661 915 viri,
1678 873 1802 919 poi-quos

1011 915 1119 944 feminze
1138 917 1290 952 ﬁrmantur,
1312 930 1366 950 non
1383 924 1474 952 minus
1494 933 1575 960 quam
1593 926 1702 955 feminae
1725 929 1802 963 plan—

1011 966 1087 996 gunt,
1102 963 1173 991 unde
1186 964 1238 992 illa:
1255 966 1377 995 solamen
1393 970 1556 1004 acquirent?
1571 979 1640 1006 quos
1652 973 1802 1002 laudandos

1012 1014 1196 1042 proponemus
1216 1011 1251 1038 ob
1274 1014 1464 1042 strenuitatem
1487 1016 1651 1046 imitandos?
1675 1019 1708 1046 ad
1732 1028 1801 1055 quos

1010 1054 1206 1089 respiciemus?
1221 1055 1320 1085 Verum
1337 1060 1392 1087 noli
1414 1065 1443 1088 tu
1467 1062 1615 1099 quidquam
1638 1069 1664 1092 te
1683 1054 1801 1100 ipsoivel

1009 1107 1109 1134 genere
1121 1105 1167 1128 tuo
1181 1102 1321 1139 indignum
1339 1107 1454 1141 perpeti,
1466 1112 1524 1142 aut,
1536 1114 1565 1136 ut
1580 1110 1665 1146 magis
1678 1112 1806 1146 tempori

1010 1152 1161 1181 congruum
1180 1147 1285 1182 dixero,
1303 1150 1488 1180 adulterinum
1505 1163 1511 1181 :
1528 1154 1555 1181 in
1572 1155 1674 1183 luctum
1685 1164 1721 1184 ne
1731 1157 1801 1185 ultra

1010 1190 1138 1219 decorum
1156 1193 1314 1229 etferamus,
1340 1205 1391 1225 nec
1414 1205 1476 1226 cum
1499 1199 1550 1228 viri
1575 1208 1681 1235 sumus,
1704 1203 1801 1231 mulie-

1009 1236 1094 1264 briter
1107 1239 1259 1273 passionem
1274 1241 1406 1276 feramus,
1422 1251 1485 1272 cum
1507 1247 1646 1276 multoties
1665 1251 1757 1278 multis
1771 1253 1799 1279 in

1010 1283 1075 1311 locis
1090 1284 1173 1313 fortes
1184 1294 1235 1315 nos
1254 1289 1460 1323 praestiterimus
1473 1300 1480 1318 :
1493 1290 1590 1327 Opife;
1608 1294 1643 1322 ad
1660 1302 1690 1323 se
1708 1299 1799 1325 trans-

1010 1329 1071 1356 tulit
1087 1331 1243 1366 opiﬁcium;
1275 1335 1322 1362 sed
1343 1335 1402 1369 plus
1427 1337 1502 1365 dedit
1524 1346 1604 1373 quam
1621 1340 1733 1370 abstulit
1748 1352 1755 1370 :
1772 1349 1801 1371 et

1009 1376 1157 1405 subsistant
1177 1386 1272 1413 precor
1285 1380 1331 1408 diu
1347 1382 1480 1415 viventes,
1505 1388 1533 1411 et
1553 1391 1682 1420 parentes
1701 1389 1799 1424 gaudio

1008 1422 1158 1452 allicientes
1177 1425 1224 1453 ﬁlii
1237 1427 1282 1454 alii
1304 1428 1420 1463 ﬁliaeque
1435 1438 1442 1456 :
1459 1430 1533 1459 dolet
1552 1433 1625 1467 quod
1651 1422 1798 1469 praeteriit;

1009 1468 1101 1497 laetitia
1113 1470 1232 1499 afﬁciant
1242 1479 1400 1508 praesentes,
1412 1476 1512 1510 gratias
1523 1477 1558 1505 de
1568 1468 1664 1507 ablatis
1678 1488 1798 1516 agamus,

1010 1520 1039 1543 ut
1052 1517 1184 1545 stabiliter
1198 1518 1321 1546 fruamur
1343 1521 1376 1548 iis
1393 1529 1461 1556 quos
1487 1522 1631 1558 habemus,
1651 1525 1741 1560 deque
1765 1528 1800 1555 iis

1007 1562 1135 1597 gaudium
1162 1568 1190 1591 et
1212 1565 1421 1595 exsultationem
1447 1568 1596 1598 habeamus
1620 1580 1628 1598 :
1653 1572 1798 1607 pulchrum

1006 1611 1049 1635 est
1072 1615 1245 1638 successuros
1269 1612 1419 1646 possidere,
1435 1614 1799 1652 possidemus:prarclarum

1006 1657 1049 1680 est
1065 1654 1200 1688 primitias
1210 1655 1329 1691 largitori
1339 1666 1502 1688 consecrare
1523 1666 1551 1689 et
1562 1663 1686 1690 omnium
1697 1664 1798 1698 datori,

1006 1700 1078 1734 quod
1094 1700 1218 1735 fecimus,
1234 1703 1344 1731 olferre.
1358 1704 1496 1734 Incertum
1511 1708 1588 1742 prius
1603 1714 1672 1742 erat,
1694 1718 1764 1745 quos
1782 1720 1798 1738 e

1006 1744 1098 1773 liberis
1115 1746 1170 1774 Deo
1190 1748 1323 1782 primitias
1339 1750 1414 1783 dare,
1435 1759 1504 1786 quos
1529 1754 1638 1788 generis
1657 1744 1798 1784 destinare

1006 1792 1170 1820 successioni
1187 1799 1335 1828 oporteret.
1364 1796 1442 1824 Nune
1459 1798 1482 1825 si
1497 1803 1638 1834 gratanter
1665 1802 1798 1835 primitias

1006 1835 1173 1870 dederimus,
1190 1846 1246 1865 non
1270 1839 1341 1867 inter
1368 1841 1473 1870 incerta
1490 1845 1629 1873 vacillabit
1652 1853 1726 1881 spes,
1747 1849 1794 1876 sed

1007 1880 1119 1908 immoto
1132 1882 1160 1908 in
1175 1886 1247 1910 statu
1261 1883 1341 1911 defixi
1362 1885 1466 1914 erimus
1481 1896 1488 1914 :
1502 1886 1575 1916 Deus
1593 1880 1731 1924 nunquam
1753 1899 1798 1919 ac-

1006 1926 1088 1961 cepit,
1102 1927 1168 1962 quin
1189 1929 1305 1964 amplius
1322 1930 1466 1966 largiatur;
1486 1940 1595 1968 semper
1617 1936 1659 1962 vel
1686 1936 1798 1964 minima

1006 1971 1130 1999 maximis
1141 1977 1168 2000 et
1179 1973 1326 2008 insperatis
1336 1975 1417 2004 bonis
1428 1983 1597 2006 remunerat.
1612 1979 1659 2007 Sin
1672 1981 1796 2015 planctu,

1006 2020 1036 2043 ut
1051 2017 1148 2052 injuria
1163 2019 1252 2046 aﬁ'ecti
1267 2020 1400 2054 primitias
1410 2022 1606 2052 dedecoremus
1620 2034 1627 2051 ε
1639 2034 1797 2062 quanquam

1006 2062 1074 2090 nihil
1103 2071 1153 2099 ego
1177 2065 1300 2100 proloqui
1328 2066 1477 2095 infaustum
1506 2070 1599 2102 velim,
1620 2072 1723 2106 quippe
1749 2073 1796 2107 qui

1006 2115 1110 2142 sperem
1125 2113 1151 2135 te
1165 2108 1199 2136 de
1214 2115 1312 2137 εἱειεινο
1333 2112 1434 2139 nullam
1458 2113 1537 2140 talem
1563 2114 1735 2149 passionem,
1755 2117 1796 2144 la-

1006 2160 1106 2187 menta,
1124 2163 1267 2183 moerorem
1281 2157 1464 2186 admissurum
1475 2180 1482 2191 ,
1499 2159 1571 2187 unde
1586 2160 1698 2189 infausti
1715 2163 1796 2197 quid-

1006 2207 1087 2234 quam
1107 2206 1288 2235 procuretur:
1306 2203 1372 2231 mihi
1389 2203 1495 2231 Numen
1511 2209 1539 2232 et
1561 2213 1609 2240 spe
1626 2210 1654 2233 et
1668 2207 1795 2244 sull‘ragio

1002 2244 1107 2279 faveat;
1120 2246 1193 2274 favet
1203 2251 1306 2280 autem,
1320 2253 1348 2276 et
1359 2249 1511 2276 libertatem
1522 2250 1650 2286 loquendi
1658 2253 1795 2286 concedit,

1002 2294 1029 2318 te
1043 2291 1076 2318 ab
1089 2292 1172 2319 animi
1197 2301 1314 2321 maerore
1340 2294 1368 2321 in
1391 2295 1539 2330 gratiarum
1567 2297 1704 2325 actionem
1728 2306 1795 2326 con—

1001 2344 1090 2369 verso,
1108 2337 1222 2371 plurima
1236 2346 1297 2365 cum
1313 2340 1425 2374 antiqua
1453 2347 1510 2367 tum
1527 2343 1647 2369 recentia
1657 2344 1794 2378 exempla,

1000 2390 1061 2417 quae
1077 2383 1199 2411 solamen
1214 2384 1341 2418 aﬁ‘erant,
1359 2391 1557 2421 reprmsentare
1575 2395 1698 2422 possum.
1722 2388 1794 2421 Quin

1001 2433 1031 2455 ut
1044 2428 1115 2463 quod
1131 2437 1175 2457 res
1191 2434 1233 2457 est
1247 2430 1347 2462 dicam,
1363 2436 1417 2458 tota
1431 2432 1573 2459 hominum
1587 2433 1641 2460 vita
1655 2433 1737 2468 hujus
1749 2438 1793 2461 est

1000 2475 1170 2509 exemplum,
1200 2484 1282 2511 quam
1307 2478 1470 2513 cogitatione
1499 2487 1687 2507 rcmemorans
1714 2480 1794 2508 facile

999 2519 1178 2554 dejectionem
1192 2530 1300 2550 onmem
1313 2524 1467 2551 amolietur.
1487 2524 1573 2559 Majas
1585 2525 1675 2553 adhuc
1685 2526 1791 2559 dixero,

999 2569 1027 2592 ct
1053 2566 1223 2594 tremendum
1249 2568 1330 2601 illud;
1357 2569 1390 2596 ad
1410 2577 1480 2604 quos
1506 2570 1625 2605 pertinet
1643 2571 1788 2599 defunctos

999 2611 1157 2645 deplorare?
1174 2612 1218 2640 hic
1230 2613 1287 2648 ipse
1301 2622 1354 2641 non
1368 2615 1468 2647 dicam,
1485 2616 1532 2643 sed
1547 2618 1621 2644 orbis
1633 2624 1788 2651 praeconem

998 2658 1141 2692 compello,
1159 2664 1189 2685 ut
1205 2667 1272 2687 voce
1287 2668 1336 2687 sua
1348 2662 1474 2689 enuntiet
1495 2662 1608 2690 caeleste
1623 2663 1764 2689 decretum
1781 2671 1788 2689 :

997 2702 1036 2729 De
1059 2705 1248 2732 dormientibus
1272 2707 1332 2734 nolo
1353 2715 1397 2735 vos
1411 2708 1541 2743 ignorare,
1565 2710 1662 2744 fratres
1679 2718 1686 2736 :
1703 2714 1731 2735 ut
1757 2716 1790 2736 ιω

997 2748 1108 2777 tristitia
1124 2759 1167 2779 uos
1182 2752 1220 2779 ita
1235 2753 1396 2788 afﬁciemini,
1410 2755 1631 2790 quemadmodum
1646 2759 1670 2781 et
1686 2754 1787 2788 ca'teri,
