1931 3080
146 121 200 152 985

723 112 996 145 EPISTOLARUM
1010 110 1127 142 LIBER
1141 109 1200 140 Ill.

1722 103 1775 137 986

146 176 284 212 πατρίδος,
296 175 343 202 καὶ
351 174 486 202 πλανᾶται
499 172 570 200 κατὰ
577 171 681 207 τροφῆς
689 171 804 206 ζήτησιν
816 170 831 197 ὸ
846 169 935 203 κέφα-

989 168 1095 196 oberrat
1116 166 1206 202 capite
1227 165 1261 194 ad
1281 165 1459 200 quaerendum
1477 165 1586 197 cibum;
1600 171 1690 199 neque
1710 169 1774 192 tunc

146 224 201 255 λος,
216 222 272 249 οὐδ’
288 222 374 253 οὕτως
389 220 465 255 αὐτῷ
479 220 515 246 τὰ
539 219 589 255 τῆς
615 218 743 254 πατρίδος
761 216 931 252 παραλύεται

146 270 262 304 νόμιμα,
282 267 350 294 ἀλλὰ
381 265 430 292 καὶ
446 265 618 300 μετανάστης
645 264 801 297 γενόμενος,
817 261 866 288 καὶ
885 261 934 295 τῆς

145 314 249 350 τροφῆς
263 313 296 340 ἂν
311 311 383 339 οὕτω
394 311 471 346 τύχοι
495 310 549 346 πρὸ
561 310 615 336 τῶν
629 308 777 343 ὀφθαλμῶν
803 307 934 338 πολλάκις

147 359 323 394 ἐγκειμένης,
336 357 382 384 καὶ
393 357 439 383 τοῦ
446 356 525 391 λιμοῦ
540 355 620 382 λῦσαι
636 354 699 386 τοὺς
706 354 806 388 νόμους
814 354 934 387 ἐπαναγ-

146 403 286 436 κάςοντος,
300 401 362 428 οὔτε
372 401 412 437 τῷ
427 401 583 435 φαινομένῳ
598 399 765 432 δελεάζεται,
781 398 839 425 οὗθ’
853 398 934 424 ὑπεί-

146 459 189 477 κει
219 449 258 485 τῷ
277 449 431 485 βιαζομένῳ
443 455 452 463 ·
465 447 524 474 ἀλλ’
544 447 582 478 ὡς
606 447 712 481 ἔφημεν
734 445 782 472 καὶ
809 444 864 480 πρὸ
884 444 934 478 τῆς

145 497 234 532 ὅψεως
254 496 417 531 ἐγκειμένου
441 494 488 521 τοῦ
506 493 674 529 θηράματος,
690 493 770 524 αὐτὸς
789 492 934 527 σωφρονεῖ,

149 544 197 569 καὶ
212 542 294 578 λιμοῦ
308 542 356 568 καὶ
371 541 489 576 γαστρὸς
502 540 550 567 καὶ
566 539 613 566 τοῦ
628 538 767 570 κινοῦντος
780 538 830 573 τὴν
845 537 935 573 ὖρεξιν

145 588 266 621 ἔξωθεν,
287 586 521 623 ὲπικρατεστὲραν
548 585 598 621 τὴν
624 585 745 620 ἔμφυτον
772 584 934 619 φιλοσοφίαν

146 634 324 661 ἐπιδείκνυσι.
340 634 379 660 Δι’
390 633 405 660 δ
423 633 456 660 ἂν
476 633 525 668 μὲν
538 632 579 658 ἑτι
592 633 625 667 ζῇ
650 631 682 658 τὸ
698 631 891 666 προκείμενον,
903 630 934 656 οὺ

147 680 270 714 φθείρειν
286 679 315 705 τὸ
325 678 460 714 ὁμόφυλον
474 677 649 712 ἀνεχόμενος,
663 676 789 711 οὐδαμῶς
801 677 851 711 τῆς
880 675 935 702 θοί-

146 733 195 759 νης
205 723 367 758 ἐφάπτεται.
381 724 430 750 Ἂν
443 722 471 749 δὲ
483 722 532 757 τῆς
545 721 616 756 ζωῆς
627 720 810 756 ἠρημωμένον
826 719 937 755 πρόκει-

146 779 203 803 ται,
223 769 262 805 τῷ
289 769 389 804 μηκέτι
421 768 490 800 δντι,
514 768 577 803 μηδ’
602 766 736 801 ἀλγηδόνα
759 765 935 799 λαμϐάνοντι,

147 817 237 851 τούτῳ
253 816 300 843 τοῦ
316 815 397 851 λιμοῦ
414 816 464 849 τὴν
477 814 538 850 βίαν
549 813 753 849 παραμυθεῖται
770 812 817 839 καὶ
830 811 937 838 διαλύε-

988 214 1023 241 ab
1034 220 1068 240 eo
1081 212 1225 239 solvuntur
1238 211 1332 246 patriae
1342 211 1417 246 jura;
1431 218 1527 238 verum
1541 210 1624 238 etiam
1639 209 1727 242 exsul,
1747 214 1775 236 et

984 265 1056 292 saepe
1070 257 1211 289 alimento,
1226 257 1249 284 si
1271 256 1308 284 ila
1328 263 1407 283 casus
1431 255 1534 287 tulerit,
1553 255 1588 282 ob
1605 254 1699 282 oculos
1724 261 1776 289 po-

984 304 1047 336 sito,
1063 311 1096 331 ac
1123 303 1194 330 fame
1207 302 1389 337 compellente
1410 301 1443 328 ad
1459 301 1642 340 ‘violationem
1665 300 1773 334 legum;

983 358 1074 385 neque
1093 358 1142 385 per
1163 350 1283 377 oblatum
1315 349 1436 379 illicitur.
1461 355 1549 382 neque
1569 347 1622 373 vim
1646 346 1775 374 inferenti

985 396 1067 428 cedit,
1086 396 1134 423 sed
1150 400 1230 430 prout
1241 394 1370 426 diximus,
1383 393 1465 420 etiam
1478 393 1570 428 praeda
1583 392 1611 419 in
1627 396 1775 426 conspectu

986 443 1091 478 posita,
1116 442 1174 477 ipse
1203 441 1341 472 abstinet,
1372 439 1535 474 insitamque
1573 437 1775 473 philosophiam

985 488 1107 516 ostendit
1119 492 1175 515 tum
1186 487 1257 514 fame
1270 491 1327 514 tum
1340 490 1435 513 ventre
1448 489 1506 512 tum
1517 492 1551 512 eo
1559 484 1631 520 quod
1643 491 1713 511 esca
1726 484 1776 510 de-

986 534 1117 562 siderium
1137 535 1308 562 extrinsecus
1323 537 1416 560 movet
1433 532 1583 560 fortiorem.
1599 530 1732 564 Quocirca
1752 529 1774 557 si

986 581 1076 609 adhuc
1089 580 1156 608 vivit
1165 580 1236 615 quod
1247 587 1308 608 sese
1321 579 1430 611 obtulit,
1444 586 1500 605 non
1512 577 1651 604 sustinens
1662 575 1775 612 perdere

986 627 1038 654 sibi
1053 634 1201 662 congener,
1217 625 1390 661 nequaquam
1402 625 1499 660 dapem
1514 623 1631 658 attingit.
1648 623 1697 650 Sin
1709 630 1777 649 vero

986 672 1050 700 vitae
1065 661 1164 708 expers
1178 661 1258 704 adsit,
1274 679 1323 707 per
1339 671 1366 698 id
1378 671 1450 706 quod
1469 678 1523 697 non
1540 669 1657 704 amplius
1669 673 1713 696 est
1725 676 1776 696 nec

986 716 1107 745 dolorem
1126 717 1219 749 sentit,
1238 716 1394 744 violentiam
1409 715 1489 743 famis
1509 715 1612 742 solatur
1633 722 1665 742 ac
1678 713 1777 741 dissol-

986 763 1035 790 vit.
1048 763 1145 798 Capito
1157 763 1249 797 itaque
1263 762 1356 798 piscis.
1371 769 1407 790 ne
1422 769 1506 790 sensu
1519 761 1630 796 quidem
1644 760 1776 788 destituta

988 808 1075 844 tangit
1092 816 1218 843 corpora,
1234 808 1286 835 nisi
1297 808 1375 835 valde
1388 811 1484 842 urgeat
1497 807 1585 834 fames
1596 810 1778 841 naturamque

150 870 207 888 ται.
220 848 250 887 l0
263 861 312 896 μὲν
322 848 368 887 οῦν
381 848 496 894 κέφαλος
508 859 523 885 ὁ
536 848 611 894 ἰχθὺς
625 848 685 884 οὐδὲ
696 857 750 883 τῶν
763 855 936 891 ἀναισθήτων

989 853 1088 882 vincat.
1098 853 1139 880 Tu
1153 861 1218 881 vero
1233 853 1281 888 qui
1295 853 1372 890 vivos
1387 853 1514 880 homines
1526 860 1588 880 cum
1602 851 1777 881 facultatibus

149 906 293 941 σωμάτων,
305 905 338 932 ἂν
362 906 398 940 μὴ
419 904 479 931 λίαν
495 905 510 930 ὸ
531 903 609 938 λιμὸς
623 902 779 936 ὲπιτίθηται
794 902 842 928 καὶ
867 902 932 937 νικᾷ.

147 953 196 987 τὴν
221 951 313 986 φύσιν,
332 950 465 986 οὐμενοῦν
478 950 508 976 οὐ
526 948 722 984 προσάπτεται.
738 947 773 973 Σὺ
789 946 818 973 δὲ
832 945 937 978 ζῶντας

148 996 308 1032 ἀνθρώπους
328 995 405 1027 ὅλους
419 995 515 1026 αὑταῖς
531 993 714 1030 περιουσίαις,
730 992 776 1019 καὶ
795 992 856 1018 τότε
871 1000 936 1027 τρυ-

149 1042 218 1076 φῶν.
235 1041 268 1068 Τί
276 1041 330 1076 γάρ
347 1049 381 1075 με
407 1041 448 1068 δεῖ
463 1040 554 1074 λέγειν
579 1039 716 1074 μηδεμιᾶς
733 1038 856 1072 ἀνάγκης
877 1038 937 1064 sm-

150 1087 280 1122 κειμένης
294 1094 303 1118 ;
321 1084 421 1120 ἀνέδην
435 1084 507 1111 οὓτω
523 1083 569 1111 καὶ
583 1083 652 1118 πρὸς
667 1082 754 1116 αὐτῆς
772 1082 820 1116 τῆς
835 1081 936 1117 πατρί-

150 1131 194 1163 δος
216 1131 376 1166 ὀφθαλμοῖς,
403 1130 501 1166 χανδὸν
525 1128 684 1157 καταπίνων
711 1128 758 1155 καὶ
780 1127 936 1163 ἀκορέστως

988 900 1045 928 suis
1070 900 1198 936 integros,
1219 900 1301 935 idque
1321 900 1392 927 inter
1409 899 1521 927 delicias
1536 898 1611 935 (quid
1634 899 1708 926 enim
1733 906 1778 927 me

988 950 1096 980 oportet
1107 945 1210 979 dicere,
1220 946 1295 973 nulla
1310 945 1492 980 compellcnte
1501 945 1665 972 neceSsitate
1671 944 1693 980 Τ)
1709 944 1778 972 adeo

989 991 1175 1026 impudenter,
1191 996 1219 1019 et
1233 999 1325 1019 coram
1340 991 1427 1026 ipsius
1439 991 1534 1026 patriae
1549 991 1646 1023 oculis,
1661 990 1779 1026 deglutis

989 1035 1126 1063 inbianter
1136 1040 1218 1071 atque
1230 1035 1442 1063 insaturabiliter
1454 1036 1579 1068 devoras,
1592 1043 1674 1071 quam
1687 1035 1715 1063 in
1726 1034 1779 1062 alia

989 1082 1046 1109 vita
1073 1082 1276 1109 excusationem
1299 1082 1441 1110 habiturus
1463 1090 1504 1115 es,
1519 1089 1581 1110 eum
1609 1090 1645 1109 ne
1672 1082 1699 1109 in
1726 1082 1779 1109 hac

990 1130 1101 1165 quidem
1117 1132 1207 1158 locum
1224 1131 1349 1158 invenias
1363 1135 1393 1158 ut
1407 1138 1468 1157 cum
1483 1129 1604 1165 piscibus
1616 1127 1780 1163 conferaris?

149 1178 387 1213 καταόοσκόμενος
414 1177 453 1214 (Δ)
481 1177 541 1204 τίνα
562 1176 641 1211 λόγον
665 1175 771 1202 ἐκεῖθεν
794 1173 876 1208 ἕξεις,
909 1176 953 1203 ὅτε
973 1177 1036 1212 μηδ’
1061 1178 1181 1205 ἐνταῦθα
1207 1177 1275 1214 πρὸς
1297 1177 1361 1208 τοὺς
1385 1175 1480 1212 ἰχθύας
1509 1175 1650 1210 εὑρίσκεις
1685 1173 1779 1209 χώραν

151 1223 373 1259 παραϐάλλεθαι;

451 1277 564 1305 ΕΠΙΣΤ.
578 1276 637 1304 ΞΖ’.

151 1325 223 1360 Περί
239 1326 293 1354 τοῦ
303 1326 347 1361 μὴ
366 1325 431 1352 δεῖν
454 1323 530 1361 πρὸς
555 1323 591 1361 τὰ
613 1321 712 1361 ὲτχτῷ
736 1321 796 1355 ,βίῳ
816 1322 938 1356 λυπηρὰ

396 1357 626 1394 ἐπιστρέφεσθαι
641 1357 691 1393 (5).

1269 1277 1378 1306 EPlST.
1399 1276 1504 1305 LXVII.

1027 1322 1102 1357 Quod
1128 1332 1180 1351 non
1194 1329 1312 1360 oporteat
1327 1327 1361 1352 ad
1374 1328 1513 1359 prmunm
1525 1323 1585 1350 vita:
1599 1321 1734 1349 molestias

1312 1360 1456 1386 attendere.

1312 1365 1456 1387 attendere.

811 1412 922 1438 Coteler.
934 1412 963 1445 (1.
975 1419 998 1440 c.
1007 1421 1033 1446 p.
1050 1415 1116 1448 106).

194 1468 308 1503 Ἀγαθὸν
322 1466 458 1503 ἀνθρώπῳ
471 1466 526 1502 βίος
539 1467 650 1499 ἄλυπος,
665 1465 783 1501 χαλεπὸν
793 1465 822 1492 δὲ
836 1467 937 1502 ωχετν,

1027 1469 1108 1497 Grata
1124 1477 1167 1497 res
1179 1468 1282 1496 homini
1298 1474 1348 1502 est,
1366 1469 1420 1497 vita
1434 1469 1493 1496 sine
1506 1468 1599 1497 dolore
1615 1468 1759 1503 tranquilla
1769 1487 1778 1500 .

154 1515 255 1551 μᾶλλον
270 1515 298 1542 δὲ
325 1515 382 1545 τοῖς
394 1522 426 1548 γε
444 1513 494 1548 τὴν
512 1513 603 1549 κρίσιν
617 1512 654 1548 μὴ
668 1511 777 1546 ἔχουσιν
793 1512 841 1538 ἀπ’
853 1513 940 1549 ὀρθῆς

151 1562 258 1597 διαίτης
275 1560 431 1596 προϊοῦσαν,
447 1559 587 1586 ἀδύνατον.
601 1556 649 1589 Οἷς
675 1558 724 1593 μὲν
744 1555 791 1584 οὖν
807 1558 938 1594 ἡδόμεθα,

151 1607 190 1641 τῷ
220 1607 354 1634 πλάσαντι
371 1606 419 1633 καὶ
433 1604 594 1640 χορηγοῦντι
607 1604 655 1640 τὴν
676 1602 822 1631 ἀνεύθυνον
844 1604 940 1641 ἡδονὴν

151 1653 242 1688 χάρις.
257 1654 290 1679 "A
319 1651 349 1678 δὲ
377 1651 528 1685 ἀνιώμεθα,
549 1652 577 1677 ὲν
602 1651 709 1682 ἑαυτοῖς
735 1651 809 1678 ἐστιν
837 1652 940 1686 εὑρεῖν,

152 1699 247 1734 ὥσπερ
262 1697 365 1725 τούτων
381 1698 410 1724 τὸ
425 1698 522 1729 αῐτιον,
539 1697 612 1723 οὕτω
627 1697 673 1725 καὶ
683 1698 714 1724 τὸ
726 1698 872 1732 φάρμακον
888 1698 940 1732 τῆς

154 1745 262 1776 ἰάσεως.
277 1744 318 1770 Τὰ
334 1743 388 1779 γὰρ
403 1743 516 1770 πλεῖστα
532 1742 586 1769 τῶν
603 1743 744 1778 λυπηρῶν.
757 1743 807 1769 οὐκ
818 1743 848 1775 ἐξ
875 1744 940 1770 ἐαυ-

152 1791 206 1817 τῶν
219 1790 268 1825 τὴν
278 1789 384 1824 πληγὴν
393 1788 500 1822 ἐπάγει,
517 1788 571 1815 ἀπὸ
587 1788 615 1815 δὲ
621 1789 670 1822 τῆς
678 1789 817 1823 ἡμετέρας
823 1789 941 1823 κρίσεως

152 1835 287 1870 λαμϐάνει
310 1834 340 1861 τδ
366 1834 504 1868 πλήττειν.
526 1834 678 1868 Ἐστερήθη
693 1842 735 1865 τις
757 1833 872 1861 πλούτου
889 1842 896 1866 ;
914 1834 940 1860 τί

153 1880 266 1906 δύναται
279 1880 295 1914 ὴ
310 1879 438 1914 στέρησις
447 1878 567 1912 λυπῆσαι
580 1886 587 1911 ;
604 1878 661 1904 ἀλλ’
671 1878 728 1912 ἐγὼ
747 1879 797 1913 τὴν
812 1879 940 1914 στέρησιν

153 1925 223 1961 βαρὺ
246 1923 348 1960 νομίζω
365 1931 372 1938 '
386 1924 466 1958 δῆλον
485 1924 522 1955 ὠς
545 1924 628 1955 αὐτὸς
650 1924 706 1958 ἐγὼ
720 1925 769 1951 καὶ
793 1924 842 1960 τὴν
865 1924 940 1951 οὐδὲν

153 1973 214 1999 κατ’
246 1971 314 2006 ἐμοῦ
353 1970 481 1998 κινοῦσαν
510 1970 614 2003 ὀπλίζω
638 1971 737 2006 πικρὸν
758 1971 867 2005 ἀφεῖναι
895 1978 940 2005 μοι

154 2017 240 2052 βέλος.
250 2017 278 2043 Ὀ
289 2017 338 2052 μὲν
355 2016 409 2052 γὰρ
419 2016 524 2050 φθόνος,
534 2017 551 2051 ἢ
563 2016 650 2043 κοινόν
659 2025 684 2043 τι
693 2015 796 2047 πόλεως
805 2015 821 2051 ἢ
839 2016 939 2054 πατρί-

151 2063 196 2094 δος
207 2062 306 2095 πάθος,
320 2063 408 2097 ῆᾶλλο
421 2062 473 2089 τῶν
486 2062 594 2095 ἔξωθεν,
611 2061 703 2097 ἴσχυσέ
716 2071 749 2097 με
766 2063 812 2088 καὶ
823 2063 861 2097 μὴ
877 2062 940 2096 βου-

153 2109 267 2143 λόμενον
291 2109 395 2144 πένητα
409 2109 520 2144 ποιῆσαι
538 2116 545 2123 ⁸
558 2108 678 2143 λυπῆσαι
696 2108 725 2134 δὲ
744 2108 822 2134 οὐδὲν
836 2108 939 2135 τούτων

152 2153 279 2189 οὐδαμῶς
300 2154 397 2181 οὐκᾶν
425 2154 567 2189 δυνηθείη,
583 2155 607 2181 εἰ
633 2154 670 2189 μὴ
695 2154 750 2188 ἐγὼ
780 2154 936 2190 βουλοίμην.

159 2200 239 2226 Ἀλλὰ
255 2200 377 2234 φίλτατοι
389 2200 485 2231 παῖδες
498 2200 658 2235 ἀπέστησάν
678 2209 723 2235 μοι
739 2200 793 2227 τῶν
817 2200 936 2232 κόλπων,

154 2246 201 2273 καὶ
215 2245 262 2277 οὓς
274 2244 344 2280 ὁρῶν
352 2245 455 2280 ήδόμην
468 2246 515 2272 καὶ
527 2245 575 2277 τὰς
585 2245 696 2277 ἐλπίδας
717 2247 805 2277 πάσας
820 2246 941 2281 ἀνῆπτον

152 2292 200 2318 τοῦ
213 2291 281 2326 βίον,
293 2288 368 2318 οὗτοι
382 2291 412 2318 τὸ
424 2291 512 2326 χρεὼν
520 2291 618 2327 ἀθρόον
635 2292 831 2326 ὑπῆλθον;οὺδ“
841 2293 942 2319 ἐκεῖνοι

154 2337 283 2372 πλήττειν
302 2336 405 2362 οἴδασιν
428 2336 506 2367 ὅλως,
523 2337 641 2371 μάλιστά
659 2345 692 2371 γε
716 2337 825 2370 φύσεως
847 2337 943 2373 ὥσπερ

154 2383 183 2408 ὲν
204 2383 236 2417 τῇ
258 2382 376 2416 γενέσει,
390 2381 461 2408 οὕτω
477 2383 528 2408 κάν
543 2383 576 2418 τῇ
593 2382 675 2418 ἐξόδῳ
697 2382 941 2418 λειτουργήσαντες

153 2429 255 2464 νόμοις.
278 2428 346 2455 Ἀλλ’
359 2428 416 2463 ἐγὼ
430 2428 494 2461 τοὺς
504 2429 539 2455 τὰ
550 2428 651 2464 ἔσχατα
666 2429 838 2465 ἠρεμοῦντας
852 2429 890 2461 ὡς
905 2431 936 2457 ὲν

992 1517 1039 1544 sed
1054 1517 1168 1544 obtentu
1183 1515 1310 1549 dillicilis,
1326 1515 1382 1543 imo
1401 1524 1433 1544 ex
1446 1515 1583 1543 sententia
1599 1523 1693 1543 eorum
1706 1522 1776 1551 quo-

992 1569 1051 1589 rum
1065 1561 1199 1595 judicium
1216 1569 1231 1588 a
1249 1566 1322 1588 recta
1339 1561 1444 1589 ratione
1464 1569 1520 1588 non
1537 1561 1656 1593 aberrat,
1675 1561 1780 1595 impos-

990 1608 1087 1636 sibilis.
1102 1607 1142 1636 0b
1160 1616 1191 1636 ea
1216 1616 1281 1643 ergo
1301 1608 1400 1643 quibus
1417 1608 1594 1640 delectamur,
1615 1607 1737 1635 Creatori
1750 1611 1779 1635 et

991 1654 1139 1689 voluptatis
1167 1655 1314 1690 inculpata:
1332 1654 1453 1689 largitori
1475 1654 1588 1689 gratiam
1612 1654 1777 1686 habeamus;

991 1700 1062 1728 circa
1086 1701 1225 1729 molestias
1246 1705 1349 1734 autem,
1374 1701 1401 1728 in
1426 1701 1505 1728 nobis
1528 1700 1651 1728 invenire
1679 1704 1732 1734 est,
1749 1705 1780 1728 ut

990 1753 1085 1773 earum
1107 1754 1228 1777 causam,
1248 1746 1284 1774 ita
1299 1748 1335 1774 ‘et
1359 1746 1509 1774 remedium
1537 1746 1571 1774 ad
1597 1746 1777 1774 curationem.

990 1790 1058 1817 Nam
1074 1790 1192 1818 tristium
1203 1791 1342 1826 pleraque,
1359 1798 1413 1817 non
1429 1798 1462 1818 ex
1475 1790 1572 1826 seipsis
1585 1791 1688 1825 plagam
1706 1789 1779 1817 infe-

991 1839 1065 1866 runt,
1083 1835 1130 1862 sed
1145 1843 1159 1862 a
1175 1839 1267 1862 nostra
1282 1834 1411 1870 opinione
1424 1835 1562 1870 accipiunt
1580 1835 1651 1870 quod
1668 1835 1777 1863 feriant.

991 1880 1117 1908 Privatus
1136 1886 1178 1909 est
1203 1881 1301 1916 aliquis
1322 1881 1528 1914 divitiis‘PQuid
1548 1886 1639 1916 potest
1662 1881 1779 1916 privatio

991 1926 1172 1954 contristare?
1190 1927 1225 1954 At
1237 1934 1287 1962 ego
1305 1926 1483 1962 privationem
1498 1934 1554 1953 rem
1571 1934 1679 1962 gravem
1694 1931 1778 1961 puto:

993 1975 1068 2006 patet
1083 1972 1156 2006 quod
1169 1972 1228 2007 ipse
1245 1980 1294 2008 ego
1317 1972 1385 2000 nihil
1406 1972 1537 2001 adversus
1556 1980 1599 1999 me
1622 1976 1778 2000 moventem

991 2027 1078 2051 armo,
1091 2024 1121 2046 ut
1136 2019 1164 2046 in
1180 2027 1222 2046 me
1235 2019 1363 2047 acerbum
1375 2020 1482 2047 emittat
1491 2019 1623 2055 jaculum.
1638 2018 1778 2054 Siquidem

991 2065 1035 2093 vel
1042 2065 1162 2097 “invidia,
1179 2065 1220 2092 vel
1232 2073 1376 2093 commune
1386 2065 1505 2092 civitatis
1518 2069 1566 2092 aut
1579 2065 1673 2100 patria:
1690 2063 1779 2091 infor-

993 2111 1109 2143 tunium,
1123 2111 1164 2138 vel
1183 2119 1214 2138 ex
1232 2110 1354 2138 externis
1372 2109 1445 2137 aliud
1465 2110 1613 2145 quidpiam,
1630 2110 1717 2144 potuit
1733 2117 1778 2137 me

992 2156 1074 2184 etiam
1090 2156 1228 2184 nolentem
1244 2156 1276 2184 ad
1290 2160 1477 2191 paupertatem
1492 2156 1631 2191 redigere;
1648 2160 1675 2183 at
1690 2157 1776 2184 tristi-

992 2202 1056 2229 tiam
1086 2202 1187 2230 inferre
1213 2202 1282 2230 nihil
1307 2202 1404 2229 horum
1425 2202 1560 2229 ullatenus
1582 2201 1698 2236 poterit,
1723 2202 1777 2229 nisi

989 2247 1048 2283 ipse
1066 2250 1187 2275 voluero.
1210 2247 1310 2275 Verum
1326 2246 1477 2274 charissimi
1493 2246 1570 2273 liberi
1592 2254 1607 2273 e
1631 2246 1692 2273 sinu
1717 2254 1778 2274 meo

989 2293 1192 2324 abscesserunt,
1205 2297 1233 2320 et
1246 2292 1272 2319 in
1287 2300 1355 2327 quos
1373 2292 1481 2319 intuens
1492 2292 1652 2328 gaudebam,
1665 2301 1777 2321 omnes-

991 2346 1044 2374 que
1064 2338 1126 2366 vitae
1140 2346 1203 2373 spes
1217 2338 1416 2373 appendeham,
1431 2338 1448 2365 ii
1472 2338 1563 2365 subito
1578 2338 1660 2366 fatale
1682 2339 1778 2367 decre-

992 2387 1049 2410 tum
1069 2383 1232 2411 subierunt?
1256 2382 1349 2418 Neque
1371 2382 1408 2409 illi
1431 2382 1543 2410 omnino
1565 2390 1596 2410 ex
1623 2390 1653 2410 se
1677 2383 1778 2410 habent

990 2430 1149 2465 percellere,
1163 2437 1226 2457 cum
1241 2429 1392 2465 praesertim
1405 2428 1477 2457 sicut
1495 2428 1522 2456 in
1537 2429 1690 2463 nativitate,
1703 2429 1739 2457 ita
1749 2435 1778 2458 et

878 2513 994 2543 NOTE.

193 2593 228 2629 (4)
248 2592 562 2629 Χανδὸνηκαταπίνων
579 2591 633 2629 καὶΔ
650 2593 819 2627 ἀκορέστως
845 2602 934 2622 κατα.

153 2627 346 2662 ϐοσκόμενος.
364 2628 427 2655 Ηῖεε
442 2628 524 2664 verba
538 2635 589 2664 nos
602 2627 868 2664 admonentillorum
884 2629 937 2664 Cy-

153 2664 206 2691 rilli
222 2664 248 2690 in
267 2664 393 2690 Habacuc
411 2671 438 2690 n.
459 2663 504 2692 15,
520 2667 540 2690 ι.
556 2663 601 2692 ΙΙΙ.
615 2671 643 2698 p.
662 2663 723 2690 550.
744 2662 777 2689 A.
800 2664 879 2689 Κατὰ
893 2662 938 2691 τδν

154 2700 212 2726 ἴσον
238 2698 335 2734 ἰχθύσί
347 2699 458 2734 τρόπονΔ
471 2698 534 2729 τοὺς
556 2698 768 2734 ἀσθενεστέρους
784 2699 941 2734 κατανέμε-

155 2735 227 2775 σθαι,
243 2731 291 2760 καὶ
308 2731 372 2760 οἷον
384 2732 515 2767 ἀλλήλους
534 2731 718 2794 καταςροφείν
739 2732 834 2767 ἁθύρῳ
847 2741 877 2759 τε
892 2731 941 2760 καὶ

155 2769 284 2794 απλήστω
308 2769 441 2794 στόματι.
466 2768 586 2794 σκληρὰν
662 2768 735 2794 οὕτω
759 2769 806 2794 καὶ
825 2768 941 2794 ἄμικτον

155 2769 284 2802 ἀπλήστῳ
308 2769 452 2803 στόματι,
466 2768 586 2803 σκληρὰν
611 2768 639 2794 δὲ
662 2768 806 2803 οὕτωκαὶ
825 2768 941 2802 ἄμικτον

155 2801 227 2837 ζωὴν
244 2801 425 2838 ἐπιτηδεῦειν,
438 2801 476 2834 ὡς
488 2801 610 2836 ἑρπετῶν
623 2803 677 2829 τῶν
696 2803 725 2828 ἐν
739 2802 815 2838 ὄρεσι
831 2801 879 2830 καὶ
888 2805 941 2838 χεῖ²

154 2838 397 2879 ὀλίχαέιενεγκεὲθ,
404 2842 436 2878 ut
444 2843 601 2881 premamus
610 2843 732 2879 nostram
741 2838 939 2877 conjecturam,

990 2595 1144 2630 χειραμοϊς.
1160 2593 1224 2622 Pari
1238 2602 1296 2622 cum
1311 2594 1422 2628 piscibus
1434 2601 1513 2630 more,
1527 2593 1684 2630 inﬁrmiores
1695 2593 1775 2620 absu-

990 2628 1110 2661 ἦιεὶιεζει
1123 2638 1166 2656 ore
1183 2629 1274 2665 patulo
1288 2638 1320 2656 ac
1332 2629 1479 2656 insatiabili
1492 2637 1520 2655 se
1536 2634 1626 2665 mutuo
1642 2628 1709 2665 velut
1728 2629 1775 2655 de-

990 2665 1102 2700 glutire;
1125 2663 1191 2692 adeo
1209 2672 1269 2691 vero
1291 2665 1388 2692 duram
1402 2669 1438 2700 νει
1456 2673 1472 2690 (ι
1488 2664 1641 2700 commercio
1659 2663 1775 2700 alienam

989 2699 1071 2726 eitum
1086 2701 1217 2735 persequi,
1242 2704 1272 2726 ut
1290 2709 1306 2727 α
1327 2699 1464 2735 reptilifms
1480 2706 1543 2735 quati
1554 2699 1581 2725 in
1602 2699 1732 2725 montibus
1749 2701 1775 2725 et

989 2735 1108 2762 cavernis
1121 2740 1259 2762 versantur
1271 2743 1354 2769 parva
1367 2735 1401 2761 sit
1414 2734 1571 2769 differentia.

1026 2770 1064 2805 (5)
1084 2770 1157 2797 Inter
1167 2767 1296 2805 epistolas
1307 2767 1454 2797 Photianas
1469 2769 1586 2805 refertur
1601 2767 1628 2795 in
1644 2775 1695 2796 ms.
1710 2774 1773 2795 cum

989 2803 1056 2832 alias
1071 2803 1256 2833 characterem
1271 2805 1394 2840 epistola:
1409 2811 1465 2832 non
1481 2803 1588 2831 habeat.
