1931 3080
115 130 169 163 989
689 132 958 163 EPISTOLARUM
974 133 1092 163 LIBER
1114 134 1170 164 [ΙΙ.
1694 132 1748 166 990

114 187 195 224 ῥώμη
216 187 341 223 eti-paco;
355 208 363 220 ,
394 188 443 215 καὶ
463 189 563 224 κράτος
596 188 683 222 λόγων
715 188 878 224 τιμιώτερον
893 209 901 221 ,
914 189 943 219 Α
954 190 1145 217 revocandam.
1162 188 1274 222 Reliqua
1285 196 1316 216 ve

954 190 1145 217 revocandam.
1162 188 1274 222 Reliqua
1285 195 1349 217 vero
1363 189 1455 216 omnia
1466 208 1474 222 ,
1492 189 1577 225 gloria
1590 194 1618 218 et
1632 190 1746 226 divitiae,

115 234 210 265 παῖδες
244 233 315 260 εἰσιν
338 235 368 260 ὲν
396 234 446 270 βίῳ
475 234 637 266 παίζοντες·
664 234 765 269 μᾶλλον
786 234 815 260 δὲ
843 233 904 261 οὐδὲ
952 235 1076 270 potentia
1093 240 1121 262 et
1136 235 1217 262 robur
1231 243 1314 269 corpo

953 235 1076 270 polentia
1093 240 1121 262 et
1136 235 1217 262 robur
1231 235 1363 269 corporis,
1379 235 1507 270 quodque
1525 237 1673 270 pretiosius
1693 243 1745 270 est,

113 279 218 312 παῖδες,
238 280 326 316 σκηνὴ
339 279 368 307 δὲ
388 280 493 307 παίδων
510 279 713 318 ὑποκριναμένη
739 280 842 316 δρᾶμα,
856 279 904 306 καὶ
953 279 1061 308 dicendi
1077 280 1203 313 facultas,
1225 281 1301 315 pueri

953 279 1061 308 dicendi
1077 280 1203 313 facultas,
1225 281 1301 315 pueri
1324 286 1389 308 sunt
1407 281 1436 308 in
1452 280 1507 308 vita
1526 281 1661 312 ludentes.
1690 283 1746 310 imo

113 325 140 352 εἴ
148 333 175 351 τι
185 325 287 354 τούτων
299 326 514 363 ἀπατηλότερον.
951 326 1045 362 potius
1066 334 1102 354 ne
1121 327 1199 362 pueri
1214 326 1316 362 quideu

953 326 1045 362 potius
1066 334 1102 354 ne
1121 327 1199 362 pueri
1214 326 1340 362 quidem,
1361 326 1409 354 sed
1433 334 1515 354 scena
1539 327 1657 354 fabulam
1675 335 1745 363 pue-

953 379 1047 400 rorum
1064 377 1275 409 repraesentans,
1294 372 1338 400 vel
1361 372 1466 408 siquid
1485 372 1529 400 his
1551 377 1594 401 est
1611 373 1745 401 fallacius.

535 525 652 564 ANG.
692 525 783 566 MAI
824 525 1316 566 ANIMADVERSIONES

401 610 447 639 DE
465 611 663 640 ERRORIBUS
681 612 894 642 MONTACUTII
914 613 948 641 IN
968 613 1118 642 EDENDIS
1139 613 1253 642 PHOTll
1273 613 1464 642 EPISTOLIS.

670 698 812 735 (Spicilcg.
834 699 909 728 Rom.
930 705 950 728 t.
970 701 1011 733 Χ,
1034 709 1063 736 p.
1083 701 1180 735 mu.)

149 766 200 795 llic
214 773 274 802 ego,
292 774 342 801 pro
356 773 416 793 meo
431 767 555 794 veritatis
567 768 669 801 studio,
685 769 775 797 facere
789 777 842 797 non
859 777 983 805 possum.
999 770 1066 805 quin
1082 770 1144 797 data
1159 769 1315 802 occasione,
1330 770 1479 798 nonnullos
1491 770 1571 805 Angli
1585 770 1744 800 Montacutii

114 818 232 843 errores,
251 811 278 838 in
295 810 471 844 epistularum
487 811 578 838 Photii
590 812 624 839 ab
642 820 676 839 eo
690 813 824 840 editarum
841 814 998 848 epigraphis
1021 821 1179 847 coarguant.
1196 813 1222 840 l.
1247 813 1286 840 Ac
1307 813 1424 847 primum
1448 821 1503 840 non
1527 814 1656 849 jurgabor
1683 823 1746 842 cum

115 854 231 886 editore,
245 854 317 888 quod
333 855 360 882 in
387 854 535 882 voluminis
549 855 640 882 fronte
662 856 758 884 Latine
773 858 934 884 sanctissimi
956 857 1064 885 titulum
1090 857 1252 891 patriarcha:
1277 856 1373 884 Pbotio
1396 857 1543 888 addiderit,
1564 862 1604 885 est
1623 859 1697 885 enim
1718 859 1746 886 id

115 897 194 924 oliicii
206 899 297 932 potius
313 906 344 926 ac
361 899 512 934 dignitatis,
527 908 609 935 quam
625 899 734 928 virtutis
753 901 915 935 epithetum,
939 905 967 928 et
997 901 1107 936 quidem
1127 899 1198 935 apud
1220 900 1329 927 Graecos
1350 900 1628 935 pervulgatissimum.
1647 901 1747 933 Quaero

115 945 205 969 tamen
221 950 270 970 cur
282 943 308 970 in
329 944 423 971 eadem
448 944 510 971 libri
530 944 620 972 fronte
646 953 701 972 non
717 945 823 981 legatur
833 945 927 981 Graece
954 944 1126 978 ἁγιωτάτουῗ
1143 943 1321 970 Οιιιίνὶοῐιθῐιθ
1348 943 1450 978 aliqua,
1483 951 1518 970 an
1546 944 1649 971 COdiCiS
1673 944 1747 972 hand

113 986 338 1020 reprehendendo
360 987 470 1015 defectu
490 988 589 1016 factum
603 989 665 1016 est?
690 989 717 1016 2.
740 979 769 1016 lvn
786 990 889 1024 quintze
902 979 1041 1016 lihotiana‘.
1053 986 1272 1023 epistolaﬂnunc
1296 987 1324 1014 lt-
1345 988 1417 1015 tertii
1441 987 1513 1023 libri]
1539 988 1698 1024 epigraphe,
1719 994 1748 1017 et

112 1035 184 1064 saepe
198 1030 223 1056 in
237 1030 308 1062 aliis,
324 1030 417 1058 Grazce
432 1031 596 1066 ἁσπαϐαρίῳ
615 1032 691 1066 ponit
703 1032 895 1066 Montacutius,
911 1033 1008 1061 Latine
1029 1039 1120 1061 autem
1139 1033 1311 1068 aspatlmrio;
1325 1038 1405 1067 atque
1428 1033 1455 1059 in
1473 1033 1596 1066 ejusdem
1621 1033 1744 1067 epistolas

112 1073 334 1108 scboliojudicat
350 1075 476 1102 eutndem
497 1082 559 1102 esse
585 1075 769 1110 aspatharium
794 1082 875 1112 atque
897 1079 1077 1113 spatlmrium.
1104 1077 1347 1104 \‘crumenimvero
1369 1077 1429 1111 quis
1454 1085 1573 1112 unquam
1597 1077 1650 1104 nisi
1674 1077 1746 1112 apud

114 1115 311 1144 Montaeutium
327 1118 478 1152 aspatltarii
491 1119 653 1146 vocabulum
676 1120 780 1147 audiit?
791 1120 830 1147 En
846 1126 937 1154 autem
960 1121 1062 1149 erroris
1086 1128 1208 1148 causam.
1220 1121 1252 1147 ln
1269 1120 1401 1149 Vaticano
1422 1119 1525 1147 Nicolai
1549 1121 1636 1148 nostri
1651 1121 1746 1149 codice

116 1167 160 1194 ep.
177 1160 221 1193 C9,
233 1161 361 1188 scribitur
372 1161 398 1188 in
414 1162 561 1196 epigraplie
575 1166 598 1189 α’
612 1163 766 1199 σπαθαρίῳ,
781 1164 885 1191 lineola
899 1165 1072 1200 superposita
1085 1164 1183 1191 litterae
1213 1163 1248 1196 α’,
1264 1164 1298 1190 ob
1309 1163 1528 1199 significandam.
1543 1168 1574 1191 ut
1589 1164 1646 1191 ﬁeri
1667 1165 1745 1197 solet,

116 1207 210 1231 notam
225 1205 393 1232 numeralem
407 1206 533 1240 primam.
547 1207 595 1233 Est
610 1207 689 1242 igitur
701 1207 783 1235 David
795 1208 972 1236 Camulianus
982 1203 1219 1243 protoapnlharius,
1233 1212 1262 1234 ut
1275 1215 1324 1234 nos
1344 1207 1436 1234 Grtuec
1447 1215 1555 1241 quoque
1569 1208 1744 1242 scripsimus:

112 1247 146 1275 de
163 1256 216 1283 qua
232 1257 262 1275 re
279 1257 313 1276 ne
328 1250 495 1281 dubitemus,
512 1250 600 1278 eidem
619 1251 711 1278 Davidi
725 1251 752 1278 in
770 1252 963 1287 subsequentis
972 1252 1093 1286 epistola:
1104 1252 1252 1286 epigraphe
1265 1259 1319 1278 non
1332 1259 1380 1286 per
1393 1251 1561 1278 numeralem
1576 1251 1695 1278 litteram
1709 1253 1744 1283 α’,

111 1292 160 1318 SCil
181 1291 321 1326 explicatis
342 1292 442 1320 litteris
466 1294 594 1320 tribuitur
619 1293 646 1320 in
666 1294 761 1321 codice
783 1294 876 1321 titulus
901 1295 1151 1330 πρωτοσπαιθαρίῳ.
1176 1295 1281 1322 Rursus
1308 1295 1334 1321 in
1360 1294 1461 1321 Nicolai
1487 1302 1549 1329 epp.
1575 1294 1610 1320 84
1634 1299 1662 1321 et
1684 1294 1745 1322 l05.

110 1343 189 1370 aeque
211 1336 341 1363 scribitur
369 1336 396 1362 in
415 1337 508 1364 codice
527 1336 588 1364 Vat.
609 1340 633 1364 α’
648 1337 802 1373 σπαθαρίῳ,
829 1338 928 1365 lineola
949 1347 1032 1374 super
1049 1339 1074 1365 α’
1089 1339 1186 1373 posita.
1212 1338 1282 1365 Nihil
1305 1347 1369 1373 ergo
1399 1338 1552 1365 evidentius
1571 1338 1624 1365 dici
1657 1339 1748 1372 potest

111 1384 206 1406 contra
222 1379 347 1407 vitiosam
362 1380 520 1408 Montacutii
546 1381 701 1412 lectionem,
719 1381 745 1407 in
762 1381 840 1416 cujus
859 1382 952 1408 codice
971 1390 1033 1410 cum
1049 1383 1150 1416 pariter
1168 1383 1335 1410 scriberetur
1359 1385 1381 1408 α’
1400 1381 1554 1416 σπαοαρῐῳ,
1571 1382 1627 1415 ipse
1637 1381 1744 1408 incaute

111 1431 196 1450 unum
211 1424 375 1451 vocabulum
393 1424 457 1452 fecit
480 1425 643 1460 ἀσπαθαρίῳ
659 1434 666 1452 :
683 1433 838 1460 quanquam
867 1426 901 1452 ab
922 1425 982 1452 aliis
1004 1426 1127 1460 ejusdem
1148 1425 1250 1453 codicis
1266 1425 1333 1452 locis
1347 1434 1374 1452 ν.
1394 1433 1434 1460 gr.
1460 1433 1504 1459 ep.
1532 1424 1592 1456 ill),
1615 1431 1747 1459 coargue-

112 1465 202 1498 batur,
218 1467 262 1494 ubi
285 1468 419 1502 explicate
440 1468 570 1503 scriptmn
596 1473 653 1496 erat
679 1469 928 1504 πρωτοπτταοαρίῳ.
952 1469 1038 1496 Nemo
1074 1469 1164 1505 igitur,
1186 1476 1222 1496 ne
1247 1469 1274 1495 in
1297 1468 1486 1495 mixobarbara
1508 1468 1620 1502 quidem
1642 1467 1742 1498 lexicn,

112 1509 283 1544 ἀσπαϐἁριος
297 1511 338 1538 vel
351 1512 520 1546 nspat/mrius
534 1512 664 1539 vocabula
680 1512 789 1540 inferat.
804 1512 830 1540 5.
840 1513 910 1540 Sane
923 1513 994 1548 apud
1003 1512 1128 1540 eumdem
1140 1513 1316 1550 llontacutiut

953 1513 994 1541 iud
1003 1512 1128 1540 eumdem
1140 1513 1336 1550 llontacutium
1347 1512 1428 1539 lectio
1440 1519 1548 1546 quoque
1562 1510 1745 1546 Φιλοπονήσου

112 1558 140 1581 et
155 1553 351 1588 Philopoimesi,
369 1560 421 1582 tam
436 1555 529 1583 Grzece
542 1564 621 1590 quain
635 1557 728 1583 Latine
741 1557 841 1584 soieeca
861 1563 912 1590 est,
926 1565 974 1592 pro
983 1557 1184 1591 Πελοποννήσου
1204 1562 1232 1583 et
1247 1556 1420 1591 Peloponnesi
1434 1563 1443 1581 :
1461 1563 1540 1589 quain
1561 1562 1611 1589 ego
1635 1554 1745 1588 quidem

115 1599 260 1633 typotlieta:
286 1599 392 1634 culpam
417 1600 575 1627 existimare
600 1601 769 1631 maluissem.
794 1601 846 1628 nisi
867 1602 894 1628 in
920 1601 1024 1629 scholio
1054 1609 1162 1636 quoque
1185 1601 1298 1628 editoris
1329 1600 1369 1627 sic
1397 1600 1532 1633 legeretur
1550 1599 1743 1633 (Peloponnesi

112 1647 212 1676 prteses
226 1647 271 1670 aut
285 1644 349 1674 dux,
365 1644 526 1678 στρατηγός,
537 1644 691 1671 occurritin
706 1645 809 1671 Nicolai
826 1645 910 1672 nostri
924 1645 1075 1680 epistolis).
1092 1645 1119 1672 4.
1136 1644 1257 1679 Denique
1273 1644 1299 1670 in
1312 1643 1406 1670 eadem
1422 1643 1599 1670 adnotatiune
1612 1643 1743 1670 mendose

111 1687 240 1724 scribitur
254 1687 395 1715 Germania
415 1697 463 1723 pro
479 1688 645 1724 Germanicio
662 1688 779 1716 Nestorii
803 1689 887 1724 patria
900 1689 949 1724 (τι).
970 1689 996 1716 5.
1016 1688 1119 1716 Nollem
1138 1688 1202 1715 item
1220 1695 1235 1714 a
1252 1687 1417 1714 Montacutio
1432 1687 1593 1714 vocabulum
1610 1686 1703 1712 Λέοντι
1717 1686 1744 1713 in

110 1730 267 1765 epigraphis
286 1739 357 1766 stupe
374 1736 401 1758 et
415 1732 441 1758 in
454 1732 565 1760 SCllOlilS
576 1732 666 1759 Leonti
689 1732 785 1759 Latine
802 1725 922 1764 dici,scd
933 1734 1024 1767 potius
1039 1733 1129 1760 Leoni.
1148 1732 1174 1759 6.
1192 1732 1235 1763 (Et
1250 1733 1377 1768 quoniam
1391 1731 1425 1758 de
1440 1730 1550 1757 sclioliis
1563 1730 1629 1760 dixi,
1643 1730 1742 1757 nollem

111 1773 176 1800 item
191 1783 221 1808 p.
234 1775 278 1806 46.
293 1776 374 1802 scribi
387 1776 421 1803 ab
438 1784 471 1803 eo
488 1777 662 1811 septimam":
685 1776 846 1811 synodorum
864 1784 914 1810 pro
931 1781 1029 1811 septem
1042 1775 1224 1810 synodornm).
1240 1775 1265 1801 7.
1283 1776 1310 1801 In
1325 1774 1472 1809 epigraplic
1484 1773 1605 1808 epistola:
1616 1774 1649 1805 12
1659 1773 1746 1808 [nunc

112 1817 156 1845 69‘
176 1818 238 1846 libri
257 1819 393 1855 secundi].
407 1820 502 1847 scribit
517 1820 698 1847 illontacutius
721 1820 862 1854 μονάζσντε
880 1821 910 1846 Ε.
941 1819 1062 1850 πεσόντι,
1089 1819 1184 1845 Latine
1206 1823 1297 1845 autetn
1315 1829 1316 1843 :

953 1819 1062 1850 :soovtt,
1089 1819 1184 1845 Latine
1206 1823 1297 1845 autetn
1315 1818 1441 1844 monac/io
1462 1817 1494 1844 E.
1515 1816 1641 1850 (allapso.
1663 1817 1744 1851 Atqui

113 1870 164 1898 ego
177 1863 268 1896 judico
291 1864 464 1890 scribendum
478 1871 539 1890 esse
551 1862 694 1898 μονάζοντι
710 1863 853 1889 ἐκπεσόντι
865 1884 872 1894 ,
890 1864 1018 1890 monac/io
1032 1862 1116 1897 lapso.
1137 1862 1238 1896 Nempe
1255 1869 1316 1897 aput

953 1864 1018 1890 ito/io
1032 1862 1116 1897 lapso.
1137 1862 1238 1896 Nempe
1255 1861 1326 1897 apud
1345 1861 1470 1888 eumdem
1485 1860 1611 1887 Photium
1631 1868 1657 1894 p.
1679 1860 1740 1890 ll9.

114 1914 156 1941 cp.
171 1907 204 1933 68
224 1907 309 1943 [nunc
324 1908 367 1934 78·
390 1907 504 1935 secundi
528 1907 613 1942 libri].
637 1907 735 1942 legitur
757 1907 954 1942 παραπεσόντι.
972 1907 999 1934 8.
1024 1906 1152 1941 Epistula:
1165 1906 1199 1932 8‘2
1214 1905 1300 1941 [nunc

953 1927 954 1932 η
972 1907 999 1934 8.
1024 1906 1152 1941 Epistula:
1165 1906 1199 1932 8‘2
1214 1905 1300 1941 [nunc
1317 1904 1389 1932 tertii
1418 1904 1478 1931 libri
1495 1903 1562 1939 29'],
1576 1904 1743 1938 epigraplteu

116 1950 247 1986 Ιὶασιλείῳ
264 1951 397 1986 πράκτηρι
413 1952 509 1978 Latine
522 1951 603 1979 scribi
615 1951 693 1978 video
706 1950 943 1985 Basilio-praetori,
957 1959 1006 1985 pro
1019 1951 1135 1977 mactari
1147 1950 1187 1976 vel
1203 1950 1336 1984 qua’stori.
1351 1949 1404 1976 Cur
1417 1948 1582 1982 id.inquam,
1593 1949 1744 1982 praesertim

114 2001 176 2020 eum
193 1994 374 2029 significatum
389 1995 547 2030 npdxtopog
564 1994 747 2022 Montacutius
767 1995 794 2021 iu
812 1994 916 2022 scholio
934 1994 1081 2029 agn05cat?
1098 1993 1169 2020 Sane
1193 1993 1264 2020 idem
1286 1993 1368 2019 homo
1390 1992 1416 2018 in
1439 2000 1501 2027 epp.
1516 1992 1550 2019 «l7
1566 1991 1653 2027 [nunc
1672 1991 1744 2018 tertii

111 2037 174 2065 libri
188 2038 252 2075 l‘Z'].
269 2044 296 2066 et
312 2040 361 2066 154
376 2039 462 2074 [nunc
492 2039 562 2066 tertii
579 2039 639 2066 libri
650 2039 719 2075 ~l8'],
731 2039 830 2066 dicitur
847 2038 995 2073 κοιάστωρ,
1016 2037 1087 2072 quod
1100 2037 1200 2064 Graecis
1216 2036 1314 2063 litteris
1334 2041 1375 2063 est
1397 2036 1522 2062 Latinum
1540 2040 1663 2070 quwstor.
1676 2036 1703 2063 9.
1715 2035 1745 2062 ln

111 2082 268 2116 epigrapliis
283 2089 342 2110 voc.
360 2083 497 2117 ξενόδοχος
511 2083 591 2110 modo
604 2084 693 2117 hospes
712 2082 835 2109 redditur
848 2083 929 2109 modo
951 2082 1154 2116 hospitalarius.
1173 2080 1263 2107 Malim
1285 2081 1337 2107 hoc
1357 2080 1483 2112 alterum,
1498 2079 1546 2106 sed
1567 2083 1642 2106 certe
1660 2079 1745 2106 inter-

112 2125 196 2158 pretis
216 2126 398 2153 constantiam
414 2127 536 2161 requiro.
555 2127 596 2153 l0.
612 2126 678 2153 item
692 2127 720 2153 in
736 2126 815 2153 titulo
831 2126 953 2160 epistola:
972 2125 1007 2152 60
1026 2125 1111 2161 [nunc
1135 2125 1208 2152 tertii
1227 2123 1287 2150 libri
1306 2124 1350 2150 22"
1358 2123 1375 2158 1.,
1405 2123 1514 2151 mallem
1539 2123 1573 2150 ab
1595 2123 1744 2156 interprete

112 2167 215 2195 dictum
233 2169 361 2201 Ilellndis,
380 2177 460 2204 quam
478 2170 559 2197 nimis
575 2170 724 2204 generatim
738 2169 856 2197 erciw.
881 2169 996 2205 Legatur
1010 2168 1205 2195 Constantianus
1228 2167 1254 2194 in
1277 2167 1452 2194 ilictnntibus.
1473 2166 1519 2192 .ll.
1535 2166 1602 2192 Nolo
1619 2173 1669 2201 ego
1683 2169 1745 2200 post

113 2212 247 2240 ducentos
270 2221 356 2240 annos
378 2214 498 2240 scribere
512 2214 599 2240 dicam
618 2213 784 2240 Montacutio
801 2222 807 2239 :
827 2213 994 2247 caeteroquin
1010 2220 1067 2239 non
1083 2212 1168 2247 probo
1187 2211 1258 2245 quod
1276 2210 1302 2236 in
1323 2210 1380 2236 suis
1396 2210 1429 2236 ad
1446 2210 1573 2236 l’liotium
1587 2209 1743 2236 adnotatio-

114 2257 194 2284 nibus
213 2265 250 2292 Vp.
275 2257 309 2284 46
335 2257 481 2284 Diodorum
506 2258 668 2285 Tarsensem
695 2265 726 2284 ac
742 2257 917 2284 Theodorum
940 2257 1162 2292 Mopsuestenum
1176 2256 1239 2289 labe
1258 2256 1392 2282 lia-reseas
1413 2254 1528 2281 infectos
1550 2262 1603 2280 non
1629 2253 1741 2287 judicct,

104 2306 208 2327 contra
222 2309 290 2335 quos
311 2302 411 2336 passim
430 2301 617 2336 prisciJ’atrcs
646 2301 809 2333 clamarunt,
832 2301 1046 2335 nominatimque
1069 2306 1180 2327 sanctus
1202 2299 1316 2334 Cyrillus
1330 2299 1405 2325 Alex.
1431 2297 1537 2332 integro
1560 2305 1642 2331 opere
1670 2305 1743 2323 nunc

113 2344 265 2378 depcrdito,
281 2345 359 2380 cujus
377 2345 527 2380 fragmenta
545 2352 594 2371 nos
609 2344 712 2378 aliquot
725 2345 856 2373 dedimus.
875 2349 956 2378 atque
975 2345 1027 2371 alia
1043 2344 1169 2378 posthinc
1181 2343 1270 2369 daturi
1286 2350 1388 2369 sumus.
1411 2341 1548 2373 Concedo,
1562 2341 1620 2368 illos
1635 2341 1742 2367 nonnisi

112 2394 174 2424 post
187 2389 290 2416 obitum
304 2389 446 2415 damnatos
458 2389 554 2421 fuisse;
570 2395 665 2415 verum
683 2389 708 2414 id
728 2388 840 2414 minime
854 2388 976 2423 impedit,
993 2388 1140 2423 quominus
1157 2388 1277 2422 ipsurum
1292 2387 1393 2421 scripta
1405 2385 1538 2412 doctrinis
1551 2385 1694 2415 lucretio-is,
1712 2390 1743 2410 ut

112 2434 180 2461 satis
198 2438 316 2465 constat,
332 2433 556 2463 rcdumlaverint.
576 2432 618 2459 l2.
644 2432 737 2466 Neque
755 2432 817 2459 licet
837 2431 1003 2460 Montacutio
1026 2431 1215 2458 lconomachis
1236 2439 1262 2465 p.
1278 2431 1322 2463 b7,
1343 2435 1371 2457 ct
1392 2439 1418 2464 p.
1444 2430 1505 2461 112,
1521 2433 1615 2463 aperte
1642 2429 1743 2461 favere,

112 2486 181 2513 quos
191 2486 246 2504 non
265 2478 376 2505 Photius
394 2477 468 2504 solus
483 2477 589 2508 oderat,
613 2477 660 2504 sed
683 2476 859 2504 mcumeuicaa
885 2475 980 2511 synodi
1006 2475 1122 2502 decretis
1143 2475 1310 2501 solemnibus
1338 2473 1566 2500 condemnarunt.
1585 2472 1626 2498 l5.
1649 2470 1743 2505 Neque

113 2530 208 2549 rursus
221 2527 263 2549 est
278 2522 419 2549 ferendum
432 2522 504 2556 quod
520 2521 704 2547 Montacutius
718 2529 743 2555 p.
760 2520 821 2551 159,
839 2520 1027 2547 latrocinalem
1052 2520 1170 2555 appellet
1188 2524 1312 2546 octavam
1338 2518 1472 2554 synodum
1489 2516 1697 2548 cecumenicam,
1714 2516 1742 2543 in

112 2574 165 2602 qua
180 2566 304 2601 deposito
321 2565 420 2592 Pliotio
434 2565 551 2600 lguatius
566 2565 706 2592 restitutus
718 2569 771 2591 est.
785 2564 829 2591 Η.
846 2564 939 2599 Neque
956 2564 1106 2599 prudenter
1121 2568 1160 2591 tot
1174 2563 1301 2590 laudibus
1323 2562 1451 2589 Pliotium
1475 2561 1607 2593 cumulat,
1634 2568 1648 2587 a
1666 2560 1745 2594 cujus

101 2611 260 2638 ambitione
284 2618 315 2638 ac
330 2610 456 2637 violentia
475 2617 611 2645 magnum,
627 2609 699 2643 quod
717 2609 806 2635 adhuc
827 2612 978 2643 permanet,
993 2608 1110 2635 scliisma
1119 2607 1239 2642 sumpsit
1255 2607 1371 2633 initium.
1399 2606 1441 2633 15.
1467 2605 1567 2633 Contra
1594 2612 1658 2631 vero
1679 2604 1745 2631 diuit

112 2655 237 2690 plurimis
259 2654 409 2682 maledictis
430 2654 576 2680 Baronium
596 2657 702 2685 onerat,
721 2652 839 2678 alienum
865 2659 893 2678 se
919 2659 974 2679 non
993 2652 1121 2686 inquitate
1141 2651 1238 2681 solum.
1263 2650 1310 2677 sed
1333 2650 1415 2678 ctiam
1439 2649 1513 2676 omni
1535 2647 1744 2675 mansuetudine

112 2698 268 2726 Christiana
281 2698 459 2725 demonstrat.
478 2697 519 2724 16.
537 2696 739 2724 inconsiderate
751 2695 845 2727 etiam,
856 2695 897 2722 vel
911 2695 1002 2730 potius
1014 2696 1091 2728 irate,
1108 2695 1243 2722 Anastasii
1254 2694 1455 2722 Bibliotliecarii
1468 2692 1641 2734 biographias
1654 2691 1745 2718 verbis

113 2742 317 2770 contumeliosis
347 2748 510 2776 summoque
540 2745 697 2775 contemptu
728 2739 902 2775 persequitur
921 2747 949 2775 p.
976 2740 1040 2772 ΞΜ,
1072 2747 1087 2767 a
1108 2747 1162 2774 quo
1187 2743 1276 2766 tamen
1302 2743 1435 2771 auctore,
1465 2737 1615 2765 fatentibus
1642 2735 1743 2771 passim

112 2786 236 2820 eruditis,
251 2786 441 2822 pretiosiorem
457 2793 489 2812 ac
504 2785 649 2813 certiorem
664 2784 786 2812 historiae
799 2783 965 2819 pontificalis
981 2789 1087 2819 partctn
1107 2784 1251 2811 habemus.

149 2855 187 2885 (ai
205 2854 362 2886 Montacutji
378 2859 456 2883 notas
470 2859 500 2882 ut
514 2861 620 2883 veneno
635 2853 732 2882 tinctas
753 2853 896 2882 inutilcsvc
911 2853 1067 2889 rcjccimus.
1085 2853 1162 2880 Eutr.
1176 2851 1260 2880 Pun.
