1931 3080
722 184 1215 251 ADDENDA.

460 325 598 356 ΡΗΟΤΠ
612 321 807 356 EPISTOLA
823 324 877 355 AD
897 322 1122 355 ECCLESIAM
1139 321 1432 353 ANTIOCHENAM
1449 321 1503 362 (1).

162 393 198 420 Ἡ
211 388 440 425 ἐνθρονιαστικὴ
455 387 604 425 ἐπιστολὴ
618 387 673 425 τοῦ
681 387 794 415 Φωτίου
809 386 885 422 πρὸς
892 387 947 414 τὸν

1004 385 1121 422 Epistula
1147 385 1314 420 inauguralis
1343 383 1432 425 Pftotii
1462 383 1498 411 ad
1525 382 1673 411 Ecclesium
1699 384 1793 411 Aulio-

391 425 500 458 θρόνον
518 424 709 458 Ἀντιοχείας,

190 469 253 500 τοῖς
264 465 491 500 θεοφιλεστάτοις,
505 464 654 497 θειοτάτοις
665 464 894 500 συλλειτουργοτς,
907 463 947 500 τῷ

155 509 356 543 θεοσεϐεστάτῳ
368 507 503 542 οἰκονόμῳ
525 507 574 534 καὶ
586 506 727 542 συγκέλλῳ
740 507 790 542 τῆς
802 505 949 533 Θεουπολι-

154 551 208 578 τῶν
225 549 400 584 Ἐκκλησίας,
417 548 519 580 Φώτιος
531 548 680 580 ἐπίσκοπος
688 547 948 576 Κωνσταντινουπό-

155 594 225 624 λεως
242 593 306 623 νέας
324 591 446 626 Ῥώμης.

190 634 336 668 Μεγίστων
362 634 412 668 μὲν
427 631 530 658 ἄνωθεν
549 631 730 667 τετυχηκότες
747 631 869 665 ἀγαθῶν,
882 627 920 660 ὧν
935 632 949 658 ὁ

154 676 234 710 λόγος
243 674 293 710 τὴν
303 674 356 700 τῶν
366 673 475 700 ἐννοιῶν
485 673 686 708 διαδιδράσκειν
699 673 853 708 κατάληψιν
866 674 949 708 πέφυ-

155 725 215 749 κεν,
238 717 313 751 ὅμως
343 716 372 741 ὲν
401 714 562 750 εὐχαριστίᾳ
588 714 721 741 διατελεῖν
748 715 949 750 ἀπτολμῶμεν

156 758 286 789 ἅπαντες,
299 755 340 788 οἷς
355 757 379 784 οἱ
391 756 440 792 τῆς
451 755 592 787 εὐσεϐείας
608 755 755 791 σπινθῆρες
766 756 817 783 οὐκ
830 756 949 784 ἀπεσϐέ-

157 800 271 835 σθησαν.
283 799 351 826 Οὐδὲ
361 799 427 834 γὰρ,
444 797 498 825 οὐδ’
518 797 688 833 ἀνθρώπινος
707 798 894 833 καταλήψεται
904 799 950 826 λο-

156 842 267 876 γισμδς,
285 841 302 876 ἢ
314 841 393 875 λόγος
406 839 551 876 ἐξαρκέσει
573 840 742 875 διασημᾶναι
764 840 810 866 τὸν
833 841 950 875 ὑπεραν-

156 882 310 918 ῳκισμένον
319 882 434 909 πλοῦτον
448 881 499 916 τῆς
509 881 556 908 τοῦ
571 881 743 916 Δημιουργοῦ
754 882 949 917 χρηστότητος,

157 923 368 958 ἀνεξερεύνητον
383 922 434 957 μὲν
445 922 509 948 ὄντα
522 923 657 958 νοήσεσιν,
666 922 812 958 ἀδιήγητον
823 923 851 949 δὲ
860 923 949 957 γλώσ-

157 974 217 996 σαις
234 964 418 1000 τηρούμενον
433 963 506 991 οὕτω
522 963 554 999 δὴ
567 963 674 990 πολλῶν
690 964 951 1000 ὑπερανεστηκότων

156 1007 341 1042 εὐεργεσιῶν,
372 1007 420 1033 καὶ
445 1005 484 1040 τῷ
508 1006 622 1041 ἀλήπτῳ
648 1006 876 1043 θαυμαζομένων,
903 1007 952 1034 καὶ

1347 419 1465 447 dienam.

1033 464 1082 491 Dei
1117 462 1334 494 amantissimis,
1360 461 1544 489 sanctissimis
1583 461 1714 497 collegis,
1744 460 1792 488 Dei

999 505 1096 534 cultori
1119 511 1262 533 aeconomo
1277 508 1304 532 et
1325 504 1498 539 procuratori
1524 503 1652 531 Ecclesiae
1673 503 1794 530 civitatis

1000 541 1058 582 σοί,
1074 547 1188 575 Pbotius
1204 546 1456 582 Constantinopolis
1472 553 1549 574 nova:
1574 546 1668 572 Roma:
1682 546 1791 580 episco-

1020 598 1051 618 lIS
1054 610 1063 619 α

1000 598 1262 667 Ρυῗίιιαωίοιιυίᾱειη
1293 630 1412 658 maxima
1450 629 1561 657 coalitus
1594 629 1665 657 bona
1702 628 1791 656 sortiti

1000 680 1108 706 sumus,
1123 680 1242 708 quorum
1259 679 1404 700 numerum
1423 679 1512 707 neque
1536 671 1682 707 cogitando
1705 677 1794 704 neque

1000 715 1190 750 proloquendo
1209 714 1319 750 assequi
1336 714 1477 747 valemus,
1509 713 1595 740 animi
1614 713 1795 740 nihilominus

999 757 1072 792 grati
1087 756 1214 785 affectum
1228 756 1401 784 servabimus
1415 755 1667 790 quotquotpietatis
1682 761 1795 782 sensum

1003 806 1057 826 non
1077 798 1238 833 abiecimus.
1255 797 1288 825 Et
1305 805 1335 825 re
1351 805 1417 825 vera
1438 797 1548 832 quidem
1571 804 1624 824 nec
1646 804 1724 824 mens
1743 796 1796 822 hu-

1002 848 1084 867 mana
1105 840 1336 875 comprehendet.
1352 847 1402 867 nec
1420 847 1472 866 vox
1497 839 1617 866 sul'ilciet
1639 839 1673 865 ad
1697 838 1797 872 praedi-

1002 883 1120 910 candum
1143 882 1283 911 Creatoris
1312 882 1424 910 divitias
1452 881 1599 914 bonitatis,
1617 881 1719 915 quippe
1734 887 1796 914 qua:

1002 924 1266 959 impervestigabiles
1286 924 1387 952 eadem
1415 930 1448 951 ac
1472 922 1624 950 ineﬂabiles
1648 925 1793 957 apparent.

1002 965 1091 1000 Hujus
1110 967 1148 994 rei
1170 966 1305 994 beneﬁcio
1326 965 1502 992 admirationi
1518 971 1625 997 sumus,
1640 964 1704 999 quia
1724 964 1796 991 hanc

1003 1008 1113 1040 saltem,
1132 1007 1156 1035 si
1183 1015 1238 1034 non
1264 1007 1366 1037 aliam,
1386 1006 1501 1042 gloriam
1522 1006 1664 1033 consecuti
1687 1013 1795 1033 sumus.

156 1050 244 1084 ταύτῃ
257 1048 361 1082 ταύτην
385 1047 436 1082 τὴν
462 1047 628 1082 δοξολογίαν,
643 1048 668 1074 εί
681 1049 718 1084 μή
733 1056 795 1076 τινα
810 1048 906 1083 ἀλλην,
920 1047 950 1081 ἐξ

1004 1050 1133 1083 Maiorem
1148 1053 1238 1077 autem
1261 1049 1288 1076 in
1305 1048 1416 1075 modum
1434 1048 1598 1075 bierarchize
1611 1051 1714 1075 nostra;
1736 1055 1798 1083 my-

158 1090 237 1125 ἡμῶν
250 1089 343 1120 αὐτοῖς
356 1089 615 1123 προσοικειουμένῳ.
631 1089 692 1116 Ἔτι
708 1089 809 1124 μᾶλλον
822 1089 949 1121 ἔξαισίως

157 1131 343 1166 διανυμνεῖται
366 1131 414 1157 καὶ
440 1130 625 1164 μεγαλύνεται
655 1130 687 1157 τὸ
704 1131 755 1166 τῆς
782 1131 846 1158 καθ’
871 1132 947 1166 ἡμᾶς

159 1173 299 1207 Ξεραρχίας
313 1171 474 1207 μυστήριον.
487 1172 541 1198 Καὶ
555 1172 609 1206 γὰρ
621 1171 731 1206 ἀπάσης
743 1173 906 1208 εὐεργεσίας
919 1181 950 1200 τε

158 1216 204 1242 καὶ
219 1213 426 1249 φιλανθρωπίας
447 1214 496 1240 καὶ
509 1213 559 1248 τῆς
576 1213 645 1249 πρὸς
657 1214 731 1249 ἡμᾶς
744 1213 838 1241 θεόθεν
849 1214 952 1249 φιλοτι-

159 1257 224 1292 μίας
234 1256 302 1283 πολὺ
315 1256 346 1282 τὸ
365 1257 564 1290 ὑπερκείμενον
574 1256 755 1291 ἀποφέρεται*
770 1256 886 1292 φοϐερὸν
902 1257 952 1291 μὲν

157 1298 213 1334 γάρ
232 1298 291 1324 ἐστι
305 1297 461 1332 νοούμενον,
487 1297 657 1332 ἐπιθυμητὸν
679 1297 707 1324 δὲ
722 1299 783 1330 ταῖς
795 1299 953 1333 ἀσωμάτοις

157 1342 206 1368 καὶ
224 1340 309 1371 θείαις
323 1339 466 1374 δυνάμεσι.
478 1340 533 1366 Καὶ
544 1340 585 1371 τίς
599 1340 633 1367 ἂν
645 1340 746 1367 ὲννοῶν
766 1341 806 1373 εις
825 1340 953 1368 τοσοῦτον
967 1353 973 1356 -

159 1383 225 1417 ὕψος
237 1381 424 1417 ἐπαιρομένην
438 1381 489 1416 τὴν
502 1381 679 1417 ἀνθρωπίνην
694 1382 834 1409 εὐτέλειαν
853 1383 890 1418 μὴ
904 1384 953 1409 ὲκ-

160 1425 276 1459 πλαγείη
308 1424 355 1451 τὸν
379 1423 522 1458 λογισμὸν,
540 1424 589 1450 καὶ
617 1423 720 1457 τάξεως
746 1423 954 1460 ὲπειλημμένην

159 1466 310 1501 ἀγγελικῆς
323 1466 460 1501 καθορῶν,
474 1465 526 1492 οὐκ
537 1465 571 1492 ἃν
595 1465 710 1502 ἐκσταίη
725 1465 770 1492 τοῦ
786 1466 955 1501 καθεστηκό-

159 1515 205 1539 τος
217 1515 225 1541 ;
243 1507 364 1543 Πηλίνας
377 1508 472 1542 χεῖρας
484 1506 532 1533 τοῦ
548 1507 683 1534 ἀστέκτου
697 1506 955 1543 περιδρασσομένας

159 1549 257 1584 πυρὸς,
272 1549 321 1576 καὶ
334 1549 420 1581 πόδας
444 1549 563 1585 γεηρούς
586 1549 669 1584 σαρκὶ
685 1548 886 1584 διηρτημένους
907 1550 954 1577 τὸν

160 1591 233 1626 ἱερὸν
241 1590 453 1626 περιστίχοντας
464 1591 566 1626 χῶρον,
576 1590 734 1626 χωροῦντάς
742 1599 773 1616 τε
781 1590 953 1626 ἀνθρώπους.

163 1633 195 1659 Ὦ
207 1633 257 1667 τῆς
273 1632 337 1668 περὶ
359 1633 434 1668 ημᾶς
458 1633 506 1662 τοῦ
523 1632 592 1659 θεοῦ
619 1631 783 1667 κῃδεμονίας
797 1632 838 1664 είς
853 1632 888 1658 τὰ
899 1633 954 1660 τῶν

160 1674 301 1701 ἀδυνάτων
314 1674 450 1710 ἐνδότερα,
459 1674 507 1701 καὶ
521 1675 571 1709 τὴν
586 1673 709 1709 φρικώδη
723 1674 771 1701 καὶ
785 1673 954 1709 ἀναίμακτον

160 1715 256 1742 θυσίαν
268 1716 389 1750 ὲναίμοις
400 1716 449 1751 μὲν
459 1715 605 1747 τελοῦντας
618 1715 806 1749 παλάμαις,οὑ
816 1715 954 1750 καταφλε-

1001 1092 1116 1118 sterium
1150 1091 1305 1118 celebratur
1338 1094 1366 1117 et
1397 1089 1558 1122 exmllitur,
1589 1089 1691 1124 quippe
1722 1089 1798 1124 quod

1000 1139 1082 1159 onme
1109 1131 1284 1162 beneﬁcium,
1297 1137 1405 1158 omnem
1421 1129 1469 1157 Dei
1489 1137 1553 1164 erga
1572 1138 1621 1156 nos
1634 1130 1798 1157 benevolen-

1000 1173 1067 1200 tiam
1085 1177 1114 1200 et
1123 1180 1244 1200 amorem
1260 1172 1341 1206 longe
1357 1175 1481 1206 superat.
1500 1171 1660 1199 Sicutenim
1677 1177 1797 1200 mentem

1000 1214 1136 1250 percellit,
1149 1215 1190 1242 sic
1206 1213 1378 1248 incorporeis
1396 1218 1424 1240 et
1437 1213 1538 1241 divinis
1554 1213 1739 1248 potestatibus
1752 1221 1798 1242 res

1001 1260 1046 1284 est
1057 1255 1260 1283 desiderabilis.
1282 1255 1352 1287 Quis
1368 1254 1443 1281 enim
1463 1254 1546 1282 vilem
1566 1254 1711 1282 hominum
1727 1262 1796 1282 con-

1002 1297 1137 1326 ditionem
1159 1298 1194 1325 ad
1214 1296 1241 1324 id
1258 1297 1396 1332 fastigium
1417 1296 1518 1324 elatam
1536 1296 1635 1324 videns
1655 1301 1711 1325 non
1736 1301 1799 1325 stu-

1003 1339 1115 1375 pescat?
1129 1340 1192 1374 quis
1213 1339 1346 1367 homines,
1356 1339 1414 1374 jam
1433 1339 1546 1374 angelos
1568 1338 1657 1367 iactos
1675 1347 1731 1367 non
1744 1339 1798 1367 mi-

1004 1381 1097 1408 retur?
1113 1381 1211 1408 Manus
1224 1388 1240 1408 e
1259 1381 1323 1407 limo
1338 1380 1464 1407 formatis
1483 1381 1574 1415 ignem
1594 1380 1796 1409 intractabilem

1005 1426 1197 1455 contrectant;
1213 1423 1297 1458 pedes
1311 1423 1435 1458 argillosi
1451 1426 1478 1450 et
1493 1430 1577 1451 carne
1587 1423 1692 1451 sull'ulti
1705 1424 1796 1451 locum

1004 1470 1115 1492 sacrum
1138 1468 1166 1492 et
1190 1464 1301 1492 turbam
1319 1464 1503 1492 circumeunt.
1529 1463 1552 1492 0
1574 1464 1696 1492 divinam
1723 1466 1798 1494 circa

1004 1513 1056 1534 nos
1080 1506 1296 1542 indulgentiam,
1326 1505 1390 1541 qui,
1424 1506 1525 1533 mirum
1548 1506 1642 1539 dictu,
1668 1507 1798 1535 manibus

1004 1548 1128 1577 cruentis
1162 1547 1330 1576 sacriﬁcium
1361 1547 1582 1580 formidandum,
1621 1548 1798 1576 incruentum

1005 1591 1165 1626 perlicimus
1183 1596 1210 1618 et
1228 1591 1282 1626 igni
1300 1590 1408 1618 caelesti
1427 1596 1480 1617 non
1505 1590 1715 1618 consumimur!
1731 1591 1800 1624 Quis

1005 1634 1134 1666 tandem,
1162 1633 1252 1660 hancce
1279 1632 1395 1665 videns,
1416 1639 1464 1659 eos
1492 1632 1540 1667 qui
1565 1631 1639 1660 istud
1668 1633 1800 1661 sacriﬁcii

1007 1675 1122 1707 obeunt,
1140 1682 1195 1702 non
1211 1681 1310 1709 magna
1327 1674 1418 1709 aliqua
1431 1674 1531 1709 gratia,
1543 1681 1600 1702 non
1622 1673 1696 1703 dono
1707 1675 1800 1711 aliquo

1009 1717 1113 1744 caelesti
1126 1715 1208 1749 afﬁci,
1220 1717 1273 1742 alta
1290 1723 1358 1743 voce
1375 1716 1552 1743 clamabunt?

161 1758 294 1791 γομένους
316 1757 345 1784 δὲ
364 1758 405 1792 τῷ
426 1757 625 1792 ἐγχειρήματιι
646 1757 695 1789 Τίς
704 1756 740 1783 τὰ
754 1757 867 1784 τοιαῦτα
880 1757 1072 1794 καθορῶν,οὑκ
1086 1758 1120 1785 ἂν
1138 1759 1229 1792 χάριτι
1242 1758 1443 1791 κρείττονι,καὶ
1461 1759 1495 1793 τῇ
1506 1758 1610 1785 ἀνωθεν
1623 1759 1713 1795 δωρεᾷ
1723 1759 1800 1787 ἀδια-

162 1798 280 1835 φθόρους
299 1799 488 1834 διατηρεῖσθαι
506 1800 570 1831 τοὺς
593 1799 644 1834 τὴν
669 1798 797 1834 τοιαύτην
816 1800 1056 1836 ἐγχειριζομένους
1072 1799 1245 1835 λειτουργίαν
1273 1799 1379 1835 μεγάλῃ
1397 1800 1430 1835 τῇ
1443 1801 1518 1835 φωνῇ
1540 1800 1574 1827 ἂν
1585 1800 1799 1836 ὀμολογήσειεν;

204 1840 285 1867 Ἀλλά
309 1841 398 1868 ταῦτα
419 1841 469 1876 μὲν
490 1841 552 1876 ἐμοὶ
582 1841 740 1877 μελετῶντι,
756 1843 802 1869 καὶ
821 1843 953 1877 πολλάκις

1043 1842 1120 1869 Talia
1135 1842 1201 1869 mihi
1225 1841 1410 1869 consideranti
1430 1846 1458 1869 et
1476 1841 1570 1869 animo
1586 1849 1658 1878 saepe
1677 1839 1800 1872 volventi

162 1883 200 1909 διε
205 1883 380 1918 ρευνωμένψ,
392 1883 452 1914 δέος
463 1883 543 1919 ἐπῄει
560 1884 608 1911 καὶ
625 1884 699 1919 μόνῳ
712 1885 896 1919 προσὸάλλειν
910 1887 955 1914 λο-

162 1923 255 1959 γισμῷ
278 1925 312 1959 τῇ
334 1925 448 1961 τοιαύτῃ
466 1925 591 1961 διακονίᾳ
605 1926 656 1960 τῆς
672 1926 816 1961 πράξεως·
835 1927 955 1962 μεγάλω

163 1966 192 1993 δὲ
208 1966 308 2000 μᾶλλον
319 1967 367 1993 καὶ
380 1967 442 1997 τοὺς
454 1967 714 2002 καθυπηρετοῦντας
726 1967 820 2002 ἠξίουν
831 1968 878 1995 τοῦ
890 1969 957 1996 θαύ-

163 2015 262 2042 ματος,
278 2007 324 2034 καὶ
342 2007 417 2039 ὅπως
429 2008 460 2034 τὸ
475 2007 588 2043 θαρρεῖν
611 2009 641 2035 ὲν
656 2008 762 2041 τούτοις
780 2010 871 2045 ἔχουσι
888 2019 956 2038 κατ-

161 2048 350 2084 επληττόμηνο
367 2049 435 2076 ἀλλὰ
448 2049 547 2085 γὰρ-τὸ
563 2050 680 2085 φοϐερὸν
690 2050 740 2077 οὐκ
754 2051 896 2086 ἐξέφυγον,
908 2052 958 2079 καὶ

162 2090 215 2116 ὑπὸ
225 2091 275 2125 τῆς
289 2092 552 2127 προφυλαττομένης
566 2092 693 2127 ἀνάγκης
714 2092 797 2125 ἁλοὺς
813 2093 903 2128 λόγοις
915 2093 957 2126 οἷς

161 2131 176 2157 ὁ
185 2132 366 2166 συγχωρήσας
377 2133 457 2167 μόνος
471 2133 628 2161 ἐπιστατῶν
639 2135 864 2170 προεμηθήσατο.
876 2136 957 2163 Ἀθυ-

164 2172 215 2207 μία
225 2181 254 2198 τε
268 2173 316 2200 καὶ
334 2173 420 2208 πολλῇ
433 2175 465 2208 τῇ
486 2173 628 2210 ἀμηχανίᾳ
647 2176 790 2211 πιέζομαι.
802 2175 887 2213 Οἶμαι
902 2179 957 2215 γὰρ

162 2214 211 2256 καὶ
225 2215 288 2245 τοὺς
303 2215 357 2249 πρὸ
372 2214 470 2249 πείρας
481 2215 604 2250 ἐρῶντας
626 2218 745 2251 ταυτησὶ
757 2217 807 2252 τῆς
832 2214 955 2256 λειτουρζ

163 2255 236 2288 γίας,
249 2255 360 2282 ἐπειδὰν
375 2256 415 2287 εἰς
435 2256 518 2291 μέσον
533 2257 626 2289 αὐτοῖς
643 2257 698 2285 τῶν
715 2258 805 2294 ἔργων
818 2255 957 2297 καταστῆ-

163 2305 208 2323 ναι
224 2298 424 2337 παραχωρηθῇ,
451 2299 596 2326 ἀπονεύειν
617 2308 649 2326 τε
677 2301 725 2327 καὶ
746 2301 958 2337 μεταμελεῖσθαι

163 2338 207 2380 ἐφ’
221 2336 262 2370 οἷς
276 2339 467 2375 ἠϐουλήθησαν
493 2341 637 2377 πρότερον.
654 2343 741 2369 Ὅταν
753 2343 782 2369 δὲ
793 2344 825 2370 τὸ
842 2342 891 2371 καὶ
905 2345 958 2380 πρὸ

163 2379 213 2414 τῆς
224 2380 322 2415 πείρας
330 2381 378 2407 τοῦ
391 2382 555 2417 πράγματος
567 2382 637 2418 βαρύ
649 2392 679 2410 τε
693 2383 742 2410 καὶ
755 2379 959 2419 δυσϐάστακτον

164 2421 341 2454 ὲκλογίζοιτο,
352 2423 432 2456 φόϐοι
446 2431 476 2450 τε
488 2423 536 2450 καὶ
548 2423 665 2459 δείματα
675 2425 723 2452 τοῦ
742 2426 847 2461 μήποτε
858 2425 913 2462 ἄρα
928 2426 958 2454 τὸ

164 2462 284 2489 τοιοῦτον
305 2464 469 2499 ἀπροόπτως
491 2466 692 2494 ἐπελεύσεσθαι
720 2468 754 2502 τῇ
782 2467 855 2504 ψυχῇ
871 2477 958 2504 προσ-

1008 1884 1110 1912 accidit
1125 1888 1156 1911 ut
1169 1891 1201 1911 ea
1218 1883 1310 1910 omnia
1332 1883 1375 1911 vel
1396 1883 1454 1911 sola
1478 1883 1645 1919 cogitatione
1668 1886 1800 1922 prosequi

1007 1931 1168 1958 metuerem,
1183 1925 1298 1953 miratus
1319 1932 1367 1952 eos
1381 1924 1429 1960 qui
1448 1925 1492 1952 tali
1508 1933 1623 1954 munere
1640 1930 1719 1955 tanto
1734 1935 1799 1956 cum

1007 1968 1107 1996 ardore
1122 1968 1311 2003 iungerentur,
1322 1973 1472 2001 vocemque
1483 1968 1617 1996 antistitis
1628 1976 1662 1996 ex
1672 1970 1799 2008 necessi-

1007 2015 1063 2038 tate
1088 2010 1234 2046 prolatam.
1261 2008 1329 2037 Hinc
1357 2009 1440 2036 animi
1467 2009 1542 2037 vires
1564 2010 1694 2046 collapsa:
1713 2011 1799 2040 dublo

1007 2052 1172 2081 succedunt.
1193 2051 1416 2080 Arbitror‘cnim
1439 2051 1499 2080 fore
1513 2055 1543 2079 ut
1563 2053 1611 2088 qui
1626 2053 1691 2081 huic
1710 2054 1800 2082 divini
1819 2075 1822 2078 .

1008 2096 1100 2123 cultus
1113 2095 1205 2130 generi
1223 2094 1325 2127 l'avent,
1341 2095 1364 2122 si
1378 2093 1413 2121 ad
1428 2094 1597 2129 operandum
1615 2103 1800 2130 provocaren-

1008 2142 1063 2170 tur,
1075 2137 1131 2172 jam
1145 2137 1259 2169 nollent,
1272 2136 1328 2163 imo
1349 2135 1421 2164 facta
1440 2135 1540 2163 infecta
1554 2135 1668 2164 reddere
1687 2137 1799 2167 vellent.

1008 2180 1046 2206 Ea
1061 2186 1106 2207 res
1117 2179 1139 2206 si
1152 2179 1240 2214 primo
1251 2178 1350 2205 obtutu
1363 2185 1411 2212 per
1424 2184 1454 2204 se
1464 2177 1581 2205 diilicilis
1595 2179 1731 2214 videatur,
1739 2180 1800 2207 ani-

1008 2229 1070 2248 mus
1093 2228 1152 2248 eam
1169 2220 1326 2256 ponderans
1350 2224 1452 2247 metuet
1469 2228 1504 2248 ne
1525 2220 1720 2255 impedimenta
1747 2222 1801 2250 im-

1008 2263 1117 2298 pr0visa
1132 2262 1259 2290 accidant
1269 2266 1295 2290 et
1310 2261 1348 2289 rei
1365 2261 1514 2289 discrimen
1532 2268 1652 2298 augeant
1675 2263 1713 2290 Ea
1724 2264 1798 2291 enim

1007 2310 1050 2333 est
1076 2304 1160 2332 animi
1191 2308 1289 2331 natura
1304 2307 1334 2330 ut
1355 2311 1445 2331 rerum
1469 2304 1634 2337 futurarum,
1651 2311 1683 2332 ac
1700 2304 1728 2332 in
1746 2305 1801 2340 prl-

1008 2347 1059 2374 mis
1073 2346 1277 2374 fastidiosarum
1299 2344 1485 2380 tristiumque.
1498 2345 1644 2381 prasagiat
1658 2349 1800 2373 eventum.

1008 2387 1074 2420 Quae
1094 2389 1128 2421 si,
1145 2387 1336 2415 tantummodo
1354 2392 1445 2414 mente
1468 2391 1675 2423 praeconcepta,
1692 2387 1799 2416 intelle-

1007 2436 1082 2458 ctum
1106 2431 1279 2466 perturbant,
1295 2433 1466 2465 quantopere
1484 2436 1564 2466 putas
1591 2434 1618 2457 te
1644 2430 1798 2464 permoveri

1008 2479 1065 2500 rem
1088 2473 1176 2508 ipsam
1208 2477 1351 2508 expertum
1367 2472 1378 2499 2
1393 2471 1459 2505 Quae
1485 2473 1557 2500 enim
1582 2471 1659 2506 prius
1675 2472 1799 2508 cogitare

164 2508 350 2550 αρασσομενα,
361 2506 421 2550 οὐδὲ
430 2507 500 2550 πρὸς
510 2508 596 2544 αὐτὴν
608 2508 659 2544 τὴν
674 2509 790 2544 μελέτην
806 2512 953 2545 παρέχουσι

1009 2506 1146 2541 recusavit
1163 2506 1284 2546 animus,
1301 2521 1333 2541 ea
1351 2514 1442 2540 facere
1458 2521 1556 2541 manus
1570 2513 1628 2547 jam
1651 2506 1722 2542 totis
1731 2513 1799 2541 viri-

164 2546 195 2573 τὸ
210 2547 359 2582 ἀτάραχον.
373 2549 454 2584 Ψυχὴ
469 2549 524 2585 γάρ
550 2559 609 2581 πως
629 2551 735 2586 πέφυκε
751 2551 806 2578 τῶν
820 2552 953 2587 ἐσομένων

1010 2555 1060 2582 bus
1077 2555 1188 2590 refugit.
1200 2555 1328 2583 Attamen
1352 2556 1385 2582 ad
1401 2546 1577 2583 sanctitatem
1592 2560 1710 2583 vestram
1728 2557 1799 2583 scri-

166 2589 403 2623 προμαντεύεσθαι
431 2591 481 2626 τὴν
509 2591 664 2626 ἀπόϐασιν,
686 2593 806 2628 μάλιστά
830 2602 861 2628 γε
879 2594 958 2630 εἴπερ

164 2630 220 2656 τῶν
234 2630 324 2666 ἀηδῶν
339 2633 387 2658 καὶ
397 2632 554 2660 λυπούντων
569 2634 611 2669 εἴη
628 2634 664 2661 τὰ
688 2635 861 2671 ὐφορὼμενα.
872 2636 957 2663 Ὅταν

164 2670 211 2699 οὖν
224 2681 278 2699 τινι
294 2673 381 2700 ταῦτα
400 2676 448 2701 καὶ
463 2676 742 2711 προεπισκοπούμενα
750 2676 823 2704 οὕτω
840 2679 956 2714 συστρέ-

1008 2596 1074 2623 bcre
1091 2596 1117 2623 in
1134 2597 1228 2624 animo
1247 2601 1301 2629 est,
1317 2604 1351 2624 nc
1366 2596 1431 2631 quid
1451 2604 1548 2624 eorum
1563 2604 1624 2632 quae
1641 2597 1674 2624 ad
1691 2603 1798 2626 nosmet

1009 2642 1146 2673 spectant,
1167 2638 1318 2673 ignoretis;
1340 2639 1440 2672 quibus
1465 2638 1584 2673 cognitis
1612 2643 1640 2666 et
1669 2639 1797 2673 precibus

991 2680 1111 2711 ,vacetis
1124 2685 1151 2707 ct
1166 2681 1259 2707 animo
1276 2680 1396 2714 quietem
1410 2679 1543 2707 reddatis.

167 2723 205 2759 ξρῃ
215 2715 384 2759 καὶΔδιαδονῇ
396 2719 445 2754 τὴν
459 2719 591 2750 διάνοιαν,
606 2718 632 2744 τί
643 2719 693 2745 οὐκ
707 2719 740 2746 ἂν
761 2721 843 2752 αὐτὸς
855 2720 938 2748 πάθοι
953 2722 1040 2748 ταῦτα
1051 2722 1083 2757 τῇ
1098 2722 1181 2758 πείρᾳ
1195 2721 1396 2756 καρπούμενος,
1412 2719 1450 2748 ὧν
1462 2722 1478 2756 ἡ
1492 2721 1591 2756 μελέτη
1607 2720 1739 2756 πρότερον
1753 2721 1797 2747 τὸν

166 2757 295 2792 λογισμὸν
307 2758 524 2793 ὲκταράσαουσα.
541 2761 609 2796 πρὸς
620 2761 671 2796 τὴν
680 2761 854 2797 λειτουργίαν
866 2763 913 2789 τοῦ
927 2763 1089 2798 πράγματος
1105 2757 1245 2796 παντελῶς
1260 2764 1426 2799 ἀνεχαίτιζε;
1437 2765 1482 2789 Δεῖ
1498 2763 1520 2789 δ’
1534 2763 1582 2789 οὖν
1592 2763 1666 2795 ὅμως
1674 2762 1798 2799 πρὸςτὴν

202 2804 241 2838 (ί)
256 2805 350 2835 Graece
371 2809 443 2837 edita
466 2810 492 2837 in
517 2810 586 2838 libro
607 2809 652 2838 cui
678 2811 773 2838 titulus
789 2820 796 2838 :
813 2811 905 2846 Τόμος
932 2820 953 2846 χη

1004 2822 1038 2848 ις.
1055 2809 1100 2841 Ἑν
1121 2813 1262 2849 Ῥημνίκῳ
1273 2812 1339 2848 ,αψεζ
1353 2812 1455 2848 (1705),
1475 2811 1522 2839 fol.
1537 2811 1609 2840 Alibi
1627 2819 1680 2840 non
1697 2814 1797 2840 exstat.
