1931 3080
134 126 200 159 1019

854 126 1041 158 ADDENDA.

1697 125 1765 158 1020

125 181 263 216 ὑμετέραν
281 181 408 216 ὁσιότητα
426 182 543 216 γράφειν
556 181 759 216 ἀπαρχόμενον,
777 181 860 216 μηδὲν
871 181 925 207 τῶν
939 181 1000 208 καθ’
1019 181 1094 216 ἡμᾶς
1107 180 1333 216 ἀποκρύψασθαι,
1354 181 1392 212 ὼς
1409 180 1442 207 ἂν
1453 179 1540 207 ταῦτα
1555 179 1765 215 ὲκμανθάνουσα

124 223 219 258 εὐχαῖς
230 232 260 250 τε
278 224 315 258 μὴ
329 224 440 258 διαλίπῃ
453 223 648 257 ὲπαλείφουσα,
663 224 709 249 καὶ
722 223 767 249 τὸν
784 223 867 249 πολὺν
875 223 993 257 τάραχον
1003 224 1052 258 τῆς
1062 224 1151 259 ψυχῆς
1165 223 1384 257 κατευνασθῆναι
1397 223 1644 258 παρασκευάσειεν.

162 266 255 301 Itaque
276 274 290 292 a
308 267 394 301 prima
410 266 595 293 adolescentia
614 266 673 292 vita:
693 265 824 293 solitaria}
840 272 916 291 amor

127 306 251 338 incaluit,
273 315 305 334 ac
328 307 390 334 licet
407 316 513 334 morum
527 307 677 341 disparitas
694 307 821 334 resistere
845 306 920 333 vide-

126 347 217 380 batur,
244 349 327 376 studii
359 349 433 376 illius
457 349 603 377 sinceritas
632 349 714 379 vicit,
739 353 766 374 ct
792 348 920 375 voluntas

127 390 223 423 (multa
248 390 321 417 enim
344 390 473 425 variaque
499 390 737 425 proponebantur)
756 397 770 420 a
789 389 841 416 ﬁne
866 397 917 416 suo

129 431 199 458 haud
215 431 360 458 aberravit.
380 432 418 458 Ac
441 433 558 466 primum
581 432 692 466 quidem
717 431 805 466 patris
827 439 919 458 exelu-

127 472 200 507 plum
212 473 245 500 ad
255 473 383 501 virtutem
397 473 583 508 propellebat;
595 473 681 508 quiut
693 473 773 500 (idem
785 480 875 500 veram
888 479 920 503 ac

128 520 224 550 puram
243 514 465 548 amplecteretur,
479 514 582 542 divitiis
592 514 757 542 etoinnibus
773 514 920 541 mundanis

128 555 280 583 honoribus
304 555 446 588 vnledixit,
461 560 506 588 et,
523 557 607 583 multa
631 563 776 591 perpessus
787 576 794 587 ,
811 563 844 583 ne
862 557 921 584 sin-

127 596 190 629 gula
205 605 374 630 enumerem,
389 599 512 634 martyrii
525 600 643 633 palmam
661 599 824 633 reportavit.
837 598 922 626 Mater

127 644 238 672 quoque
261 638 308 666 Dei
329 644 357 666 et
371 641 480 668 virtutis
505 641 696 669 amantissima
716 641 804 667 mariti
828 649 922 668 excin-

129 679 202 714 plum
221 680 294 708 circa
318 683 409 708 otnnia
428 682 527 709 imitari
547 682 645 709 honori
670 683 722 709 sibi
751 682 838 709 duxit.
860 681 922 709 Haec

128 721 212 756 igitur
228 727 256 749 ct
275 722 377 750 similia
391 723 474 750 vitam
492 724 673 750 monasticam
689 723 857 755 suadebant;
873 724 920 751 sed

128 769 203 789 curae
224 764 370 791 mundana:
391 770 418 791 et
432 764 597 797 dignitatum
621 765 795 791 terrestrium
810 772 872 798 spes
888 765 922 793 ab

129 804 294 838 imperatore
319 805 379 841 ipso
394 805 494 833 oblatm
517 806 661 833 trahebant
678 806 920 841 retrahebantque.

129 846 183 874 Sed
208 856 252 876 res
286 848 440 882 praeteritas
466 848 597 875 oblivioni
625 848 757 880 tradens.
784 857 830 876 eas
861 857 923 884 qua:

130 890 255 923 proximo
274 895 397 926 tempore
426 890 598 921 acciderunt,
619 891 747 925 quamvis
765 891 920 918 tristissimi

129 933 183 959 sint
200 933 328 966 exempli,
343 939 375 959 ea
391 939 444 966 qua
457 938 553 966 potero
567 933 701 960 brevitate
715 940 861 967 exsequar.

932 267 954 294 Α
1002 265 1113 300 Νεαρᾶς
1133 265 1183 300 μὲν
1212 264 1259 291 οὖν
1274 265 1314 291 ἔτι
1329 264 1379 299 τῆς
1403 264 1511 299 ἡλικίας
1526 263 1620 298 οὗσης,
1635 263 1705 299 ἔρως
1717 264 1765 291 τοῦ

973 308 1108 342 μονήρους
1119 308 1279 343 συνήκμαζε
1303 307 1361 341 βίου
1373 326 1381 337 ,
1398 307 1422 332 εἰ
1438 306 1486 332 xui.
1500 306 1555 332 τῶν
1579 306 1689 332 οἰκείων
1702 307 1766 342 τρό-

971 358 1030 375 πων
1043 350 1110 383 πρὸς
1127 349 1208 375 αὐτὴν
1227 349 1242 383 ἡ
1258 347 1392 381 διαφωνία
1405 348 1459 374 τῶν
1471 347 1603 374 τοιούτων
1615 348 1767 383 ἀντιπράτ-

970 398 1055 417 τουσα
1071 392 1164 425 ἔρωτι,
1181 390 1262 425 μέχρι
1280 388 1378 416 πολλοῦ
1393 389 1426 415 τὰ
1440 389 1490 423 τῆς
1504 389 1653 423 ἐπιθυμίας
1664 389 1766 423 διετίθη

971 432 1140 467 ἀνενέργητα
1153 441 1159 447 ·
1175 433 1264 458 καίτοι
1281 431 1388 457 πολλῶν
1400 430 1581 465 ὑπαρχουσῶν
1600 430 1766 463 ὑποθέσεων,

971 475 1001 507 ἐξ
1018 471 1054 500 ὧν
1074 475 1157 508 ἐχρῆν
1167 474 1202 501 τὰ
1215 474 1265 508 τῆς
1279 473 1434 508 βουλήσεως
1447 472 1510 507 μηδ’
1527 472 1702 507 ἀφαμαρτεῖν
1718 472 1767 499 τοῦ

971 517 1075 548 τέλους.
1092 515 1147 543 Ἦν
1161 516 1217 551 γὰρ
1231 516 1277 542 καὶ
1304 514 1398 550 πατὴρ
1423 515 1454 541 τὸ
1473 514 1593 550 πρόσθεν
1608 514 1650 540 ἐπ’
1665 514 1768 549 ἀρετὴν

972 557 1222 593 προσκαλούμενος,
1241 557 1271 588 ὃς
1282 557 1366 583 ἕνεκα
1380 556 1460 590 δόξης
1479 555 1574 590 ὀρθῆς,
1588 555 1636 581 καὶ
1648 555 1768 585 πίστεως

972 599 1105 635 ἀληθοῦς,
1121 599 1231 634 πλούτῳ
1247 599 1296 633 μὲν
1310 599 1358 625 καὶ
1368 599 1429 629 ταῖς
1442 598 1496 624 τῶν
1514 597 1678 631 ἀξιωμάτων
1690 606 1768 632 περι-

973 642 1099 676 φανείαις
1121 641 1214 676 μακρὰ
1241 642 1348 676 χαίρειν
1374 638 1470 672 είπὼν,
1488 640 1536 666 καὶ
1553 640 1640 666 πάντα
1662 639 1768 669 παθὼν.

974 685 1017 711 ῐνα
1046 685 1083 719 μὴ
1107 683 1177 710 κατὰ
1211 683 1294 718 μέρος
1310 683 1391 716 λέγω,
1423 683 1451 708 ὲν
1467 681 1542 716 αὐτῷ
1569 681 1608 716 τῷ
1625 681 1769 717 μαρτυρίιιι

973 726 1166 760 ὑπερορισθεὶς
1192 725 1377 757 τετελείωται,
1406 726 1452 751 καὶ
1478 725 1571 760 μήτηρ
1598 724 1722 759 φιλόθεός
1739 732 1770 750 τε

973 769 1021 795 καὶ
1038 768 1182 802 φιλάρετος
1194 767 1298 794 καὶτοῦ
1312 767 1408 801 ἀνδρὸς
1424 766 1613 801 φιλονεικοῦσα
1628 766 1700 792 κατὰ
1717 774 1772 799 μη-

973 811 1017 838 δὲν
1035 812 1064 838 ὲν
1078 810 1183 842 τούτοις
1199 810 1451 844 ἀπολιμπάνεσθαι.
1473 809 1555 836 Ἀλλὰ
1573 809 1642 844 πρὸς
1656 809 1706 844 μὲν
1722 809 1772 843 τὴν

975 853 1125 888 μοναχικὴν
1148 852 1287 879 πολιτείαν
1315 852 1403 878 ταῦτά
1422 860 1451 877 τε
1480 852 1527 878 xui
1554 851 1668 877 τοιαῦτα
1689 851 1771 885 ἕτερα

975 894 1080 929 προσῆν
1096 893 1275 928 ἐφελκόμενα,
1292 893 1432 920 ἀνθεῖλκον
1449 893 1477 919 δὲ
1491 894 1538 919 καὶ
1554 893 1592 927 μὴ
1609 892 1771 927 βουλόμενον

937 935 956 961 Β
972 936 1104 971 κοσμικαὶ
1117 936 1267 970 φροντίδες,
1281 935 1329 962 xui
1342 935 1491 961 πολιτικῶν
1504 934 1670 968 ἀξιωμάτων
1679 934 1771 969 τιμαὶ,

128 973 161 1007 ἃς
187 974 250 1009 ἐμοὶ
271 974 398 1010 βασιλικὴ
415 974 486 1009 χεὶρ,
503 975 550 1000 καὶ
568 974 708 1009 βασιλικὸν
729 975 875 1012 ἐπανετίθη
894 975 1011 1012 θέλημα.
1034 977 1104 1004 Ἀλλ’
1124 978 1217 1004 ἐκεῖνα
1242 977 1292 1012 μὲν
1316 976 1525 1012 παρεληλυθότα
1551 977 1598 1002 xui
1619 976 1773 1010 γράφοντες

131 1016 355 1052 παρατρέχομεν·
367 1016 402 1042 τὰ
422 1017 450 1043 δὲ
473 1016 522 1043 νῦν
536 1017 727 1052 ὲπισυμῦάντα
742 1017 844 1052 πολλῆς
873 1018 923 1052 μὲν

941 1019 1105 1053 ὲπιδεόμινα
1117 1019 1166 1053 τῆς
1179 1019 1343 1054 διηγήσεως,
1362 1019 1414 1052 τῆς
1431 1019 1541 1052 μνήμης
1555 1018 1583 1044 δὲ
1606 1018 1659 1044 τῶν
1680 1017 1770 1052 λυπη-

131 1057 186 1092 ρῶν
200 1057 315 1084 ἐπιπολὺ
331 1057 478 1093 διατρίϐειν
491 1058 596 1089 τούτοις
613 1059 662 1085 οὐκ
679 1058 842 1094 ἐνδιδούσης,
859 1059 896 1091 ὠς
907 1058 963 1088 οἷόν
980 1060 1009 1087 τέ
1024 1060 1180 1087 ἐστιταῦτα
1191 1060 1371 1096 διηγούμενος
1386 1060 1554 1095 βραχυλογίᾳ
1565 1060 1769 1095 ἀποχρήσομαι.

164 1098 313 1133 Postquam
326 1099 350 1126 is
367 1100 414 1134 qui
431 1099 561 1126 Ecclesia:
576 1104 677 1127 nostra;
694 1099 813 1127 habenas
828 1108 922 1134 gesse-

131 1146 183 1174 rat,
197 1141 329 1177 dignitate
342 1149 392 1169 sua
407 1141 525 1172 excidit,
541 1145 568 1168 et
588 1141 644 1175 jam
669 1149 765 1169 onmcs
782 1148 919 1177 pastorem

131 1182 359 1218 circumspiciunt
375 1183 422 1218 qui
439 1183 562 1210 membra
579 1183 710 1210 Ecclesiae
725 1183 840 1218 disiecta
854 1191 919 1211 coa-

131 1223 236 1251 dunare
248 1230 275 1252 et
291 1232 336 1252 res
360 1224 486 1253 turbatas
517 1230 674 1252 restaurare
704 1225 794 1252 valeat
809 1226 918 1260 (magna

130 1266 204 1299 enim
219 1265 339 1301 undique
354 1270 506 1300 tempestas
514 1271 541 1293 et
554 1266 633 1293 undae
644 1267 806 1300 perniciosae
820 1272 917 1294 contra

131 1305 282 1335 Ecclesiam
304 1307 473 1341 alliserunl),
490 1308 611 1343 indignis
627 1308 708 1336 nobis
732 1313 759 1336 et
778 1308 917 1336 debilibus

133 1349 282 1384 imperator
297 1353 324 1382 ct
339 1350 513 1380 sacerdotum
536 1351 683 1378 concilium
701 1358 802 1377 munus
828 1350 920 1376 archi-

132 1391 288 1425 episcopale
306 1391 401 1418 invitis
413 1391 568 1427 imponunt.
583 1392 623 1418 Ac
637 1400 687 1419 nos
701 1392 811 1426 quidem
830 1392 920 1427 lacry-

133 1433 185 1460 mis
201 1437 228 1459 et
242 1433 370 1468 precibus
395 1433 448 1466 usi,
473 1438 534 1460 uta
563 1434 706 1468 proposito
731 1434 793 1460 illos
813 1433 920 1460 dissua-

131 1474 270 1507 deremus,
281 1483 377 1510 parum
388 1475 575 1510 profecimus;
597 1476 644 1502 alii
674 1477 747 1504 enim
777 1483 811 1503 ne
825 1475 920 1502 tantil.

134 1516 187 1543 lum
204 1516 313 1551 quidem
342 1524 357 1543 ιι
374 1518 525 1551 proposito,
553 1521 682 1552 provecta
714 1521 795 1544 aztatc
825 1522 921 1544 nostra

135 1558 210 1590 moti,
225 1558 271 1584 alii
284 1565 298 1584 a
311 1558 336 1584 vi
352 1558 492 1586 inferenda
510 1560 637 1587 recedere
651 1563 821 1594 satcgerunt,
832 1559 868 1586 ita
894 1563 924 1585 ut

135 1599 319 1626 midtitudiuis
334 1599 465 1634 sulIragia
479 1600 634 1633 vincerent,
650 1601 806 1628 resistentia
830 1606 924 1628 nostra

136 1641 243 1668 illorum
256 1641 472 1680 obstinationem
484 1642 511 1668 in
533 1641 621 1675 majus
635 1647 764 1676 augente.

1013 1103 1093 1137 Ἄρτι
1109 1102 1164 1136 γὰρ
1178 1101 1225 1128 τοῦ
1247 1102 1301 1137 πρὸ
1319 1101 1401 1137 ἡμῶν
1414 1102 1564 1138 ἱερατεύειν
1579 1102 1707 1136 λαχόντος
1721 1101 1774 1135 τῆς

974 1144 1102 1179 τοιαύτης
1109 1144 1186 1176 ἀξίας
1195 1143 1525 1178 ὑπεκστάντος,ποιμένος
1534 1144 1561 1170 δὲ
1568 1144 1636 1179 πρὸς
1644 1143 1773 1170 ἁπάντων

973 1186 1188 1220 ὲπιζητουμένου
1203 1185 1250 1211 τοῦ
1263 1185 1310 1212 xui.
1321 1186 1356 1212 τὰ
1372 1185 1562 1220 διεσπασμένα
1572 1185 1640 1220 μέλη
1653 1184 1704 1220 τῆς
1712 1185 1772 1210 Ἐκ-

973 1229 1088 1263 κλησίας
1101 1227 1218 1262 συνάψαι
1229 1227 1392 1262 δυναμένου,
1407 1227 1455 1254 καὶ
1471 1226 1521 1262 τὴν
1533 1227 1588 1252 τῶν
1601 1227 1773 1261 πραγμάτων

973 1269 1140 1296 κατευνάσαι
1152 1269 1275 1304 ταραχὴν
1285 1266 1367 1304 (ἦσαν
1379 1265 1525 1303 γὰρ,ῆσαν
1545 1267 1665 1294 ποικίλοι
1681 1276 1711 1293 τε
1724 1276 1760 1293 κα

972 1310 1138 1337 παντοδαποὶ
1152 1311 1222 1337 κατά
1241 1311 1291 1346 τὴν
1312 1310 1476 1345 Ἐκκλησίαν
1490 1309 1575 1342 σάλοι,
1595 1309 1641 1335 xui
1664 1308 1753 1335 κλύδω
1765 1322 1773 1327 -

973 1354 1041 1385 veg),
1057 1353 1080 1378 ὦ
1096 1354 1146 1388 τῆς
1171 1353 1211 1384 εἰς
1232 1353 1305 1388 ἡμᾶς
1319 1352 1462 1387 φιλοτίμου
1480 1352 1629 1387 ἐπηρείαςῐ
1646 1352 1679 1386 τῇ
1695 1350 1774 1385 ὴμῶν

974 1395 1102 1430 ἀσθενείᾳ
1112 1395 1158 1421 καὶ
1173 1394 1341 1430 μετριότητι,
1351 1395 1365 1420 ὂ
1375 1403 1404 1421 τε
1418 1393 1545 1428 βασιλεὺς
1552 1392 1633 1424 αὐτὸς
1643 1392 1690 1418 καὶ
1698 1391 1773 1418 ὸτῶν

975 1437 1070 1472 ίερέων
1087 1436 1236 1463 ἐπιτίθεται
1247 1436 1378 1470 σύλλογος
1385 1435 1581 1469 ἀπαραιτήτως
1595 1435 1626 1460 ἐκ
1642 1432 1773 1468 βιαζόμε-

975 1487 1015 1504 νοι
1035 1479 1082 1504 τὸν
1093 1479 1142 1512 τῆς
1153 1477 1360 1512 ἀρχιερωσύνης
1379 1476 1461 1509 ζυγὸν
1475 1475 1668 1508 ἀναδέξασθαι,
1679 1474 1773 1509 Ἠμῶν

975 1519 1003 1546 δὲ
1035 1519 1153 1554 δάκρυσι
1183 1519 1231 1545 καὶ
1263 1518 1378 1550 ἱκεσίαις
1405 1517 1627 1551 ἑκλιπαρούντων
1651 1517 1775 1542 πλείοσιν

976 1559 1099 1586 ἐνδοῦναι
1118 1559 1168 1593 μὲν
1177 1560 1225 1594 τῆς
1240 1559 1312 1595 βίας,
1320 1560 1423 1594 ἑτέροις
1433 1559 1462 1585 δὲ
1477 1559 1526 1594 τὴν
1539 1559 1629 1593 ψῆφον
1640 1557 1773 1584 ἐπιθεῖναι

975 1601 1053 1637 (ἀλλά
1075 1601 1134 1633 πῶς
1149 1601 1179 1628 τὸ
1195 1601 1259 1635 ἑξῆς
1281 1601 1448 1637 διηγήσομαι
1461 1600 1491 1633 ς).
1509 1600 1570 1626 οὐδὲ
1586 1599 1655 1634 πρὸς
1687 1599 1776 1634 βραχὺ

938 1639 959 1666 ⁸]
978 1643 1036 1673 ταῖς
1051 1642 1166 1673 ἱκεσίαις
1178 1642 1409 1677 ἑπικάμπτονται,
1421 1642 1466 1669 ἐπὶ
1480 1641 1580 1673 πολλὰς
1596 1641 1624 1667 δὲ
1639 1641 1688 1671 τὰς
1703 1641 1774 1674 ἠμε-

141 1691 183 1713 ιας
198 1682 278 1717 ἡμῶν
297 1682 346 1717 μὲν
364 1675 592 1716 ἀναὸαλλομένων
708 1682 757 1717 τὴν
779 1682 948 1717 ἐγχείρησιν,
971 1683 1085 1709 ἐκείνων
1098 1684 1126 1710 δὲ
1140 1683 1177 1718 μὴ
1194 1675 1341 1718 μεθιέντων
1360 1683 1410 1709 τοῦ
1435 1683 1586 1718 βιάζεσθαι,
1608 1682 1705 1715 κρατεῖ
1719 1680 1776 1705 τῶν

139 1724 266 1750 τλειόνων
284 1724 316 1749 τὸ
331 1723 469 1758 βούλημα·
486 1723 548 1749 ὅσον
561 1723 616 1757 γὰρ
630 1724 711 1758 ἡμεῖς
725 1723 902 1757 ἐνιστάμεθα,
915 1725 1043 1751 τοσοῦτον
1058 1725 1150 1756 αὺτοῖς
1161 1726 1178 1760 ὴ
1199 1725 1321 1755 ἐπίθεσις
1340 1723 1476 1759 ἒπηύξετό
1488 1732 1516 1749 τε
1532 1725 1578 1749 κα.
1595 1722 1722 1756 ὲξῄρετο.

167 1765 226 1792 Jam
245 1773 311 1792 vero
336 1769 430 1792 votum
447 1764 616 1798 signantium
640 1770 667 1792 et
688 1765 816 1799 pretiosa:
832 1766 926 1792 crucis

135 1816 242 1843 signum
257 1807 446 1843 exhibentium
465 1806 638 1836 sacerdotum
661 1812 688 1834 et
704 1808 926 1842 archipresbyte-

136 1857 228 1877 rorum
255 1850 353 1878 aderat
367 1855 501 1879 statutum
527 1857 646 1886 tempus.
665 1849 736 1882 Quid
754 1851 826 1877 enim
857 1857 926 1882 opus

135 1897 194 1920 erat
207 1897 237 1920 ut
257 1893 301 1920 illa
317 1893 417 1921 concio
430 1901 474 1921 me
493 1894 520 1920 in
537 1893 673 1928 lacrymas
690 1893 789 1925 etruso,
815 1896 926 1924 tempus

138 1935 256 1962 tereret?
274 1934 407 1970 Equidem
429 1936 526 1962 nescio
539 1942 604 1962 num
631 1934 678 1962 Dei
696 1934 869 1969 providentia
891 1941 924 1959 an

137 1977 172 2003 ob
190 1981 301 2012 peccata
321 1983 382 2004 mea
407 1976 663 2011 archiepiscopatus
676 1976 772 2010 jugnm
791 1975 856 2002 mihi
877 1975 928 2001 itu-

139 2018 283 2052 posuerint
306 2019 365 2050 uni,
392 2018 438 2052 qui
466 2019 576 2046 nonnisi
599 2018 778 2047 desolationis
811 2025 925 2052 parvum

137 2059 247 2094 aliquod
261 2060 385 2088 solamen
401 2060 566 2094 qumrebam.
584 2058 624 2086 Ac
643 2059 732 2094 primo
747 2058 786 2086 illi
803 2058 875 2085 inter
898 2065 928 2085 se

126 2099 310 2134 'diti'erebant,
328 2101 362 2128 ad
381 2102 504 2128 schisma
523 2100 670 2135 propensi;
698 2099 746 2127 sed
776 2099 927 2127 concordia

137 2142 261 2177 quasdam
278 2143 371 2170 innata
384 2143 411 2169 id
426 2142 490 2169 fecit
519 2146 550 2169 ut
571 2149 632 2176 quae
660 2145 785 2176 separata
799 2141 928 2175 iacebant

138 2185 229 2212 denuo
252 2184 445 2219 jungercntur,
462 2182 537 2211 unde
565 2183 655 2210 ftedus
672 2189 773 2209 novum
793 2189 928 2217 pangere-

138 2232 193 2253 tur.
212 2226 244 2252 Et
259 2227 389 2261 quoniam
410 2233 483 2253 nunc
511 2225 630 2252 maxime
647 2224 681 2251 ad
699 2223 860 2258 dignitatem
881 2232 928 2250 ar-

138 2267 369 2303 chiepiscopalem
384 2266 471 2294 evecti
486 2274 595 2297 sumus,
612 2272 711 2293 manus
731 2265 874 2299 supplices
893 2264 927 2292 ad

139 2309 224 2336 Deum
236 2309 454 2343 omnipotentem
470 2307 592 2334 tollimus
605 2311 634 2334 ut
649 2306 730 2334 nobis
743 2306 770 2333 in
782 2306 863 2333 rebus
879 2313 929 2333 no-

139 2351 205 2378 stris
216 2357 379 2378 succurrere
391 2350 418 2378 ei
433 2349 698 2384 libeat,grcgemque
707 2349 787 2376 nobis
797 2349 929 2376 commis-

139 2400 199 2420 sum
212 2397 240 2419 ut
250 2391 300 2420 rite
315 2391 473 2423 conducere
480 2395 508 2418 et
520 2396 649 2426 suprema
663 2391 793 2420 felicitate
803 2391 855 2418 frtri
864 2399 926 2426 per-

139 2433 277 2465 mittat.Ut
284 2442 348 2462 vero
354 2433 512 2462 communio
524 2433 585 2460 lidei
594 2434 815 2461 coimuunionem
825 2434 852 2461 in
862 2433 928 2461 cita-

141 2478 222 2504 ritate
232 2485 327 2512 puram
342 2482 369 2505 et
385 2477 522 2504 sinceram
538 2480 693 2508 conservet,
701 2484 762 2511 qum
771 2480 927 2511 sequuntur

141 2518 281 2546 sanctitati
300 2522 352 2548 tua!
368 2517 500 2545 divinitus
512 2516 651 2551 inspirata:
667 2519 906 2550 communieamus
920 2526 927 2544 :

140 2559 200 2586 Ἵνα
217 2559 246 2585 δὲ
261 2559 309 2586 καὶ
334 2560 352 2595 ἡ
374 2559 501 2587 κοινωνία
516 2558 566 2593 τῆς
590 2558 709 2590 πίστεως
722 2559 773 2594 τὴν
789 2560 818 2585 ὲν
834 2559 929 2594 ἀγάπῃ

1016 1767 1086 1801 Ἦδη
1103 1767 1157 1801 γὰρ
1183 1767 1258 1801 καὶή
1275 1766 1366 1802 ψῆτρος
1387 1763 1653 1800 χειρογραφούντων,
1668 1762 1715 1788 καὶ
1729 1762 1776 1788 τὸν

977 1808 1062 1835 τύπον
1075 1808 1122 1835 τοῦ
1137 1809 1229 1843 τιμίου
1238 1808 1420 1843 προτιθέντων
1433 1806 1562 1842 σταυροῦ,
1573 1804 1648 1840 παρά
1664 1805 1774 1831 πάντων

979 1850 1076 1886 ίερέων
1102 1859 1130 1876 τε
1155 1851 1202 1876 καὶ
1214 1850 1367 1885 ἀρχιερέων
1382 1849 1560 1884 διεπράττετο
1576 1847 1661 1878 τέλος·
1677 1846 1703 1872 τί
1718 1847 1774 1879 γὰρ

978 1893 1031 1927 χρὴ
1047 1893 1103 1924 τοῖς
1120 1892 1181 1918 τότε
1213 1892 1399 1926 συνενεχθεῖσι
1431 1890 1618 1926 χρονοτριϐεῖν
1639 1890 1696 1920 τοῖς
1718 1888 1774 1913 τῶν

977 1935 1106 1970 δακρύων
1130 1935 1370 1971 περιρραινομένῳ
1399 1934 1524 1969 exsto?“
1543 1933 1601 1959 Οὐκ
1631 1929 1691 1962 οἷδ’,
1719 1931 1773 1956 εἴτε

978 1976 1092 2011 προνοίᾳ
1108 1976 1188 2007 Θεοῦ,
1202 1976 1252 2002 εἴτ’
1267 1975 1311 2002 ἐπ’
1327 1975 1433 2010 ἐλέγχῳ
1446 1974 1501 2000 τῶν
1519 1973 1661 2009 ἡμετέρων
1684 1973 1775 2006 ἀμαρ-

978 2018 1109 2052 τημάτων
1124 2017 1169 2044 τὸν
1184 2017 1233 2052 τῆς
1256 2016 1464 2051 ἀρχιερωσύνης
1479 2015 1562 2048 ζυγὸν
1583 2013 1771 2047 ὲπιφορτίζου-

979 2068 1020 2085 σιν
1035 2059 1077 2085 ἐνὶ
1093 2059 1165 2094 μόνῳ
1182 2058 1284 2093 μικρὰν
1296 2058 1346 2091 τῆς
1359 2057 1480 2090 ἀθυμίας
1505 2054 1669 2090 παραψυχὴν
1687 2054 1770 2087 ἐφευ-

981 2100 1157 2136 ρίσκοντι.”0
1170 2108 1196 2126 τι
1214 2099 1308 2133 σχεδὸν
1319 2098 1407 2124 εἰπεῖν
1420 2098 1489 2132 πρὸς
1505 2097 1637 2131 ἀλλήλους
1648 2096 1773 2136 διαφερο-

980 2135 1069 2178 μένων
1090 2141 1237 2173 ἁπάντων,
1270 2140 1317 2166 καὶ
1337 2139 1462 2174 ἀλλήλων
1489 2137 1693 2172 ἀποτέμνεσθαι
1724 2135 1773 2178 xui

978 2183 1203 2218 ἀπορρήγνυσθαι
1217 2182 1452 2217 φιλονεικούντων,
1467 2179 1642 2214 ὁμοφροσύνη
1659 2186 1702 2208 τις
1724 2177 1774 2203 καὶ

978 2224 1192 2261 ὀμογνωμοσύνη
1209 2225 1268 2255 ταῖς
1287 2223 1378 2250 αὐτῶν
1397 2223 1534 2256 ἐμφυείσα
1558 2220 1671 2255 ψυχαῖς,
1688 2218 1723 2245 τὰ
1736 2218 1774 2244 δι-

979 2267 1186 2302 εσκορπισμένα
1207 2266 1319 2299 συνῆγε,
1346 2265 1394 2290 xui.
1417 2264 1453 2290 τὰ
1467 2262 1639 2298 διερρωγότα
1656 2261 1772 2302 συσφίγ-

979 2317 1066 2342 γουσα
1084 2309 1134 2342 τὴν
1164 2307 1300 2342 προτέραν
1331 2306 1460 2340 ὁμόνοιαν
1476 2304 1619 2339 ἐχαρίζετο
1633 2311 1641 2318 ·
1657 2302 1705 2329 καὶ
1725 2301 1773 2327 νῦν

979 2350 1029 2386 τὴν
1045 2351 1182 2385 ὑμετέραν
1200 2348 1400 2384 ἀρχιερατικὴν
1413 2355 1442 2373 τε
1467 2346 1516 2373 καὶ
1543 2344 1685 2386 ίερατικὴν
1700 2343 1773 2386 ὁσιό-

944 2411 966 2438 D
979 2384 1050 2426 τητα
1063 2384 1103 2422 εἰς
1117 2391 1267 2426 πρεσὸείαν
1282 2390 1350 2424 πρὸς
1364 2390 1410 2414 τὸν
1426 2388 1480 2414 τῶν
1500 2387 1568 2413 ὅλων
1580 2384 1710 2438 κινοῦμξν
1726 2384 1772 2409 Δε-

1027 2435 1032 2438 .
1123 2435 1129 2438 .
1252 2432 1258 2438 ι
1381 2430 1387 2438 1
1441 2430 1448 2438 ι
1491 2428 1530 2438 ,h‘
1545 2427 1671 2438 Δ..Ε-Ω...
1694 2426 1761 2438 -τιλ-ι

982 2425 1094 2468 σπότην,
1118 2425 1339 2466 ἀκαταγνώστως
1359 2430 1409 2465 μὲν
1424 2430 1454 2455 τὸ
1469 2428 1530 2454 καθ’
1545 2428 1619 2462 ἡμᾶς
1630 2425 1772 2468 διαθεῖναι,

981 2465 1221 2509 ἀκαταγνώστωςγ
1238 2474 1267 2500 δὲ
1289 2473 1339 2507 τὴν
1367 2471 1627 2507 ὲμπεπιστευμέντ,ν
1657 2465 1774 2493 διιθῦναι

981 2518 1110 2552 ποίμνην,
1126 2518 1174 2544 καὶ
1194 2517 1245 2551 τῆς
1265 2515 1370 2542 ἐκεῖθεν
1390 2513 1541 2547 εὐτυχῆσαι
1559 2509 1773 2546 μακαριότητος,

956 2551 1101 2585 κοινωνίαν
1117 2558 1229 2594 ἀρραγῆ
1258 2565 1289 2584 τε
1310 2557 1358 2583 καὶ
1377 2555 1524 2582 ἀνόθευτον
1549 2551 1773 2586 διαφυλάττοιτο»

140 2600 242 2636 ταύτην
261 2601 294 2636 τῇ
322 2600 445 2636 ὑμετέρᾳ
467 2599 655 2635 θεοσυλλὲκτῳ
672 2599 794 2634 ὁσιότητι
817 2600 1054 2627 ἀνακοινώσασθαι
1080 2599 1290 2633 ἑδικαιώσαμεν.

175 2641 264 2668 (ΣΙ-οιίο
291 2642 318 2667 in
339 2649 423 2668 unum
446 2641 541 2674 Deum,
569 2642 731 2675 perfectum,
757 2641 927 2671 absolutum.

141 2682 260 2715 Patrem,
274 2681 372 2709 Filium
388 2688 415 2709 et
427 2682 558 2716 Spiritum
570 2687 707 2715 sanctum,
729 2690 782 2709 non
795 2689 928 2716 separatis

142 2728 269 2750 naturam
281 2724 311 2759 h)
319 2723 471 2758 postasium
490 2723 644 2750 dili‘erentia
665 2723 735 2758 (Arii
755 2724 827 2750 enim
838 2723 927 2750 haere-

143 2765 182 2791 Sis
197 2771 291 2799 pereat
304 2766 343 2800 l);
364 2765 420 2791 imo
439 2767 545 2791 natura:
567 2764 712 2792 identitate
739 2765 928 2800 hypostasmnt

142 2807 325 2835 dim-rentiam
350 2809 466 2835 honoro.
499 2806 611 2834 Sabellii
629 2808 703 2834 enim
731 2815 842 2842 quoque
868 2808 930 2835 volo

143 2849 269 2877 ιιι-[θείω
292 2851 430 2885 perditum
453 2850 496 2878 iri.
515 2850 546 2876 Et
574 2851 599 2877 in
617 2850 820 2878 sanctissimam
837 2851 930 2876 Trini-

1017 2641 1143 2668 Πιστεύω
1158 2632 1303 2675 τοιγαροῦν
1319 2640 1359 2670 είς
1372 2639 1422 2665 ἕνα
1441 2636 1519 2668 Θεὸν,
1543 2635 1658 2666 τέλειον,
1672 2632 1775 2675 τελειο-

981 2684 1057 2710 ποιὸν
1083 2673 1211 2718 Πατέρα,
1228 2673 1302 2714 Tim,
1314 2682 1363 2708 xui
1379 2681 1490 2714 Πνεῦμα
1510 2678 1599 2712 ἅγιον,
1619 2677 1649 2703 οὐ
1663 2673 1776 2718 κατατὲ-

983 2735 1058 2760 μνων
1072 2727 1107 2759 τῇ
1122 2716 1176 2752 τῶν
1202 2724 1379 2751 ὑποστάσεων
1396 2723 1550 2757 ἑτερότητι,
1565 2720 1613 2746 xui
1630 2719 1680 2753 τὴν
1693 2716 1776 2751 φύσιν

982 2767 1170 2801 (ὲκτεμνὲσθω
1182 2767 1259 2801 γάρὴ
1274 2764 1381 2798 Ἀρείου
1394 2762 1576 2797 κατατομὴι),
1588 2760 1655 2788 ἀλλὰ
1669 2760 1702 2793 τῇ
1713 2766 1779 2801 ταυ-

982 2799 1077 2843 τότητι
1095 2808 1146 2842 τῆς
1173 2799 1281 2842 φύσεως
1311 2806 1360 2842 τὴν
1374 2805 1428 2832 τῶν
1448 2804 1626 2831 ύποστάσεων
1643 2799 1778 2845 διαφορὰξ

980 2850 1097 2882 δοξάζω.
1111 2847 1332 2884 ’Συναναιριίσθω
1348 2847 1404 2882 γὰρ
1419 2844 1619 2881 παραπλησίως
1633 2843 1681 2870 καὶ
1696 2842 1713 2876 ὴ
1728 2842 1778 2866 τοῦ
