1931 3080
171 110 248 153 '1023

901 124 1088 155 ADDENDA.

1737 129 1792 162 1024

176 179 341 207 dissimilem
361 187 425 208 esse
444 182 630 215 somniabant,
658 183 790 212 unitatem
818 188 900 218 porro
927 188 952 208 ει

1014 179 1172 214 όνειρώξας,
1184 181 1341 213 ἀκολούθως
1369 182 1384 209 ό
1399 181 1554 217 τρισάθλιος
1566 183 1660 210 καλεῖν
1670 185 1720 220 τὴν
1736 195 1791 212 παν-

174 221 282 249 duabus
297 224 404 250 naturis
419 224 649 259 proﬁciscentem,
659 227 686 253 in
701 234 783 253 unam
800 225 898 253 deinde
912 232 962 251 na-

176 266 267 290 turam
279 264 436 297 conﬂatam,
449 268 574 294 neutrius
583 268 741 302 qualitates,
759 275 810 294 nec
831 266 963 297 divinam,

176 312 227 332 nec
251 305 398 333 humanam
419 314 609 336 conservasse.
631 308 771 341 Quintam.
800 308 863 342 quia
883 307 964 342 plane

174 346 337 381 exstirpavit
350 347 478 383 dogmata
490 348 598 377 funesta
612 354 639 377 et
651 351 678 377 in
692 350 834 378 hominum
850 349 962 376 exitium

173 392 237 413 nata
259 387 334 423 impii
353 388 489 421 Nestorii,
511 391 557 424 qui
571 391 721 419 Ecclesiam
738 391 808 418 male
827 391 962 425 guberna-

172 428 211 455 vit
229 437 237 462 ;
262 429 324 457 dein
340 430 477 459 Theodori
493 432 675 467 Mopsuestini
699 440 754 461 non
780 433 879 460 minori
899 439 961 460 cum

173 470 314 505 impietate
336 472 459 507 episcopi
483 479 575 509 partes
590 475 698 509 agentis
718 482 816 502 vanam
835 473 961 501 batresim

170 513 329 541 eradicavit.
340 514 401 542 Haec
410 515 503 543 eadem
512 516 634 551 synodus
642 517 798 551 Origenem,
807 515 961 551 Didymum,

171 554 326 588 Evagrium,
337 557 383 590 qui
397 557 597 592 philosophiam
612 559 792 593 graecanicam
800 557 914 591 amplexi
934 556 960 583 in

170 596 320 631 impietatis
345 598 474 633 abyssum
496 599 685 631 conciderant.
705 598 958 626 anathematizavit.

168 638 277 667 Gradus
289 647 408 675 namque
433 640 598 673 divinitatis.
614 645 642 669 et
659 641 811 668 animarum
830 640 960 676 pracexsi-

169 680 296 707 stentiam
308 688 458 721 earumque
469 689 531 709 cum
544 681 662 710 Numine
675 683 851 710 concordiam
863 686 890 709 et
903 681 960 708 dis-

168 722 290 748 cordiam
305 721 562 758 ﬁngentes,easque
578 723 604 751 in
614 724 720 751 diversa
735 731 851 759 corpora
867 728 960 750 trans-

168 767 300 797 ponentes
312 782 320 795 ,
340 770 482 797 poenarum
518 765 635 800 denique
655 766 735 793 linem
757 770 784 793 et
804 766 958 792 daamonum

166 804 348 832 defectionem
360 806 438 839 quasi
451 806 635 840 ruminantes,
646 807 717 834 ultra
735 807 845 834 modum
856 806 957 833 fabulis

1015 222 1098 256 αγίαν
1112 223 1252 257 Θεοτόκον,
1267 224 1398 251 Θεοτόκον
1414 226 1528 260 κυρίως,
1544 226 1734 262 άπηρνήσατο.
1746 229 1791 263 Τὴν

1013 263 1041 290 δὲ
1056 265 1200 301 τετάρτην,
1217 265 1255 297 ὡς
1268 266 1314 292 τὸν
1326 266 1444 301 δυστυχῆ
1465 266 1574 301 Εὐτυχῆ
1596 268 1644 294 καὶ
1658 269 1792 304 Διόσκορον

1012 306 1059 332 τὸν
1071 306 1208 343 ἀλάστορα
1221 308 1413 342 διαταράξασαν
1427 309 1474 335 καὶ
1483 309 1723 344 ἁναθεματίσασαν
1733 311 1792 345 μετά

1012 346 1063 380 τῆς
1077 348 1280 380 φαντασιώδους
1304 349 1394 376 αὐτῶν
1411 350 1625 385 φρενοϐλαϐείας
1644 352 1693 378 καὶ
1713 352 1793 386 πάσης

1012 389 1103 430 αὐτῶν
1118 390 1167 425 τῆς
1181 392 1346 426 συμμορίας·
1358 391 1407 426 τὴν
1417 391 1471 426 γὰρ
1485 392 1531 419 τοῦ
1544 392 1645 427 Κυρίου
1659 394 1747 428 σάρκα
1760 395 1792 430 μὴ

1012 427 1083 456 εἶναι
1106 431 1173 466 ἡμῖν
1199 432 1344 466 ὁμοοῦσιον
1372 433 1537 468 ὲληρῲδουν,
1564 433 1621 460 ἀλλ’
1643 434 1676 460 Ix
1691 427 1737 461 δύο
1752 427 1792 470 μὲν

1012 471 1122 505 φύσεων
1137 473 1187 508 τὴν
1211 473 1312 501 ἕνωσιν
1329 474 1468 508 γενέσθαι,
1483 475 1523 505 εἰς
1537 474 1602 509 μίαν
1615 475 1644 502 δὲ
1664 476 1734 510 μετὰ
1751 476 1792 510 τὴν

1011 512 1110 540 ἕνωσιν
1126 515 1349 550 συναναλωθῆναι
1363 515 1455 550 φύσιν,
1469 515 1620 551 μηδετέρας
1642 517 1792 550 ἀποσώζον-

1013 562 1063 581 σαν
1081 556 1117 582 τὰ
1137 556 1279 592 ἰδιώματα,
1308 559 1378 593 μήτε
1403 559 1452 593 τῆς
1467 557 1573 592 θεῖκῆς,
1591 560 1660 594 μήτε
1685 559 1738 593 μὴν
1751 560 1793 594 τῆς

1011 595 1196 632 ἀνθρωπίνης.
1210 599 1266 625 Καὶ
1274 599 1324 634 τὴν
1335 599 1465 635 πέμπτην
1475 600 1515 631 δὲ,
1527 599 1565 630 ὡς
1578 600 1748 635 έκτεμοῢσάν
1765 609 1791 626 τε

1011 639 1060 664 καὶ
1081 639 1317 676 ἁποτεφρώσασαν
1333 641 1425 668 τέλεον
1448 641 1483 668 τὰ
1507 642 1551 669 ἐπ’
1563 642 1668 677 ὀλέθρῳ
1682 643 1737 668 τῶν
1752 650 1792 676 γε-

1011 681 1181 715 γεννηκότων
1193 682 1427 718 ἀναρριπιζόμενα
1443 684 1529 718 μιαρὰ
1550 683 1676 719 δόγματά
1704 693 1733 710 τε
1750 685 1792 710 καὶ

1010 723 1140 758 κυήματα
1151 724 1198 751 τοῦ
1217 725 1365 758 δυσσεϐοῦς
1377 726 1526 759 Νεστορίου
1537 726 1583 753 τοῦ
1596 727 1647 761 τῆς
1665 726 1792 761 βασιλίδος

1009 765 1098 797 ἀθέως
1127 766 1354 802 ίεραρχήσαντος.
1368 769 1416 794 καὶ
1432 768 1571 803 Θεοδώρου
1598 768 1645 794 τοῦ
1667 768 1792 803 Μομψου-

1010 807 1103 838 εστίας
1127 807 1279 843 ἀθεώτερον
1303 810 1551 844 ἑπισκοπήσαντος,
1580 809 1680 841 αὐτούς
1706 817 1736 836 τε
1750 809 1792 836 καὶ

166 850 194 874 et
210 847 338 874 inanibus
354 847 527 875 sermonibus
544 856 605 875 sese
619 848 765 876 dederunt.
782 848 834 875 Sed
852 853 952 875 sextam

1009 848 1115 880 πάντας
1127 849 1190 880 τοὺς
1205 849 1254 884 τὴν
1268 850 1354 884 αὐτὴν
1371 850 1462 882 αὐτοῖς
1475 851 1711 886 μεταιοφροσύνην
1720 852 1792 878 ἔκνο-

165 895 276 922 quoque
292 888 432 922 proﬁteor,
440 897 500 924 quae
517 889 669 917 Honorium
679 893 706 917 et
715 890 836 917 asseclas
849 890 920 924 ejus,
930 894 957 916 et

166 929 291 964 Sergium
301 930 504 965 Macariumque
514 931 709 958 miraculorum
721 932 821 959 stultos
834 933 955 958 cultores

164 976 248 1007 atque
263 980 311 1000 cos
327 973 374 1007 qui
393 973 501 1000 illorum
511 973 678 1009 impietatem
694 975 760 1001 totis
770 974 849 1001 labiis
859 979 954 1009 gusta-

163 1014 481 1044 runt.interemit.Unam
489 1015 561 1043 enim
574 1015 739 1043 voluntatem
746 1019 772 1042 et
781 1023 862 1042 unam
873 1016 955 1043 actio-

164 1063 224 1082 nem
237 1055 347 1083 Christo
359 1056 413 1083 Deo
425 1060 520 1083 nostro
529 1057 575 1091 qui
589 1057 720 1084 eduabus
728 1059 836 1084 naturis
850 1057 953 1084 inﬂexi-

163 1097 266 1124 bilibus
292 1096 404 1132 prodiit,
419 1098 490 1124 mala
508 1102 600 1125 mente
620 1099 666 1125 isti
687 1098 739 1125 viri
755 1098 865 1125 nefandi
876 1098 955 1125 attri-

163 1139 291 1166 buerunt.
302 1139 380 1166 Addo
390 1139 473 1166 etiam
494 1141 643 1167 secundam
670 1143 795 1167 sanctam
813 1139 950 1168 Nicmnam

164 1180 300 1215 synodum
316 1188 377 1214 quin
399 1179 608 1214 lconomachos,
625 1181 651 1208 id
665 1185 707 1208 est
723 1179 951 1209 Christomacbos

163 1222 301 1256 depressit
322 1226 349 1249 et
374 1221 535 1249 eorumdetn
554 1223 789 1250 manichmismum
804 1223 947 1250 exstinxit.

162 1263 269 1290 Domini
283 1264 309 1291 hi
320 1264 406 1292 nostri
417 1264 496 1292 nobis
506 1264 741 1292 conSubstantiale
751 1271 876 1292 sanctum
887 1273 950 1293 cor-

161 1313 214 1340 pus
239 1308 351 1341 pingere
375 1307 603 1339 extimescebant,
616 1315 734 1342 eumque
747 1307 870 1341 ejusdem
884 1315 947 1335 cum

161 1347 242 1375 nobis
256 1348 417 1374 substantiae
431 1355 492 1375 esse
507 1351 649 1382 negantes.
665 1348 719 1375 llas
736 1348 819 1382 igitur
843 1353 946 1383 septem

161 1393 272 1417 sanctas
288 1393 314 1416 et
335 1389 522 1417 mcutnenicas
544 1389 665 1423 synodos
687 1397 814 1422 veneror,
836 1389 949 1418 anathe-

161 1430 295 1458 matizans
326 1438 374 1458 eos
388 1430 435 1465 qui
455 1430 489 1457 ab
517 1430 585 1465 ipsis
604 1431 828 1457 anathematizati
857 1435 920 1458 sunt
939 1439 946 1464 ;

160 1473 328 1506 amplectens
336 1476 363 1498 et
375 1472 518 1499 celebrans
528 1479 575 1499 eos
588 1480 656 1507 quos
672 1472 725 1499 illa:
742 1473 944 1501 collaudarunt.

1010 889 1157 923 σήσαντας.
1170 890 1207 916 Οὐ
1226 891 1279 925 μὴν
1294 891 1363 918 ἀλλά
1373 900 1404 925 γε
1415 893 1447 927 δὴ
1461 893 1507 919 καὶ
1520 892 1558 924 ὡς
1567 893 1754 920 διασπάσασάν
1766 901 1794 919 τε

1007 930 1056 956 καὶ
1073 930 1255 965 ὲκθερίσασαν
1275 933 1425 967 Ὦριγένην,
1453 933 1582 968 Δίδυμον,
1606 935 1740 969 Εὑάγριον
1754 936 1794 961 ἐλ-

1005 971 1150 1006 ληνόφρονι
1166 973 1300 1007 λογισμῷ,
1315 974 1363 1000 καὶ
1376 974 1500 1009 ἀσυνέτῳ
1517 975 1613 1010 γνώμῃ
1627 977 1667 1006 είς
1681 976 1792 1011 ἔσχατον

1007 1012 1088 1047 βυθὸν
1102 1013 1248 1048 ἀθεότητος
1273 1015 1502 1049 έμπεπτωκότας.
1519 1015 1645 1050 Βαθμοὺς
1672 1017 1728 1051 γὰρ
1747 1020 1792 1044 καὶ

1005 1054 1154 1086 ὑποϐάσεις
1170 1054 1297 1090 θεότητος
1310 1056 1526 1087 άναπλάσαντες,
1541 1057 1588 1083 καὶ
1612 1057 1708 1091 ψυχῶν
1725 1067 1791 1092 προ-

1004 1095 1158 1131 ῦπάρξεις,
1187 1096 1235 1123 καὶ
1259 1097 1310 1131 τῆς
1333 1097 1402 1132 πρὸς
1424 1097 1455 1123 τὸ
1482 1097 1560 1124 Θεϊον
1575 1098 1665 1125 αὐτῶν
1677 1098 1793 1130 νεύσεως

1002 1138 1154 1174 ἀπορροίας
1164 1147 1194 1165 τε
1208 1139 1255 1165 καὶ
1268 1139 1445 1170 ἀποπτώσεις
1458 1140 1488 1166 ὲν
1503 1140 1610 1171 ἑαυτοῖς
1624 1140 1793 1175 ὑποστήσαν-

1001 1188 1059 1211 τες,
1074 1181 1115 1211 είς
1130 1180 1246 1215 διάφορά
1271 1189 1300 1207 τε
1325 1181 1372 1207 καὶ
1387 1181 1513 1216 πολυειδῆ
1527 1181 1643 1216 σώματα
1662 1182 1791 1216 μεταγγί-

1003 1221 1097 1254 ζοντες
1126 1221 1230 1253 ταύτας
1247 1223 1294 1248 καὶ
1313 1222 1538 1255 μεταϐάλλοντες,
1556 1223 1604 1250 καὶ
1625 1223 1702 1255 τέλος
1716 1223 1794 1250 κολά-

1003 1271 1073 1290 σεων
1090 1263 1138 1290 καὶ
1152 1263 1289 1298 δαιμόνων
1307 1263 1578 1296 ἀποκατάστασιν,τὺ
1589 1263 1622 1300 δὴ
1636 1263 1803 1299 λεγόμενονί

1001 1305 1056 1330 ἀπὸ
1066 1304 1170 1335 κοιλίας
1184 1304 1372 1339 ἐρευγόμενοι,
1381 1304 1577 1340 ἁθυροστόμως
1587 1305 1793 1340 ἐμυθολόγησαν

999 1346 1046 1372 καὶ
1072 1345 1282 1381 ὲρῥαψῴδησαν.
1303 1345 1384 1372 Ἀλλὰ
1395 1347 1443 1372 καὶ
1455 1345 1506 1380 τὴν
1521 1346 1617 1380 ἕκτην,
1627 1346 1666 1377 ώς
1677 1347 1793 1382 ἀπορρί-

999 1388 1091 1422 ψασάν
1115 1397 1145 1414 τε
1160 1387 1209 1414 καὶ
1236 1388 1453 1414 κατασπάσασαν
1470 1388 1533 1419 τοὺς
1552 1387 1628 1422 ἀμφὶ
1652 1388 1792 1424 Ὀνώριον,

998 1431 1045 1458 καὶ
1055 1432 1179 1466 Σέργιον,
1197 1430 1245 1457 καὶ
1264 1431 1420 1467 Μακάριον,
1444 1431 1509 1462 τοὺς
1524 1430 1720 1465 τερατολόγους
1744 1435 1796 1462 καὶ

998 1473 1178 1508 παράφρονας
1192 1473 1250 1507 ἆμα
1267 1472 1369 1505 αὐτοῖς,
1386 1474 1434 1499 καὶ
1448 1473 1512 1504 τοὺς
1531 1472 1582 1506 τὴν
1596 1472 1688 1499 αὐτῶν
1696 1473 1793 1500 δυσσέ-

158 1513 237 1540 ϐειαν
256 1513 383 1548 ἀκρατῶς
394 1513 657 1548 ὲναπομαξαμένους
673 1514 742 1548 μετά
764 1514 815 1549 τῆς
834 1514 952 1547 ἐκφύλου
971 1514 1020 1541 καὶ
1040 1514 1184 1540 ἀλλοκότου
1204 1513 1294 1540 αὐτῶν
1312 1513 1559 1549 πλασματολογίας·
1571 1514 1602 1540 ἐν
1616 1515 1671 1549 γὰρ
1687 1514 1796 1549 θέλημα

160 1555 206 1581 καὶ
227 1555 290 1589 μίαν
307 1555 446 1590 ἐνέργειαν
459 1554 498 1589 τῷ
513 1555 545 1581 ἐκ
566 1554 612 1581 δύο
626 1555 846 1590 άπαρατρέπτων
867 1555 974 1589 φύσεων
995 1555 1123 1589 πεφυκότι
1138 1554 1248 1589 Χριστῷ
1271 1555 1310 1589 τῷ
1333 1555 1392 1590 Θεῷ
1419 1555 1498 1590 ἡμῶν
1518 1554 1610 1586 κακῶς
1633 1555 1658 1581 oi
1680 1555 1795 1582 δείλαιοι

159 1596 357 1631 ιπιγράφοντο.
385 1596 445 1622 Ἔτι
461 1596 489 1623 δὲ
505 1597 552 1623 καὶ
564 1597 613 1631 τὴν
630 1598 659 1623 ὲν
674 1596 777 1631 Νικαία
787 1596 818 1622 τὸ
834 1596 959 1631 δεύτερον
977 1598 1052 1631 ἱερὰν
1069 1597 1116 1623 καὶ¹
1132 1597 1256 1632 μεγάλην
1273 1597 1382 1624 σύνοδον
1395 1598 1459 1628 τοὺς
1473 1597 1674 1632 Είκονομάχους
1688 1598 1736 1624 καὶ
1750 1596 1797 1624 διὰ

157 1637 237 1663 τοῦτο
257 1637 464 1671 Χριστομάχους
484 1638 532 1664 καὶ
557 1633 791 1671 ἁγιοχατηγόρόυς
814 1637 1074 1664 ἀποσκυϐαλίσασάν
1100 1645 1130 1663 τε
1154 1638 1202 1663 καὶ
1228 1636 1447 1669 καταϐαλοῦσαν,
1460 1637 1508 1663 σὺν
1523 1638 1615 1669 αὐτοῖς
1628 1638 1657 1664 δὲ
1679 1638 1729 1664 καὶ
1741 1639 1794 1673 τὴν

159 1679 308 1714 βδελυκτὴν
333 1679 380 1705 καὶ
402 1678 576 1714 Μανιχαίκὴν
591 1679 681 1705 αὐτῶν
710 1679 828 1714 αἵρεσιν.
844 1679 881 1705 Τὸ
893 1678 947 1713 γὰρ
961 1678 1007 1704 τοῦ
1022 1677 1125 1712 Κυρίου
1142 1677 1222 1712 ήμῶν
1239 1677 1325 1712 Ἰησοῦ
1342 1677 1460 1711 Χριστοῦ
1474 1678 1618 1711 ὁμοούσιον
1631 1679 1696 1712 ἡμῖν
1710 1677 1792 1711 ἅγιον

159 1720 240 1755 σῶμα
260 1720 377 1754 γράφειν
395 1720 538 1750 εἰκονικῶς
554 1719 748 1754 ἐμυσάττοντο·
763 1720 794 1745 τὸ
806 1719 945 1753 ἄγραπτον
957 1718 1004 1745 καὶ
1019 1718 1207 1753 περίγραπτον
1221 1718 1303 1744 αὑτοῦ
1313 1718 1575 1752 καταϐακχεύοντες,
1591 1718 1639 1744 καὶ
1652 1719 1696 1745 διὰ
1711 1718 1795 1748 τοῦτο

160 1761 199 1796 μὴ
221 1759 292 1788 εἶναι
309 1762 374 1796 ἡμῖν
390 1761 534 1795 ὁμοούσιον
557 1761 680 1796 μανικῶς
702 1760 943 1796 συμπεραίνοντες.
962 1760 1069 1791 Ταύτας
1096 1759 1142 1786 οὖν
1155 1761 1204 1791 τὰς
1220 1760 1299 1793 ἁγίας
1313 1760 1361 1786 καὶ
1373 1760 1566 1794 οἰκουμενικὲις
1578 1760 1648 1786 ἑπτὰ
1663 1761 1795 1798 συνόδους

157 1803 334 1838 ἀποδέχομαι,
356 1802 562 1837 ἀναθεματίζων
587 1802 646 1836 μὲν,
662 1801 708 1833 οὓς
723 1802 931 1836 ἀνεθεμάτισαν,
946 1800 1190 1836 κατασπαζόμενος
1214 1801 1243 1827 δὲ
1270 1801 1318 1827 καὶ
1332 1800 1501 1835 μεγαλύνων,
1521 1801 1567 1832 οὒς
1590 1803 1797 1838 ἐπευφήμησαν

195 1834 258 1871 Περεῖ
275 1834 318 1871 est
338 1851 397 1871 mea
413 1834 474 1870 ﬁdei
491 1849 518 1871 et
537 1834 631 1870 eorum
649 1843 695 1878 qui
709 1850 743 1870 eo
761 1834 885 1877 spectant
901 1843 948 1870 de-

1034 1834 1116 1877 Αῧτη-
1139 1843 1218 1878 μουὴ
1245 1843 1295 1877 τῆς
1327 1834 1456 1875 πίστεως,
1479 1844 1526 1870 καὶ
1553 1834 1607 1870 atii":
1628 1834 1673 1876 εἰς.
1687 1834 1795 1880 ταύτην

157 1888 285 1918 claratio,
312 1890 339 1914 et
355 1887 382 1914 in
399 1893 431 1914 ea
452 1894 516 1921 spes
533 1886 641 1917 nititur,
667 1892 722 1912 non
741 1885 808 1912 mihi
823 1885 886 1916 soli,
902 1885 950 1912 sed

1005 1885 1167 1920 ὶνηκόντων,
1181 1887 1229 1912 καὶ
1249 1885 1313 1920 περὶ
1332 1886 1418 1921 αὐτὴν
1436 1886 1630 1920 ὑφισταμένων
1647 1888 1795 1922 ὁμολογία,

157 1929 287 1956 onmibus
301 1929 402 1963 quibus
414 1928 501 1964 pietas
513 1927 589 1955 cordi
606 1932 658 1959 est,
676 1931 703 1954 et
722 1935 797 1962 pum
814 1927 947 1954 Clu-istia-

1005 1926 1047 1953 καὶ
1068 1927 1097 1953 έν
1109 1927 1195 1962 ταύτῃ
1209 1928 1225 1961 ἡ
1242 1928 1330 1960 ἐλπὶς,
1346 1927 1397 1954 οὐκ
1414 1927 1477 1961 ἐμοὶ
1502 1927 1531 1953 δὲ
1548 1927 1639 1962 μόνον,
1657 1928 1726 1956 ἀλλὰ
1742 1930 1795 1956 καὶ

157 1979 255 1999 norum
269 1970 329 1998 ﬁdei
351 1977 429 1997 amor
443 1970 553 1997 insitus.
573 1969 649 1996 lianc
667 1969 750 2005 igitur
767 1969 827 1996 ﬁdei
843 1968 950 2004 profes-

1005 1969 1083 1994 πᾶσιν
1098 1968 1170 2000 ὅσοις
1183 1968 1305 1995 εὐσεϐεῖν
1321 1968 1514 2003 μεμελέτηται,
1535 1969 1583 1994 καὶ
1597 1968 1648 2004 τῆς
1665 1969 1795 2006 καθαρᾶς

158 2013 263 2041 sionem
279 2020 361 2039 manu
381 2020 441 2040 mea
467 2012 598 2046 scriptam
615 2011 755 2038 sanctitati
774 2016 870 2038 vestrm
884 2011 948 2038 mit-

158 2059 255 2086 tentes,
281 2062 435 2089 precamur.
460 2053 494 2080 de
510 2060 596 2085 more,
622 2056 652 2079 ut
672 2060 769 2087 preces
791 2060 840 2087 pro
869 2052 949 2080 nobis

157 2096 278 2123 faciatis.
294 2096 341 2123 Sic
356 2095 429 2123 enim
447 2095 532 2122 Deum
549 2094 697 2129 propitium
713 2093 857 2122 faciemus.
876 2099 903 2120 et
917 2098 948 2120 ut

156 2147 265 2166 omnem
287 2138 479 2165 scandalorum
504 2136 674 2168 radicem,et
695 2143 802 2163 omnem
829 2135 944 2169 lapidem

157 2188 213 2216 quo
232 2179 330 2207 oﬁ‘endi
347 2179 485 2214 possimus
499 2178 616 2213 rejiciat.
627 2177 666 2204 lta
681 2176 772 2204 ﬁdeles
785 2176 945 2204 felicissime

156 2225 330 2257 pascentur;
359 2221 400 2248 sic
419 2228 469 2248 nos
491 2220 542 2255 ipsi
569 2223 745 2255 peccatorum
769 2217 944 2244 multitudine

156 2271 211 2290 non
229 2262 409 2298 itnpetlicmur
421 2263 487 2295 quin
504 2263 531 2290 in
548 2261 657 2288 virtutis
672 2260 768 2287 semita
781 2257 942 2294 progredia-

157 2314 228 2334 mur.
244 2305 351 2332 Utinam
365 2313 416 2340 ego
429 2312 537 2339 semper
545 2304 643 2331 faciam
657 2307 683 2329 et
691 2302 779 2329 dicam
794 2308 855 2335 quze
868 2308 942 2328 sana:

155 2349 288 2376 doctrina:
305 2352 368 2376 sunt
383 2357 390 2381 ;
419 2348 522 2375 utinam
544 2347 582 2374 illi
599 2354 629 2373 se
645 2345 679 2373 ad
696 2346 812 2373 salutent
829 2344 941 2379 perduci

155 2392 258 2423 sinant,
267 2390 443 2425 Christoque,
455 2389 502 2423 qui
518 2388 639 2415 omnimn
656 2391 698 2414 est
711 2390 804 2419 caput,
819 2385 942 2412 studiose

155 2433 310 2459 adhaereant
326 2439 334 2465 ;
351 2431 394 2458 cui
408 2431 494 2466 gloria
503 2435 529 2457 et
539 2428 673 2459 fortitudo
687 2428 767 2455 simul
781 2434 843 2454 cum
862 2426 942 2453 Patre

154 2480 180 2501 et
197 2474 300 2508 Spiritu
322 2478 430 2506 sancto,
448 2471 576 2499 Trinitali
598 2469 827 2498 consubstantiali
847 2489 856 2501 ,
879 2468 941 2495 vita:

997 2010 1045 2036 καὶ
1060 2010 1207 2045 ἀκιϐδήλου
1232 2010 1311 2044 δόξης
1335 2009 1390 2036 τῶν
1419 2009 1592 2044 Χριστιανῶν
1620 2009 1692 2042 θεῖος
1717 2011 1794 2046 ἔρως

997 2051 1193 2086 προσπέφυκεν
1205 2051 1324 2086 ἔχεσθαι.
1338 2050 1447 2086 Ταύτην
1460 2049 1507 2077 οὖν
1526 2051 1604 2086 ἡμῶν
1617 2052 1666 2086 τὴν
1683 2051 1791 2086 ῑγγρα-

998 2102 1047 2128 φον
1062 2093 1111 2128 τῆς
1137 2093 1255 2123 πίστεως
1282 2093 1431 2127 ὁμολογίαν
1455 2092 1669 2129 ὑποστήσαντες,
1694 2094 1740 2122 καὶ
1755 2095 1792 2130 τῇ

996 2134 1076 2170 ἡμῶν
1090 2134 1213 2169 πανιέρῳ
1237 2134 1355 2170 ῑερότητι
1369 2134 1404 2161 τὰ
1427 2135 1489 2161 καθ’
1500 2135 1575 2170 ἡμᾶς
1595 2135 1633 2168 ὡς
1648 2137 1678 2163 ὲν
1693 2133 1794 2163 πίνακι.

995 2175 1224 2211 διαχαράττοντες
1237 2176 1294 2207 τοῖς
1312 2175 1403 2209 λόγοις
1415 2176 1658 2212 άνιστορήσαντες,
1673 2177 1743 2213 ὅπερ
1757 2178 1793 2213 δὴ

995 2216 1124 2245 πολλάκις
1131 2216 1304 2252 ᾐτησάμεθα,
1312 2216 1366 2242 τῶν
1376 2216 1517 2252 ὑμετέρων
1530 2217 1692 2252 ὲπιδεόμεθα
1701 2227 1794 2253 προσ-

993 2258 1090 2293 ευχῶν,
1105 2258 1169 2284 Θεὸν
1184 2257 1234 2292 μὲν
1251 2257 1328 2284 ἵλεων
1350 2259 1395 2284 καὶ
1409 2258 1509 2293 εὐμενῆ
1521 2259 1565 2293 ἐφ’
1579 2257 1620 2290 οἷς
1630 2268 1660 2286 τε
1669 2260 1794 2295 πράττο-

993 2300 1104 2334 μεν,καὶ
1114 2299 1331 2335 διεπραξάμεθα,
1344 2300 1418 2335 ἡμᾶς
1428 2301 1657 2335 ὲφευρεῖν.πᾶσαν
1663 2301 1692 2327 δὲ
1703 2310 1795 2328 σκαν-

992 2342 1080 2369 δάλων
1097 2342 1174 2376 ῥίζαν
1199 2342 1247 2368 καὶ
1273 2341 1378 2376 πέτραν
1403 2342 1615 2377 προσκόμματος
1642 2344 1674 2369 ὲκ
1698 2343 1794 2370 ποδῶν

991 2378 1166 2416 γεγενημένα
1189 2382 1239 2416 τῆς
1261 2380 1494 2416 ἔκκλησιαστικῆς
1507 2381 1635 2413 εὐταξίας
1645 2382 1771 2417 καθορᾷν
1783 2391 1793 2399 ·

991 2421 1185 2457 ποιμαίνεσθαί
1199 2430 1229 2448 τε
1241 2422 1331 2454 καλῶς
1340 2422 1373 2449 τὸ
1384 2422 1514 2456 ὑπήκοον,
1531 2422 1569 2457 μὴ
1576 2421 1615 2457 τῷ
1623 2422 1720 2457 πλήθει
1732 2423 1795 2449 τῶν

991 2465 1132 2500 ἡμετέρων
1145 2464 1354 2499 ἁμαρτημάτων
1369 2462 1418 2499 τὴν
1433 2463 1545 2490 ἐκείνων
1557 2464 1602 2490 ἐπ’
1611 2464 1707 2499 ἀγαθῷ
1718 2473 1795 2498 προ-

155 2501 234 2547 hnni,
242 2524 314 2542 nunc
323 2519 350 2542 et
360 2523 469 2549 semper
477 2519 504 2541 ct
513 2514 538 2541 in
551 2513 650 2540 saecula
660 2511 935 2540 szeculorumAmen.
951 2527 952 2530 η

1005 2507 1076 2541 ηοπὴν
1086 2505 1296 2537 ἀνακόπτεσθαι,
1314 2504 1353 2536 ώς
1359 2503 1491 2549 Δἐντεῦθεν
1502 2505 1569 2549 ήμζν
1574 2505 1795 2549 -πολλαπλάσιον

160 2558 184 2584 τὸ
198 2545 349 2592 ἁμάρτημα
360 2545 595 2591 κατάγράφεσθαι.
604 2554 735 2589 ,Αλλνετην
751 2554 799 2588 μὲν
810 2553 900 2584 αὐτοῖς
914 2551 1002 2585 εγωγε
1011 2548 1057 2574 καὶ
1065 2547 1159 2592 ποιῶν,
1171 2547 1217 2592 καὶ
1227 2546 1313 2580 λέγων
1322 2547 1350 2592 ὲν
1357 2545 1560 2592 διδασκαλίᾳ-τά
1571 2546 1676 2592 δέοντα,
1689 2548 1732 2581 εἴη
1738 2555 1794 2592 σειν

153 2599 181 2626 δὲ
195 2586 240 2626 καὶ
255 2586 331 2625 αὐτοὶ
341 2586 473 2629 εὐπειθῶς
486 2586 515 2623 τε
529 2596 575 2622 καὶ
585 2595 698 2630 εὐηνίως
710 2586 776 2628 προς
791 2594 840 2629 τὴν
855 2592 958 2620 ἑαυτῶν
971 2589 1107 2624 σωτηρίαν
1117 2587 1348 2630 ἀναγόμενοι.ῗκαὶ
1362 2587 1473 2630 Χριστῷ
1491 2588 1525 2622 τῇ
1548 2587 1657 2630 πάντων
1673 2586 1794 2630 κεφαλῇ

154 2640 300 2675 προσφυῶς
314 2627 604 2673 συναρμολογούμενοι,
620 2627 653 2671 τῇ
667 2627 749 2661 αὐτοῦ
762 2627 1009 2675 φιλάνθρωπίᾳγκαὶ
1019 2631 1192 2675 χρηστότητι.
1209 2627 1243 2675 ᾯ
1256 2629 1349 2675 quas
1363 2629 1412 2675 καὶἰ
1420 2629 1454 2675 τὸ
1469 2630 1569 2675 κράτος
1580 2629 1639 2675 άμα
1651 2628 1798 2675 “pulla-fg!

155 2669 201 2709 κάξ
214 2669 253 2717 τῷ
265 2681 335 2716 ἁγιῳ
344 2669 491 2716 Ηνὲῦματί,
504 2669 537 2716 τῇ
548 2669 688 2714 ζωαρχικῇ
704 2677 750 2703 καὶ
760 2674 999 2710 ὀμοουσίῳΤριάδι,
1012 2674 1059 2701 νῦν
1072 2673 1119 2701 καὶ
1129 2672 1184 2704 ἀεὶ,
1199 2671 1246 2698 καὶ
1257 2672 1295 2701 είς
1305 2671 1368 2702 τοὺς
1385 2670 1484 2702 αἰῶνας
1495 2670 1548 2698 τῶν
1562 2669 1678 2698 αἰώνων.
1687 2669 1794 2704 Ἀμήν.

659 2736 756 2766 FINIS
776 2735 868 2765 TOMI
888 2733 1091 2764 CENTESIMI
1111 2731 1280 2761 SECUNDI.

1190 2783 1316 2810 Parisiis.
1333 2794 1366 2802 ——
1379 2783 1418 2810 Ex
1435 2783 1506 2819 typis
1521 2782 1637 2810 inuam.

882 2828 925 2862 ς
